2034 3328
667 109 1044 159 ΙΣΤΟΡΙΩΝ
1109 110 1149 159 Ε
1787 113 1850 163 V.
1878 127 1952 178 90

82 241 505 309 Πεισιστρατίδας
536 239 803 309 συμφορὴν
840 242 1095 293 ἐποιεῦντο
1132 239 1331 307 διπλήν,
1367 242 1444 295 ὅτι
1478 264 1533 296 τε
1568 242 1749 310 ἄνδρας

81 324 273 392 ξείνους
304 326 462 393 σφίσι
492 325 667 379 ἐόντας
696 322 1073 390 ἐξεληλάκεσαν
1102 328 1158 378 ἐκ
1187 329 1275 391 τῆς
1306 328 1525 387 ἐκείνων,
1559 329 1640 380 καὶ
1671 329 1749 379 ὅτι

81 414 234 463 ταῦτα
282 407 526 474 ποιήσασι
570 408 717 478 χάρις
762 409 964 476 οὐδεμία
1009 412 1242 477 ἐφαίνετο
1286 410 1408 478 πρὸς
1452 411 1746 477 Ἀθηναίων.

82 494 156 546 ἔτι
190 515 245 547 τε
283 493 407 561 πρὸς
449 493 676 546 τούτοισι
721 494 901 561 ἐνῆγόν
936 502 1112 562 σφεας
1157 497 1202 546 οἱ
1247 496 1470 562 χρησμοὶ
1511 495 1749 563 λέγοντες
1786 518 1812 549 2

35 601 58 641 5
82 577 252 631 πολλά
286 599 341 630 τε
379 578 458 630 καὶ
495 577 713 645 ἀνάρσια
748 578 960 630 ἔσεσθαι
998 579 1192 631 αὐτοῖσι
1231 577 1291 642 ἐξ
1323 569 1749 645 Ἀθηναίων,“τῶν

82 663 325 731 πρότερον
352 653 445 728 μὲν
481 661 613 728 ἦσαν
643 662 833 723 ἀδαέες,
865 663 979 715 τότε
1014 666 1067 715 δὲ
1104 663 1414 729 Κλεομένεος
1452 666 1749 729 κομίσαντος

82 749 134 802 ἐς
172 746 408 815 Σπάρτην
448 745 709 813 ἐξέμαθον.
797 747 1045 813 ἐκτήσατο
1087 751 1140 801 δὲ
1180 750 1207 799 ὁ
1240 748 1526 813 Κλεομένης
1567 751 1620 800 ἐκ
1660 752 1748 814 τῆς

67 831 361 907 ’Ἀθηναίων
404 833 707 900 ἀκροπόλιος
756 831 870 887 τοὺς
917 834 1191 900 χρησμούς,
1240 833 1353 886 τοὺς
1400 833 1604 898 ἔκτηντο
1656 837 1749 899 μὲν

81 918 324 985 πρότερον
354 919 402 969 οἱ
433 918 870 985 Πεισιστρατίδαι,
896 916 1276 983 ἐξελαυνόμενοι
1305 920 1359 969 δὲ
1390 917 1566 971 ἔλιπον
1598 920 1651 970 ἐν
1680 923 1747 988 τῷ

9 1021 61 1050 ιο
84 1003 188 1072 ἱρῷ·
234 1001 662 1070 καταλειφθέντας
691 1004 745 1054 δὲ
777 1002 804 1052 ὁ
834 1001 1123 1067 Κλεομένης
1153 1001 1392 1068 ἀνέλαβε.
1468 1004 1582 1055 τότε
1606 1006 1659 1055 δὲ
1684 1003 1748 1055 ὡς
1789 1022 1849 1069 91

82 1084 339 1152 ἀνέλαβον
376 1089 424 1139 οἱ
457 1087 847 1152 Λακεδαιμόνιοι
886 1086 1002 1140 τοὺς
1042 1085 1302 1155 χρησμοὺς
1339 1087 1418 1138 καὶ
1453 1087 1567 1140 τοὺς
1598 1086 1746 1152 Ἀθη-

84 1171 251 1224 ναίους
308 1171 450 1238 ὥρων
506 1169 807 1237 αὐξομένους
872 1170 950 1222 καὶ
1008 1171 1234 1236 οὐδαμῶς
1293 1172 1517 1236 ἑτοίμους
1576 1172 1749 1224 ἐόντας

83 1256 346 1308 πείθεσθαι
387 1256 558 1324 σφίσι,
598 1256 696 1326 νόῳ
723 1256 989 1321 ’λαβόντες
1026 1255 1092 1309 ὡς
1133 1255 1396 1322 ἐλεύθερον
1436 1259 1528 1320 μὲν
1568 1255 1652 1308 ἐὸν
1693 1255 1750 1308 τὸ

83 1338 228 1408 γένος
266 1339 325 1392 τὸ
359 1339 588 1393 Ἀττικὸν
626 1337 895 1408 ἰσόρροπον
930 1345 998 1410 τῷ
1035 1343 1228 1392 ἑωυτῶν
1269 1339 1331 1392 ἂν
1368 1341 1572 1406 γίνοιτο,
1608 1361 1747 1392 κατε-

10 1449 25 1478 ι
36 1448 58 1490 5
83 1426 300 1494 χόμενον
315 1427 369 1478 δὲ
382 1425 480 1478 ὑπὸ
493 1426 780 1498 τυραννίδος
800 1426 1009 1479 ἀσθενὲς
1028 1425 1107 1476 καὶ
1126 1424 1515 1492 πειθαρχέεσθαι
1535 1426 1748 1490 ἕτοιμον,

81 1509 326 1576 μαθόντες
373 1505 465 1575 [δὲ]
509 1509 699 1562 τούτων
750 1510 939 1561 ἕκαστα
988 1509 1364 1575 μετεπέμποντο
1414 1509 1613 1575 Ἱππίην
1664 1509 1749 1561 τὸν

84 1593 458 1662 Πεισιστράτου
488 1593 587 1672 ἀπὸ
616 1595 816 1661 Σιγείου
846 1598 933 1645 τοῦ
961 1596 1016 1646 ἐν
1045 1593 1416 1663 Ἑλλησπόντῳ
1449 1591 1517 1660 [ἐς
1542 1593 1567 1644 ὃ
1600 1615 1747 1645 κατα-

85 1678 334 1746 φεύγουσι
364 1681 410 1733 οἱ
442 1675 893 1746 Πεισιστρατίδαι].
961 1679 1125 1730 ἐπείτε
1149 1678 1204 1729 δέ
1227 1686 1325 1745 σφι
1354 1677 1549 1743 Ἱππίης
1575 1679 1750 1730 καλεό-
1790 1693 1815 1725 2

83 1784 233 1828 μενος
291 1763 395 1829 ἧκε,
444 1762 893 1830 μεταπεμψάμενοι
953 1763 1031 1814 καὶ
1090 1767 1188 1814 τῶν
1245 1762 1415 1814 ἄλλων
1476 1762 1751 1830 συμμάχων

11 1871 65 1899 20
85 1846 334 1915 ἀγγέλους
369 1848 550 1915 ἔλεγόν
586 1854 691 1915 σφι·
722 1850 1029 1914 Σπαρτιῆται
1064 1846 1197 1899 τάδε·
1238 1845 1446 1913 Ἀνδρες
1477 1847 1747 1914 σύμμαχοι,

86 1933 499 2000 συγγινώσκομεν
528 1932 726 1984 αὐτοῖσι
749 1932 866 1998 ἡμῖν
890 1931 946 1983 οὐ
971 1930 1215 1995 ποιήσασι
1238 1932 1410 1997 ὀρθῶς·
1456 1930 1752 1998 ἐπαρθέντες

85 2017 183 2084 γὰρ
224 2015 516 2083 κιβδήλοισι
554 2017 841 2082 μαντηίοισι
883 2015 1062 2082 ἄνδρας
1103 2013 1293 2079 ξείνους
1331 2016 1504 2084 ἐόντας
1538 2016 1654 2081 ἡμῖν
1690 2017 1962 2111 τᾶωω
2001 2071 2034 2098 ⁶

84 2099 308 2166 μάλιστα
332 2101 411 2152 καὶ
435 2099 823 2166 ἀναδεκομένους
845 2101 1133 2168 ὑποχειρίας
1156 2096 1390 2166 παρέξειν
1412 2101 1500 2153 τὰς
1520 2099 1750 2165 Ἀθήνας,
1765 2125 1885 2179 Q
1905 2133 1933 2166 ⁵
2009 2126 2034 2155 ·ι

86 2184 289 2239 τούτους
312 2187 366 2237 ἐκ
396 2188 484 2251 τῆς
514 2186 748 2251 πατρίδος
780 2183 1113 2250 ἐξηλάσαμεν,
1141 2184 1221 2235 καὶ
1252 2184 1423 2235 ἔπειτα
1452 2182 1754 2248 ποιήσαντες

12 2292 61 2333 25
86 2273 239 2322 ταῦτα
278 2268 412 2340 δήμῳ
457 2270 715 2339 ἀχαρίστῳ
758 2269 1113 2336 παρεδώκαμεν
1156 2268 1247 2333 τὴν
1288 2269 1453 2327 πόλιν,
1497 2267 1550 2323 ὃς
1590 2269 1753 2320 ἐπείτε

91 2357 111 2371 ‘x
135 2353 148 2371 9
180 2354 194 2372 G
253 2353 266 2374 Ι
363 2356 376 2373 Ἱ

87 2369 133 2406 οι
169 2375 324 2420 ημεας
354 2346 970 2421 ελευθερωθεὶςάνέκυψε,
995 2352 1149 2419 ἡμέας
1178 2355 1271 2418 μὲν
1302 2352 1381 2404 καὶ
1411 2352 1499 2405 τὸν
1527 2347 1753 2418 βασιλέα

85 2437 250 2504 ἡμέων
296 2439 626 2506 περιυβρίσας
673 2435 906 2503 ἐξέβαλε,
954 2437 1420 2513 δόξαν-ῥὲ-φύσας
1471 2427 2034 2555 αὐξάνεταιώᾝνῆ

146 2589 164 2616 1
197 2578 347 2627 διπλὴν
366 2575 476 2616 CV:
506 2578 656 2624 διπλῆν
676 2574 766 2615 rell.
881 2574 925 2615 δὲ
948 2575 982 2613 C
1149 2587 1175 2613 2
1206 2583 1279 2626 σφι
1303 2574 1430 2614 PSV
1446 2574 1485 2614 U
1652 2588 1677 2624 4
1707 2573 1753 2615 δὲ

91 2630 290 2680 Krueger
470 2631 497 2669 8
527 2629 750 2679 ἐκέκτηντο
771 2629 808 2668 Α
824 2629 859 2668 Β
876 2630 957 2668 SV
1150 2642 1199 2668 12
1231 2630 1375 2683 ἐῶρεον
1398 2629 1431 2668 Ρ
1449 2644 1458 2669 :
1490 2630 1670 2683 ἐσώρεων
1691 2629 1750 2668 C:

87 2698 168 2726 om.
193 2684 274 2725 SV
288 2685 327 2724 U
509 2696 558 2734 13
586 2684 800 2725 πείσεσθαί
820 2683 854 2723 C
966 2692 1084 2736 σφισι
1108 2683 1142 2722 Ρ
1161 2697 1332 2734 quoque
1516 2697 1565 2734 14
1597 2685 1645 2726 ἂν
1666 2697 1747 2723 om.

87 2739 129 2779 A
141 2740 176 2779 B
191 2739 226 2780 C
240 2739 274 2779 P
400 2738 561 2792 ’γένοιτο
583 2739 618 2779 C
632 2738 666 2778 P
803 2738 1072 2790 κατεχόμενοι
1094 2738 1125 2778 S
1137 2738 1177 2777 V
1345 2734 1355 2746 ⁸
1400 2751 1449 2788 15
1480 2739 1554 2780 ὑπό
1572 2756 1645 2780 του
1672 2738 1701 2778 S
1714 2739 1754 2778 V

88 2795 288 2848 τυραννίδι
319 2793 442 2847 S[V]
630 2794 680 2831 16
719 2792 764 2834 δὲ
794 2805 878 2832 om.
911 2792 1092 2833 PSVU
1251 2792 1345 2845 τὸν]
1387 2797 1472 2835 τῶν
1499 2794 1566 2833 V:
1596 2807 1677 2833 om.
1712 2793 1751 2832 U

94 2861 141 2900 17
171 2850 311 2902 Σιγίου
329 2849 418 2888 ΑΒ
434 2849 468 2888 C
582 2851 647 2891 ἐς.
667 2877 678 2888 .
698 2878 708 2890 .
729 2855 844 2889 Πεισ.
867 2846 950 2887 del.
972 2846 1224 2898 Wesseling
1365 2849 1415 2887 18
1444 2847 1489 2890 δέ
1507 2861 1590 2888 οῐη.
1617 2848 1697 2888 SV
1714 2848 1752 2886 U

89 2916 144 2943 20
173 2914 292 2956 σφισι
324 2903 514 2944 ABCP
732 2915 785 2952 23
824 2902 1076 2955 ὑποχειρίους
1106 2901 1188 2942 SV
1408 2914 1461 2953 25
1503 2907 1634 2944 ταῦτα
1667 2916 1749 2943 om.

92 2957 126 2995 P
139 2957 170 2998 S
181 2958 220 2997 V
235 2958 272 2996 U
385 2961 462 3008 τὴν
481 2957 603 2998 πόλιν
621 2958 904 3011 παρεδώκαμεν
923 2956 964 2995 Α
977 2956 1012 2995 Β
1028 2956 1062 2996 C
1228 2969 1278 3008 27
1309 2957 1420 3009 ἡμῶν
1440 2957 1479 2996 Α
1494 2956 1529 2995 Β
1542 2958 1576 2996 C
