2132 3340
123 45 209 98 IX,
236 59 327 109 107
991 46 1422 95 HPOAOTOT

327 164 436 247 [τῷ
485 175 633 229 πάθεϊ
681 182 748 247 τῷ
797 170 1046 245 γεγονότῦ
1085 177 1172 229 τὸν
1219 177 1500 245 στρατηγὸν
1548 178 1847 246 Ἀρταΰντην
1893 179 2040 249 ἔλεγε

368 261 537 313 πολλά
566 282 621 313 τε
658 262 737 314 καὶ
774 261 913 321 κακά,
949 261 1082 313 ἄλλα
1116 283 1169 314 τε
1207 262 1286 314 καὶ
1316 262 1545 329 γυναικὸς
1583 264 1731 316 κακίω
1762 265 1863 332 φὰς
1893 263 2040 319 αὐτὸν

369 347 494 398 εἶναι
523 350 723 398 τοιαῦτα
760 344 1201 414 στρατηγήσαντα,
1237 346 1316 398 καὶ
1353 344 1492 410 ἄξιον
1523 348 1647 400 εἶναι
1677 348 1860 402 παντὸς
1891 354 2041 401 κακοῦ

367 430 453 481 τὸν
493 429 741 495 βασιλέος
784 431 920 482 οἶκον
966 431 1278 483 κακώσαντα.
1367 434 1499 498 παρὰ
1541 435 1593 484 δὲ
1633 426 1767 484 τοῖσι
1806 432 2041 505 Πέρσῃσι

0 518 254 587 ὴῆκδκ·
301 537 327 568 2
367 514 595 581 γυναικὸς
634 515 783 566 κακίω
821 516 1029 567 ἀκοῦσαι
1071 514 1240 568 δέννος
1278 514 1518 582 μέγιστός
1561 518 1687 569 ἐστι.
1776 519 1802 567 6
1838 519 1892 569 δὲ
1933 517 2040 570 ἐπεὶ
2063 542 2087 584 5

365 601 532 651 πολλὰ
561 598 760 664 ἤκουσε,
794 602 930 651 δεινὰ
977 600 1264 664 ποιεύμενος
1305 603 1492 652 σπᾶται
1507 602 1610 681 (ἐπὶ
1646 599 1734 653 τὸν
1764 580 2072 670 Μασίστηῷ

364 687 452 734 τὸν
472 682 720 748 ἀκινάκην,
745 685 1031 735 ἀποκτεῖναι
1064 683 1238 736 θέλων.
1311 685 1393 736 καί
1411 706 1495 750 μιν
1517 683 1775 737 ἐπιθέοντα
1796 686 2096 759 ςρρασθεὶςῗι
2124 702 2131 707 “

365 769 675 834 Ξειναγόρης
700 769 725 818 6
749 767 1009 834 Πρηξίλεω
1039 767 1161 834 ἀνὴρ
1180 763 1624 834 Ἁλικαρνησσεύς,
1651 771 1831 821 ὄπισθε
1855 771 2040 824 ἑστεὼς

364 851 512 903 αὐτοῦ
546 851 870 917 Ἀρταΰντεω,
911 852 1116 919 ἁρπάζει
1160 852 1318 917 μέσον
1359 852 1438 903 καὶ
1480 852 1657 918 ἐξάρας
1693 854 1827 905 παίει
1846 848 1915 934 (ἐς
1949 853 2039 918 τὴν

363 922 482 1003 γῆν)
524 937 603 988 καὶ
635 938 688 987 ἐν
718 937 873 1007 τούτῳ
907 939 952 988 οἱ
984 937 1255 1003 δορυφόροι
1279 934 1364 1002 [οἱ]
1393 939 1671 989 Μασίστεω
1702 936 2036 1004 προέστησαν.
2066 961 2118 991 10

301 1039 326 1082 3
365 1022 391 1070 6
422 1023 475 1072 δὲ
509 1022 815 1087 Ξειναγόρης
845 1025 998 1072 ταῦτα
1035 1020 1288 1088 ἐργάσατο
1329 1020 1511 1088 χάριτα
1547 1021 1677 1091 αὐτῷ
1709 1043 1763 1073 τε
1794 1023 2040 1094 Μασίστῃ

365 1104 617 1169 τιθέμενος
648 1105 727 1156 καὶ
753 1103 932 1176 Ξέρξῃ,
964 1102 1186 1197 ἐνίσῴζων
1213 1109 1300 1156 τὸν
1328 1106 1578 1171 ἀδελφεὸν
1599 1105 1686 1156 τὸν
1712 1107 1914 1157 ἐκείνου
1962 1106 2040 1157 καὶ

366 1191 446 1239 διὰ
475 1194 617 1240 τοῦτο
648 1188 703 1240 τὸ
735 1189 880 1256 ἔργον
917 1190 1223 1255 Ξειναγόρης
1260 1193 1488 1254 Κιλικίης
1521 1188 1687 1254 πάσης
1719 1188 1833 1255 ἦρξε
1870 1190 2040 1243 δόντος

365 1272 627 1337 βασιλέος.
716 1279 815 1325 τῶν
846 1277 899 1326 δὲ
939 1273 1040 1325 κατ’
1075 1273 1189 1324 ὁδὸν
1222 1273 1566 1340 πορευομένων
1606 1273 1748 1325 οὐδὲν
1779 1274 1852 1325 ἔτι
1883 1273 2039 1326 πλέον

364 1357 551 1408 τούτων
592 1357 806 1424 ἐγένετο,
850 1358 967 1410 ἀλλ’
1008 1357 1325 1410 ἀπικνέονται
1365 1360 1416 1412 ἐς
1457 1357 1651 1424 Σάρδις.
1742 1359 1796 1409 ἐν
1833 1360 1886 1410 δὲ
1922 1365 2040 1430 τῇσι
2066 1379 2113 1420 15

367 1440 576 1507 Σάρδισι
600 1443 842 1510 ἐτύγχανε
862 1443 956 1494 ἐὼν
979 1442 1227 1507 βασιλεὺς
1252 1441 1311 1505 ἐξ
1332 1443 1518 1494 ἐκείνου
1541 1447 1628 1493 τοῦ
1652 1443 1848 1510 χρόνου,
1876 1442 2040 1494 ἐπείτε

366 1525 425 1590 ἐξ
450 1525 701 1591 Ἀθηνέων
732 1527 1080 1593 προσπταίσας
1101 1514 1174 1599 (τῇ
1206 1528 1451 1598 ναυμαχίῃ
1470 1523 1658 1594 )φυγὼν
1691 1528 1911 1579 ἀπίκετο.

231 1614 326 1660 108
448 1611 576 1662 Τότε
615 1610 672 1675 δη
709 1613 762 1662 ἐν
802 1619 921 1684 τῇσι
963 1610 1172 1678 Σάρδισι
1211 1612 1305 1662 ἐὼν
1337 1607 1468 1677 [ἄρα]
1498 1610 1593 1678 ἤρα
1633 1615 1722 1676 τῆς
1758 1610 2036 1662 Μασίστεω

365 1696 610 1760 γυναικός,
634 1695 814 1760 ἐούσης
835 1697 914 1747 καὶ
933 1696 1111 1760 ταύτης
1135 1698 1356 1747 ἐνθαῦτα.
1428 1695 1492 1749 ὡς
1512 1695 1566 1747 δέ
1591 1698 1636 1747 οἱ
1656 1694 2036 1761 προσπέμποντι

93 1824 338 1879 φάμ’,
365 1778 451 1829 οὐκ
484 1779 688 1831 ἐδύνατο
720 1782 1131 1846 κατεργασθῆναι,
1160 1779 1272 1832 οὐδὲ
1308 1781 1430 1845 βίην
1454 1779 1737 1847 προσέφερε
1740 1780 2033 1849 -πρρμηθ-εῴ
2063 1799 2114 1854 23

0 1847 81 1875 Ν
363 1884 510 1935 μὲν-ος
540 1859 628 1923 kim
658 1864 909 1931 ἀδελφεὸν
933 1860 1413 1929 Μασίστηνχτώυτὸ
1443 1866 1495 1916 δὲ
1530 1869 1673 1915 τοῦτο
1705 1864 1810 1931 εἶχε
1843 1863 1923 1914 καὶ
1946 1852 2132 1931 rhum

364 1952 585 2013 γυναῖκα·
634 1948 686 2000 εὖ
722 1950 816 2015 γὰρ
853 1950 1095 2000 ἐπίστατο
1136 1949 1254 2013 βίης
1293 1949 1350 2001 οὗ
1386 1947 1685 2017 τευξομένη),
1727 1950 1938 1999 ἐνθαῦτα
1975 1946 2034 2011 δὴ

366 2029 557 2098 Ξέρξης
588 2033 852 2099 ἐργόμενος
869 2018 980 2097 (τῶν
1012 2020 1433 2101 ἄλλων>τρήσσει
1463 2032 1550 2085 τὸν
1581 2032 1742 2099 γάμον
1765 2036 1939 2083 τοῦτον
1968 2035 2035 2100 τῷ

363 2117 500 2167 παιδὶ
547 2121 614 2186 τῷ
663 2119 843 2168 ἑωυτοῦ
893 2118 1105 2186 Δαρείῳ,
1162 2116 1405 2184 θυγατέρα
1452 2120 1538 2181 τῆς
1677 2115 1812 2170 αικὸς
1857 2115 2036 2210 roga-‘vys-

367 2199 444 2251 καὶ
482 2202 779 2260 Μασίστεω,
812 2200 996 2252 δοκέων
1036 2200 1187 2265 αὐτὴν
1223 2205 1420 2266 μᾶλλον
1455 2138 1753 2267 λάμὲέἒσξθᾶἶ
1768 2171 2036 2264 ἣγῧνταῦτα
2061 2217 2109 2258 ²5

301 2303 326 2335 2
367 2282 572 2356 ποιήσῃ.
661 2285 887 2351 ἁρμόσας
917 2288 969 2337 δὲ
1002 2285 1080 2336 καὶ
1109 2287 1171 2336 τὰ
1207 2286 1504 2350 νομιζόμενα
1533 2283 1748 2349 ποιήσας
1780 2282 2035 2348 ἀπήλαυνε

370 2370 420 2421 ἐς
445 2372 626 2421 Σοῦσα.
696 2370 803 2421 ἐπεὶ
835 2372 888 2421 δὲ
918 2368 1084 2422 ἐκεῖσέ
1112 2390 1167 2421 τε
1197 2370 1399 2421 ἀπίκετο
1425 2369 1503 2420 καὶ
1525 2367 1741 2435 ἠγάγετο
1773 2369 1824 2421 ἐς
1854 2369 2036 2419 ἑωυτοῦ

426 2517 451 2555 7
492 2504 622 2548 θέλων
655 2519 737 2546 om.
774 2507 865 2546 SV
1046 2508 1072 2545 8
1112 2509 1133 2548 ὅ
1166 2513 1268 2556 Πρη-
1305 2519 1386 2545 om.
1410 2506 1460 2558 'R
1601 2504 1901 2559 Αλικαρνησεῦς
1935 2504 1970 2543 C
1993 2505 2034 2543 R

371 2558 455 2599 SV
565 2560 730 2602 ὄπισθεν
761 2561 900 2600 PRV
1091 2574 1117 2610 9
1158 2561 1310 2614 ἐξαίρας
1338 2560 1428 2598 ΑΒ
1630 2573 1681 2599 10
1719 2562 1755 2600 οἱ
1782 2572 1863 2599 om.
1899 2558 2036 2599 RSV

375 2627 425 2664 13
464 2616 610 2664 Λυκίης
642 2615 844 2665 Krueger
971 2614 1104 2663 πάσης
1133 2614 1225 2668 ’ἦρξε
1256 2614 1438 2662 Κιλικίης
1469 2614 1503 2652 Ρ
1672 2627 1718 2663 14
1759 2612 2034 2665 πορευομένων

373 2669 586 2722 βαρβάρων
608 2670 647 2708 R
664 2670 694 2709 S
708 2670 747 2709 V
876 2670 939 2709 ἐπὶ
964 2668 1136 2708 Werfer
1318 2682 1364 2718 15
1399 2667 1563 2720 ἐγένετο
1583 2668 1739 2709 τούτων
1759 2668 1792 2706 C
1809 2668 1843 2706 P
1967 2667 2031 2718 ἐν]

377 2725 441 2764 ἐπὶ
464 2724 504 2762 R
520 2724 550 2762 S
565 2725 602 2762 V
737 2726 786 2763 16
815 2723 1015 2776 Σάρδησιν
1036 2724 1074 2761 R
1092 2724 1153 2773 (it.
1180 2724 1245 2774 18)
1269 2723 1348 2777 [V]
1485 2735 1531 2771 17
1563 2723 1779 2771 Ἀθηναίων
1799 2722 1882 2761 BC
1897 2721 1933 2760 R
1951 2721 2033 2761 SV

378 2779 428 2817 18
470 2777 515 2819 δὲ
555 2779 693 2819 RSV
860 2779 934 2828 ἄρα
972 2777 1055 2817 del.
1096 2778 1233 2816 Cobet
1400 2777 1469 2829 ἔρα
1505 2777 1670 2817 RSV:
1716 2775 1870 2830 ἠράσθη
1909 2776 2030 2815 Stein

377 2845 431 2872 20
457 2832 732 2887 προσεφέρετο
753 2832 793 2871 Α
807 2833 842 2871 Β
857 2833 891 2871 C
907 2833 940 2871 P
1096 2846 1148 2871 22
1178 2833 1222 2873 εὖ
1241 2849 1287 2872 τε
1307 2833 1386 2885 γὰρ
1410 2831 1495 2871 PR
1510 2831 1591 2871 SV
1748 2844 1800 2881 27
1832 2829 1968 2872 ἐκεῖσέ
1983 2847 2031 2871 τε

379 2885 676 2929 Herwerden:
709 2890 842 2929 ἐκεῖσε
865 2887 1072 2926 PRSV:
1106 2890 1193 2927 ἐκεῖ
1207 2904 1254 2928 τε
1274 2885 1410 2926 ABC
1809 2889 1820 2896 '

451 3027 755 3091 ὧὲςέννοςῃ
778 3060 821 3086 Ν
843 3037 1055 3105 pem-exc&

442 3100 472 3157 Ο(
505 3095 694 3153 ommni&
707 3123 768 3163 ης]
800 3122 874 3143 κς
893 3107 1184 3148 ‘nos-femore(

1356 2987 1421 3076 «ἦ»
1438 2988 1511 3072 *A
1529 3007 1607 3062 ξω
1633 3013 2064 3083 ,ς-ιωειθεπιὰιη

486 3172 662 3223 «παίωὶ
691 3182 841 3221 draevo

483 3279 561 3327 uf»
589 3259 1036 3340 μηθέομωιίὶζττῖυῐ
1064 3266 1207 3314 ’ἔλιζέυ
