2132 3340
19 586 41 626 5

0 1008 43 1036 [Ο

0 1430 41 1470 ¹5

0 1852 43 1882 20

661 78 1042 140 ΙΣΤΟΡιΩΝ
1105 91 1156 139 Θ

70 227 288 289 στρατοῦ
307 226 394 274 τοῦ
419 222 704 289 Μαρδόνιος
727 220 1008 288 ἐξελέξατο,
1032 220 1320 289 προέπεμπε
1342 219 1569 287 βασιλέα
1590 219 1742 289 μέχρι

68 312 156 359 τοῦ
198 307 368 374 πόρου.
457 306 522 361 ὡς
566 309 620 359 δὲ
672 307 698 357 6
747 309 839 372 μὲν
884 305 944 371 ἦν
990 308 1043 358 ἐν
1087 314 1148 380 τῇ
1194 306 1360 379 Ἀσίῃ,
1409 307 1435 356 6
1480 307 1533 357 δὲ
1578 305 1740 357 ὀπίσω

68 392 397 458 πορευόμενος
441 393 564 443 κατὰ
609 390 699 455 τὴν
742 389 1020 456 Παλλήνην
1065 393 1275 458 ἐγίνετο,
1322 389 1410 444 ἅτε
1457 392 1742 457 Μαρδονίου

67 497 123 529 τε
164 476 530 544 χειμερίζοντος
573 476 686 543 περὶ
728 477 1032 541 Θεσσαλίην
1072 497 1126 528 τε
1173 475 1253 528 καὶ
1298 475 1617 540 Μακεδονίην
1663 475 1741 527 καὶ

68 559 210 614 οὐδέν
241 582 308 612 κω
346 561 648 628 κατεπείγων
679 560 825 614 αὐτὸς
861 559 998 625 ἥκειν
1030 561 1081 615 ἐς
1116 560 1173 613 τὸ
1209 559 1342 612 ἄλλο
1380 561 1738 627 στρατόπεδον,

68 646 156 698 οὐκ
207 645 418 697 ἐδικαίου
472 646 693 714 ἐντυχὼν
746 646 1034 697 ἀπεστεῶσι
1087 643 1477 717 Ποτειδαιήτῃσι
1534 644 1601 711 μὴ
1656 644 1741 696 οὐκ

68 729 590 797 ἐξανδραποδίσασθαί
617 736 798 797 σφεας.
880 732 926 782 οἱ
957 731 1052 797 γὰρ
1084 732 1455 795 Ποτειδαιῆται,
1489 729 1554 783 ὡς
1584 735 1739 795 βασι-

65 814 183 869 λεὺς
218 813 619 883 παρεξεληλάκεε
657 816 736 868 καὶ
774 816 800 866 6
837 813 1064 868 ναυτικὸς
1093 819 1229 867 τοῖσι
1261 813 1500 887 Πέρσῃσι
1534 815 1742 883 οἰχώκεε

67 899 267 968 φεύγων
298 901 352 951 ἐκ
389 903 688 966 Σαλαμῖνος,
723 901 776 952 ἐκ
813 904 900 952 τοῦ
931 904 1152 968 φανεροῦ
1188 899 1486 953 ἀπέστασαν
1518 899 1614 952 ἀπὸ
1644 903 1742 952 τῶν

66 982 360 1052 βαρβάρων·
424 984 489 1038 ὣς
536 986 589 1037 δὲ
638 984 716 1036 καὶ
763 985 921 1037 ὧλλοι
969 987 1014 1037 οἳ
1063 984 1154 1049 τὴν
1199 983 1478 1050 Παλλήνην
1523 984 1740 1053 ἔχοντες.

67 1071 277 1121 ἐνθαῦτα
321 1068 380 1134 δὴ
421 1068 733 1136 Ἀρτάβαζος
779 1070 1066 1136 ἐπολιόρκεε
1111 1069 1201 1134 τὴν
1242 1071 1561 1123 Ποτείδαιαν.
1649 1070 1740 1121 ὑπ-

67 1154 315 1208 οπτεύσας
346 1155 399 1206 δὲ
432 1154 512 1206 καὶ
535 1153 649 1207 τοὺς
673 1153 969 1227 Ὀλυνθίους
992 1155 1306 1207 ἀπίστασθαι
1343 1153 1441 1207 ἀπὸ
1473 1152 1740 1220 βασιλέος,

69 1239 148 1291 καὶ
179 1239 359 1303 ταύτην
391 1239 698 1310 ἐπολιόρκεε·
745 1237 885 1308 εἶχον
917 1242 971 1292 δὲ
1009 1238 1161 1304 αὐτὴν
1195 1243 1445 1291 Βοττιαῖοι
1484 1241 1529 1291 οἱ
1566 1241 1621 1291 ἐκ
1657 1241 1745 1290 τοῦ

68 1323 322 1390 Θερμαίου
361 1323 548 1375 κόλπου
589 1321 953 1388 ἐξαναστάντες
994 1323 1089 1376 ὑπὸ
1128 1324 1450 1376 Μακεδόνων.
1541 1323 1648 1376 ἐπεὶ
1689 1323 1745 1376 δέ

68 1414 233 1476 σφεας
265 1408 370 1460 εἷλε
391 1407 716 1475 πολιορκέων,
743 1407 1031 1476 κατέσφαξε
1063 1406 1322 1476 ἐξαγαγὼν
1347 1411 1398 1462 ἐς
1428 1410 1625 1474 λίμνην,
1653 1407 1744 1473 τὴν

68 1494 121 1545 δὲ
157 1493 305 1545 πόλιν
335 1495 599 1559 παραδιδοῖ
625 1493 953 1563 Κριτοβούλῳ
983 1495 1253 1564 Τορωναίῳ
1292 1493 1632 1561 ἐπιτροπεύειν
1663 1494 1743 1545 καὶ

67 1581 134 1647 τῷ
175 1581 458 1647 Χαλκιδικῷ
500 1576 649 1644 γένεϊ,
690 1577 768 1629 καὶ
808 1578 934 1629 οὕτω
962 1577 1221 1631 Ὄλυνθον
1260 1577 1531 1631 Χαλκιδέες
1568 1578 1741 1646 ἔσχον.

69 1660 255 1727 ἐξελὼν
291 1663 344 1714 δὲ
379 1661 562 1727 ταύτην
598 1663 624 1712 6
654 1660 967 1729 Ἀρτάβαζος
1003 1669 1064 1736 τῇ
1102 1664 1372 1735 Ποτειδαίῃ
1410 1662 1744 1735 ἐντεταμένως

67 1751 326 1814 προσεῖχε,
359 1745 667 1815 προσέχοντι
698 1745 751 1799 δέ
782 1749 828 1799 οἳ
857 1747 1120 1814 προθύμως
1159 1748 1440 1800 συντίθεται
1470 1749 1745 1814 προδοσίην

67 1829 360 1897 Τιμόξεινος
397 1832 423 1881 6
458 1835 557 1883 τῶν
587 1832 873 1883 Σκιωναίων
905 1833 1200 1900 στρατηγός,
1236 1834 1404 1884 ὅντινα
1437 1826 1530 1898 μὲν
1560 1833 1746 1899 τρόπον

68 1914 245 1984 ἀρχήν,
267 1915 426 1983 ἔγωγε
446 1915 531 1967 οὐκ
552 1915 652 1984 ἔχω
678 1918 835 1968 εἰπεῖν
855 1914 930 1981 (οὐ
948 1918 1044 1984 γὰρ
1061 1915 1130 1969 ὧν
1148 1913 1384 1984 λέγεται),
1407 1916 1554 1970 τέλος
1575 1916 1745 1982 μέντοι

67 1999 233 2053 τοιάδε
263 2000 473 2068 ἐγίνετο·
521 2001 646 2071 ὅκως
675 2002 901 2066 βυβλίον
933 1992 1147 2069 γράψειε
1177 1997 1525 2067 ἢΤιμόξεινος
1555 2000 1745 2053 ἐθέλων

67 2087 199 2152 παρὰ
239 2083 553 2151 Ἀρτάβαζον
592 2084 790 2152 πέμψαι
835 2081 865 2149 ἢ
908 2084 1218 2153 Ἀρτάβαζος
1259 2088 1391 2154 παρὰ
1429 2085 1742 2151 Τιμόξεινον,

67 2168 366 2235 τοξεύματος
409 2172 541 2237 παρὰ
581 2171 669 2224 τὰς
708 2171 959 2238 γλυφίδας
1002 2169 1392 2238 περιειλίξαντες
1435 2170 1514 2221 καὶ
1555 2171 1739 2236 πτερώ-

1787 93 1929 144 VIII.
1958 95 2053 143 126

1781 325 1808 357 2

1780 747 1805 791 3

1781 1081 1869 1133 127

1757 1619 2113 1688 mam-1³2

1782 1665 1870 1714 128
1900 1726 1903 1728 ‚

1757 1999 2082 2070 „qm-0»-

0 2274 13 2302 2
20 2275 43 2316 5
69 2275 249 2308 σαντες
269 2253 326 2305 τὸ
344 2255 567 2320 βυβλίον
587 2252 812 2319 ἐτόξευον
829 2256 878 2308 ἐς
897 2256 1228 2321 συγκείμενον
1246 2257 1449 2324 χωρίον.
1505 2253 1745 2308 ἐπάϊστος
1784 2272 1810 2304 2

68 2340 119 2390 δὲ
151 2337 350 2406 ἐγένετο
382 2339 408 2388 6
436 2337 728 2405 Τιμόξεινος
758 2339 1017 2406 προδιδοὺς
1047 2339 1139 2404 τὴν
1163 2341 1482 2392 Ποτείδαιαν·
1525 2338 1745 2404 τοξεύων

67 2425 162 2490 γὰρ
198 2423 225 2473 6
259 2421 568 2489 Ἀρτάβαζος
606 2425 656 2476 ἐς
691 2427 747 2474 τὸ
786 2424 1127 2490 συγκείμενον,
1169 2425 1402 2492 ἁμαρτὼν
1438 2428 1526 2476 τοῦ
1561 2424 1744 2492 χωρίου

122 2574 147 2600 2
176 2560 228 2610 ἣν
246 2574 329 2601 om.
349 2560 387 2600 A
402 2561 437 2599 Β
453 2560 487 2599 C
653 2573 680 2611 3
710 2560 876 2614 ἐγένετο
897 2561 928 2601 S
1089 2572 1114 2611 5
1144 2562 1401 2615 κατεπείγων
1421 2564 1542 2605 αὐτὸς
1564 2562 1714 2614 Pingel
1734 2577 1744 2603 τ

68 2615 382 2669 κατεπείγοντος
413 2616 447 2654 L
667 2618 695 2654 6
718 2620 856 2657 Ποτιδ.
884 2617 917 2655 L
947 2616 1010 2669 (it.
1034 2617 1165 2667 infra)
1388 2632 1415 2669 9
1445 2616 1687 2667 ἀπέστησαν
1707 2618 1742 2658 C

73 2684 122 2710 10
150 2672 186 2711 οἶ
207 2672 326 2712 ἄλλοι
347 2669 387 2708 Α
401 2670 435 2708 Β
453 2670 486 2708 C
501 2671 534 2709 P
661 2672 698 2711 οἱ
716 2684 799 2711 om.
820 2670 855 2710 C
1038 2684 1081 2710 11
1115 2675 1136 2712 6
1157 2670 1405 2724 Ἀρτάβαζος
1428 2673 1462 2711 C
1585 2675 1663 2723 τὴν
1677 2704 1686 2714 .
1700 2703 1711 2714 .
1727 2703 1737 2713 .

70 2724 301 2778 ἐπολιόρκεε
322 2738 405 2767 om.
429 2725 463 2764 C
550 2725 682 2775 -δαίην
704 2724 743 2763 R
759 2723 790 2764 S
803 2725 841 2764 V
955 2738 1004 2776 13
1032 2728 1068 2767 οἱ
1084 2739 1165 2766 om.
1183 2726 1224 2765 A
1240 2727 1273 2765 B
1290 2727 1323 2765 C
1340 2727 1373 2766 P
1489 2739 1537 2777 15
1566 2732 1742 2779 λειμῶνα

71 2779 221 2830 Pingel
338 2780 387 2818 16
416 2780 621 2833 Τορωναίῳ
637 2793 718 2820 om.
737 2779 778 2818 A
791 2780 825 2818 Β
841 2779 875 2819 C
990 2779 1220 2835 ἐπιτρέπειν
1239 2781 1279 2820 Α
1295 2781 1328 2819 Β
1345 2782 1379 2820 C
1496 2783 1545 2821 18
1577 2785 1740 2825 ἐντετα-

67 2834 223 2888 γμένως
245 2834 279 2872 C
477 2847 531 2873 20
559 2834 739 2886 Τιμόξεν.
764 2835 802 2872 R
818 2835 902 2874 SV
924 2836 987 2890 (it.
1011 2836 1141 2886 infra)
1343 2850 1395 2875 22
1426 2837 1594 2885 βιβλίον
1616 2837 1650 2876 Ρ
1672 2838 1734 2889 (it.

69 2889 196 2940 infra)
335 2887 461 2931 θέλων
504 2889 542 2926 R
566 2888 656 2928 SV
798 2904 808 2911 ·
851 2903 902 2940 24
942 2890 1067 2944 παρὰ]
1103 2893 1190 2944 περὶ
1226 2891 1493 2931 Valckenaer
1531 2905 1584 2931 ex
1623 2891 1735 2931 Aen.

68 2944 204 3053 {2:2²2
223 2957 315 3039 I3³1V
385 2944 589 2997 γλαφίδας
612 2943 650 2982 R
809 2946 863 2984 26
894 2945 1053 2998 ἐγίνετο
1073 2945 1212 2985 ABC
1369 2960 1421 2996 27
1454 2950 1474 2987 6
1495 2960 1578 2986 om.
1603 2946 1739 2986 RSV

125 3066 227 3094 nor.
253 3065 300 3095 ιι.
532 3110 536 3113 ⁵
1522 3059 1573 3108 21
