2132 3340
742 128 1116 177 ιΣΤΟΡιΩΝ
1180 129 1198 176 1
1851 126 2024 188 lx.-31

138 260 208 316 ὧν
237 259 451 315 ἅπαντες
486 256 551 327 [οἱ
582 255 799 326 Φωκέες]
837 257 1082 325 ἐμήδιζον,
1117 257 1254 311 ἀλλά
1285 279 1417 313 τινες
1446 257 1607 310 αὐτῶν
1640 258 1719 310 καὶ
1749 259 1809 309 τὰ

136 345 402 412 Ἑλλήνων
452 344 602 410 ηὖξον
647 346 759 412 περὶ
810 343 898 397 τὸν
952 343 1265 412 Παρνησσὸν
1319 341 1681 408 κατειλημένοι,
1730 343 1808 394 καὶ

137 434 364 485 ἐνθεῦτεν
399 430 674 499 ὁρμώμενοι
714 428 897 499 ἔφερόν
934 450 988 482 τε
1031 430 1111 481 καὶ
1150 427 1272 495 ’ἦγον
1308 426 1400 493 τήν
1436 448 1491 480 τε
1523 428 1809 499 Μαρδονίου

138 515 376 583 στρατιὴν
414 515 494 568 καὶ
529 513 644 568 τοὺς
676 513 782 580 μετ’
819 513 968 566 αὐτοῦ
1003 514 1177 567 ἐόντας
1213 511 1493 577 Ἑλλήνων.
1582 511 1724 578 ἔταξε
1755 515 1809 565 δὲ

88 621 110 663 5
138 601 216 654 καὶ
271 600 566 653 Μακεδόνας
616 621 671 652 τε
715 599 795 651 καὶ
842 597 956 651 τοὺς
1003 597 1115 665 περὶ
1166 598 1469 662 Θεσσαλίην
1521 596 1810 663 οἰκημένους

138 687 259 739 κατὰ
287 684 402 739 τοὺς
432 684 741 749 Ἀθηναίους.
827 686 980 735 ταῦτα
1013 684 1105 748 μὲν
1142 686 1240 735 τῶν
1276 680 1461 734 ἐθνέων
1497 683 1558 733 τὰ
1592 681 1809 749 μέγιστα
1844 695 1913 746 32

137 770 426 835 ὠνόμασται
454 774 552 821 τῶν
582 767 679 820 ὑπὸ
705 769 990 834 Μαρδονίου
1020 766 1325 836 ταχθέντων,
1350 765 1412 817 τά
1443 787 1535 833 περ
1566 766 1805 834 ἐπιφανέ-

137 853 297 906 στατά
333 875 387 906 τε
422 852 482 918 ἢν
519 854 598 906 καὶ
632 853 790 921 λόγου
828 852 1091 905 πλείστου.
1182 853 1369 917 ἐνῆσαν
1413 853 1467 903 δὲ
1514 850 1592 902 καὶ
1635 849 1808 903 ἄλλων

136 937 320 991 ἐθνέων
358 937 532 1005 ἄνδρες
569 936 1002 1004 ἆναμεμειγμένοι,
1039 940 1252 1004 Φρυγῶν
1288 957 1343 988 τε
1380 935 1460 1000 καὶ
1498 939 1692 988 Μυσῶν
1728 937 1806 988 καὶ

63 1043 112 1073 ιο
137 1025 371 1091 Θρηίκων
393 1044 446 1076 τε
471 1022 551 1075 καὶ
575 1023 809 1074 Παιόνων
844 1021 922 1073 καὶ
946 1026 1046 1073 τῶν
1077 1021 1264 1080 ἄλλων,
1292 1022 1347 1074 ἐν
1372 1022 1425 1072 δὲ
1451 1021 1529 1072 καὶ
1555 1020 1806 1073 Αἰθιόπων

134 1130 189 1162 τε
242 1107 320 1160 καὶ
373 1108 660 1175 Αἰγυπτίων
701 1107 753 1158 οἵ
800 1128 855 1158 τε
897 1105 1229 1173 Ἑρμοτύβιες
1277 1106 1356 1157 καὶ
1401 1107 1447 1157 οἱ
1501 1106 1806 1173 Καλασίριες

135 1193 429 1258 καλεόμενοι
479 1192 868 1260 μαχαιροφόροι,
915 1191 966 1243 οἵ
1014 1212 1106 1257 περ
1160 1190 1260 1243 εἰσὶ
1304 1190 1591 1257 Αἰγυπτίων
1634 1194 1806 1255 μοῦνοι

132 1276 360 1346 μάχιμοι.
448 1276 651 1330 τούτους
695 1278 757 1328 δὲ.
795 1276 870 1328 ἔτι
915 1276 970 1328 ἐν
1010 1273 1227 1345 Φαλήρῳ
1274 1275 1378 1328 ἐὼν
1409 1273 1507 1326 ἀπὸ
1546 1278 1644 1326 τῶν
1680 1278 1805 1327 νεῶν
1845 1293 1870 1325 2

135 1361 509 1429 ἀπεβιβάσατο,
549 1360 724 1415 ἐόντας
763 1359 1025 1427 ἐπιβάτας·
1087 1358 1144 1411 οὐ
1179 1357 1602 1434 γὰρ’ᾖτάχθησαν
1638 1360 1690 1413 ἐς
1719 1358 1805 1411 τὸν

61 1463 108 1506 15
135 1445 284 1511 πεζὸν
326 1446 414 1499 τὸν
460 1445 561 1517 ἅμα
606 1444 772 1517 Ξέρξῃ
829 1445 1141 1511 ἀπικόμενον
1171 1445 1223 1498 ἐς
1267 1442 1483 1509 Ἀθήνας
1526 1444 1803 1512 Αἰγύπτιοι.

133 1535 233 1591 τῶν
261 1533 354 1597 μὲν
376 1530 434 1596 δὴ
464 1530 742 1599 βαρβάρων
775 1528 908 1594 ἦσαν
929 1527 1190 1596 τριήκοντα
1210 1527 1456 1596 μυριάδες,
1483 1528 1547 1582 ὡς
1572 1528 1652 1580 καὶ
1682 1529 1801 1594 πρό-

134 1637 278 1684 τερον
307 1615 594 1682 δεδήλωται·
641 1619 740 1667 τῶν
773 1617 826 1666 δὲ
856 1612 1122 1678 Ἑλλήνων
1157 1618 1254 1666 τῶν
1291 1614 1577 1680 Μαρδονίου
1609 1612 1802 1679 συμμά-

134 1721 243 1769 χων
271 1699 375 1752 οἶδε
403 1703 494 1767 μὲν
531 1699 689 1754 οὐδεὶς
732 1699 941 1766 ἀριθμόν
977 1697 1052 1764 (οὗ
1088 1700 1184 1766 γὰρ
1221 1695 1289 1750 ὧν
1324 1695 1704 1765 ἠριθμήθησαν),
1739 1697 1804 1752 ὣς

135 1786 189 1837 δὲ
221 1784 497 1844 ἐπεικάσαι,
532 1786 583 1838 ἐς
613 1783 761 1837 πέντε
790 1782 1029 1851 μυριάδας
1061 1785 1371 1850 συλλεγῆναι
1402 1781 1592 1847 εἰκάζω.
1668 1782 1803 1834 οὗτοι

62 1887 112 1916 20
135 1871 182 1922 οἱ
213 1868 618 1938 παραταχθέντες
649 1868 786 1933 πεζοὶ
818 1866 965 1932 ἦσαν,
998 1868 1028 1933 ἡ
1061 1870 1115 1919 δὲ
1147 1868 1297 1922 ἵππος
1326 1867 1479 1936 χωρὶς
1510 1865 1758 1919 ἐτέτακτο.

216 1952 312 2009 Ὡς
342 1957 394 2007 δὲ
424 1953 518 2022 ἄρα
548 1952 730 2007 πάντες
765 1954 811 2006 οἱ
848 1951 1118 2021 ἐτετάχατο
1147 1950 1278 2011 κκατά
1305 1974 1362 2005 τε
1392 1952 1538 2004 ἔθνεα
1568 1952 1647 2003 καὶ
1680 1954 1802 2003 κατὰ
1839 1961 1905 2009 33

133 2037 298 2098 τέλεα,
337 2039 546 2091 ἐνθαῦτα
583 2045 644 2111 τῇ
689 2036 888 2110 δευτέρῃ
932 2036 1091 2109 ἡμέρῃ
1139 2036 1341 2090 ἐθύοντο
1386 2037 1798 2115 καΞ-ᾀμφότεροι.
1824 2049 1948 2089 onoc
1962 2048 2115 2088 isa-a.

125 2120 356 2188 ’Έλλησι
394 2126 486 2189 μὲν
525 2121 835 2188 Τεισαμενὸς
879 2121 1144 2191 Ἀντιόχου
1188 2121 1250 2187 ἦν
1286 2122 1313 2172 ὁ
1358 2122 1610 2187 θυόμενος·
1657 2121 1801 2175 οὗτος

134 2208 229 2274 γὰρ
265 2206 323 2272 δὴ
365 2208 531 2260 εἵπετο
575 2212 643 2278 τῷ
693 2207 1024 2274 στρατεύματι
1068 2206 1226 2277 τούτῳ
1269 2205 1462 2273 μάντις·
1522 2205 1609 2258 τὸν
1654 2206 1801 2258 ἐόντα
1855 2248 1858 2249 ⁷

61 2305 109 2347 25
133 2290 344 2344 Ἠλεῖον
375 2292 455 2344 καὶ
484 2290 657 2359 γένεος
679 2296 766 2343 τοῦ
788 2289 1042 2356 Ἰαμιδέων
1065 2287 1387 2357 [Κλυτιάδην]
1419 2291 1800 2356 Λακεδαιμόνιοι

134 2374 437 2440 ἐποιήσαντο
467 2375 838 2450 λεωσφέτερον.
925 2379 1219 2446 Τεισαμενῷ
1250 2376 1346 2443 γὰρ
1375 2374 1720 2446 μαντευομένῳ
1746 2377 1799 2428 ἐν

136 2465 395 2527 Δελφοῖσι
424 2461 536 2528 περὶ
559 2461 706 2528 γόνου
730 2461 899 2512 ἀνεῖλε
920 2459 950 2524 ἦ
972 2460 1134 2524 Πυθίη
1167 2461 1362 2527 ἀγῶνας
1390 2460 1504 2513 τοὺς
1532 2460 1800 2528 μεγίστους

1813 2311 2125 2420 ..μαι-’4.-

191 2611 208 2637 1
240 2597 389 2640 πάντες
410 2599 450 2638 R
465 2597 496 2638 S
510 2597 548 2637 V.
598 2639 604 2647 .
642 2599 679 2639 οἱ
697 2596 850 2639 Φωκέες
865 2610 948 2638 om.
969 2597 1008 2635 R
1025 2597 1107 2637 SV
1205 2596 1391 2649 ἐμήδιζον
1414 2597 1452 2636 R
1469 2597 1571 2638 SV:
1605 2597 1800 2649 ἐμήδισαν
1838 2638 1854 2650 ,ἱ

134 2652 226 2692 rell.
448 2665 473 2690 2
521 2651 834 2707 κατειλημμένοι
873 2651 913 2690 Α
934 2652 969 2690 Β
995 2651 1031 2690 R
1057 2652 1087 2691 S
1107 2652 1166 2690 V:
1356 2663 1381 2702 5
1428 2653 1725 2704 Λακεδαίμονας
1765 2652 1800 2692 C
1858 2648 1862 2655 ¹

133 2707 368 2756 Θεσσαλίην
406 2737 417 2748 .
460 2734 472 2747 .
494 2732 521 2747 -.
542 2731 546 2761 .’
565 2706 707 2748 ἐθνέων
744 2719 827 2746 om.
872 2706 912 2744 R
1179 2709 1205 2746 8
1253 2723 1300 2748 τε
1339 2720 1422 2749 om.
1468 2707 1501 2745 C
1694 2706 1800 2755 ἦσαν

135 2761 173 2800 R
189 2761 219 2800 S
233 2762 289 2801 Vc
446 2801 450 2804 ,
494 2804 498 2806 ,
519 2776 548 2812 9
636 2760 897 2814 αμεμιγμένοι
934 2761 967 2799 L
1124 2766 1303 2815 Θρηικῶν
1334 2763 1398 2802 καὶ
1434 2766 1582 2802 Μυσῶν
1614 2761 1654 2800 Α
1668 2761 1703 2800 Β
1717 2761 1751 2801 C
1767 2761 1801 2800 P

138 2828 184 2866 13
215 2820 320 2866 νηῶν
342 2817 379 2855 R
397 2816 427 2855 S
443 2816 480 2855 V
541 2845 546 2855 .
610 2828 634 2866 5
666 2819 706 2858 ἐς
725 2818 798 2857 τὰς
820 2816 851 2855 S
982 2817 1030 2856 18
1058 2816 1282 2870 ἠρίθμησαν
1304 2815 1343 2854 R
1358 2816 1396 2854 V
1510 2829 1560 2866 19
1590 2815 1798 2858 ἐπεικάσαι

135 2872 289 2923 {mr-20¹)
311 2871 351 2910 A
365 2871 399 2909 Β
413 2871 473 2911 C:
506 2872 580 2912 ἆπε
623 2870 717 2912 άσαι
740 2872 827 2911 ἐστὶ
852 2870 912 2910 P:
942 2871 1156 2915 ἀπεικάσαι
1180 2870 1218 2909 R
1234 2871 1315 2910 SV
1462 2883 1511 2909 21
1544 2871 1694 2912 πάντες
1714 2883 1797 2912 om.

134 2925 174 2964 R
189 2925 271 2964 SV
434 2926 502 2978 τε]
539 2943 564 2966 τ
623 2925 657 2963 Β
678 2939 687 2963 t
729 2938 810 2964 om.
845 2925 884 2963 A
903 2926 935 2963 C
955 2924 989 2963 P
1235 2938 1288 2975 23
1329 2932 1472 2977 Τισαμ.
1510 2925 1542 2963 L
1576 2925 1638 2976 (it.
1671 2925 1798 2977 infra)

133 2991 186 3029 25
215 2979 445 3073 Κλυτιοὲῖην
465 2981 572 3033 (-δου
594 2980 643 3032 S)
663 2979 742 3020 del.
763 2978 1030 3019 Valckenaer
1168 2981 1222 3020 26
1251 2981 1331 3022 λεὼ
1353 2980 1553 3034 σφέτερον
1573 2979 1612 3019 Α
1629 2979 1687 3020 B:
1718 2981 1799 3024 λεώ

133 3043 331 3088 σφετερον
