2132 3340
43 69 181 119 VIII.
199 81 272 130 40

253 214 280 246 2

0 372 241 443 ωιτη.

227 801 287 850 41

219 1984 289 2034 42

878 56 899 86 Ἰ
941 65 1092 114 {11³0
1106 65 1258 114 ΔΟἹ
1268 67 1369 113 OT

900 115 1015 214 tsxss*
1094 138 1211 214 γὴν*

318 196 533 263 ἔμελλον
564 194 914 260 ποιήσεσθαι
889 217 953 250 ως
982 194 1288 266 ἐψευσμένοι
1317 197 1529 263 γνώμης.
1602 196 1855 251 δοκέοντες
1883 199 1978 264 γὰρ

321 279 550 347 εὑρησειν
598 282 1042 348 Πελοποννησίους
1092 282 1333 346 πανδημεὶ
1412 303 1439 333 ν
1489 289 1549 353 τῇ
1575 264 1974 385 Botwrcsp)z‘mo-

321 363 618 431 κατημένους
658 363 744 416 τὸν
778 363 1059 430 βάρβαρον,
1092 370 1190 416 τῶν
1229 368 1320 430 μὲν
1360 365 1502 432 εὗρον
1536 366 1680 430 οὐδὲν
1711 365 1809 424 ἐόν,
1844 368 1913 417 οἱ
1927 368 1979 417 δὲ

319 447 654 501 ἐπυνθάνοντο
694 452 817 551 τὲνΙΙ
812 447 1015 513 Ἰσθμὸν
1042 449 1219 503 αὐτους
1259 449 1558 517 τειχέοντας,
1592 471 1682 514 την
1716 450 1974 501 Πελοπόν-

319 553 477 598 νησον
499 527 625 599 ᾗπερὶ
666 523 924 589 πλείστου
949 554 1001 584 τε
1042 532 1356 599 ποιεομένους
1397 539 1636 622 περιεῖναι
1679 533 1757 585 καὶ
1795 533 1979 597 ταύτην
2001 557 2024 597 5

321 615 572 689 εχοντας(
551 638 604 669 εν
624 623 839 690 φυλακῇ,
852 602 924 670 )τᾶ
947 616 1080 669 ἄλλα
1100 618 1196 669 δε’
1173 616 1385 669 απιέναι.
1447 623 1599 670 ταῦτα
1621 618 1979 683 πυνθανόμενοι

322 702 449 753 οὕτω
487 701 544 766 δὴ
586 700 998 768 προσεδεήθησαν
1039 708 1215 769 σφεων
1246 724 1393 770 σχειν
1425 706 1546 769 πρὸς
1579 723 1669 766 την
1700 706 1974 766 Σαλαμῖνα.

323 788 370 838 οἱ
398 788 490 851 μὲν
529 785 587 850 δὴ
624 785 774 837 ἄλλοι
818 784 1067 854 κατέσχον
1109 788 1159 840 ἐς
1197 786 1287 850 τὴν
1326 791 1600 852 Σαλαμῖνα,
1633 786 1887 850 Ἀθηναῖοι
1926 789 1980 838 δὲ
2047 814 2050 816 >

323 872 374 924 ἐς
409 869 499 934 τὴν
530 872 739 922 ἑωυτῶν.
811 871 935 934 μετὰ
975 873 1027 922 δὲ
1064 870 1155 934 τὴν
1195 870 1360 936 ἄπιξιν
1401 870 1622 938 κήρυγμα
1657 868 1976 935 ἐποιήσαντο,

322 954 603 1019 Ἀθηναίων
634 955 692 1025 τῇ
725 976 800 1007 τις
831 954 1034 1006 δύναται
1066 952 1235 1024 σῴζειν
1265 954 1412 1007 τέκνα
1441 977 1495 1007 τε
1526 956 1605 1007 καὶ
1636 955 1748 1007 τοὺς
1771 953 1978 1008 οἰκέτας.
2007 974 2057 1003 ιο

324 1041 534 1091 ἐνθαῦτα
565 1041 610 1090 οἱ
639 1041 731 1103 μὲν
761 1043 996 1091 πλεῖστοι
1027 1041 1078 1093 ἐς
1112 1040 1360 1106 Τροιζῆνα
1401 1038 1723 1099 ἀπέστειλαν,
1757 1041 1804 1090 οἱ
1841 1041 1895 1090 δὲ
1929 1040 1980 1092 ἐς

324 1125 550 1190 Αἴγιναν,
577 1125 623 1174 οἱ
647 1125 699 1174 δὲ
725 1124 775 1176 ἐς
800 1127 1073 1188 Σαλαμῖνα.
1151 1123 1406 1176 ἔσπευσαν
1429 1126 1482 1176 δὲ
1505 1128 1658 1175 ταῦτα
1680 1121 1982 1188 ὑπεκθέσθαι
1999 1115 2132 1207 m

323 1213 390 1277 τῷ
431 1209 714 1277 χρηστηρίῳ
757 1229 811 1259 τε
851 1208 1154 1272 βουλόμενοι
1190 1207 1476 1275 ὑπηρετέειν
1514 1208 1592 1259 καὶ
1628 1207 1684 1272 δὴ
1725 1208 1803 1260 καὶ
1842 1211 1982 1258 τοῦδε

325 1293 489 1344 εἵνεκα
525 1292 611 1342 οὐκ
650 1292 847 1355 ἥκιστα·
894 1290 1106 1358 λέγουσι
1134 1291 1390 1356 Ἀθηναῖοι
1431 1294 1550 1359 ὅφιν
1588 1291 1747 1359 μέγαν
1781 1291 1982 1358 φύλακα

324 1378 410 1440 τῆς
441 1376 737 1442 ἀκροπόλιος
770 1377 1110 1427 ἐνδιαιτᾶσθαι
1146 1377 1200 1427 ἐν
1231 1382 1298 1446 τῷ
1331 1378 1432 1446 ἱρῷ.
1504 1375 1717 1442 λέγουσί
1748 1397 1799 1427 τε
1832 1380 1983 1427 ταῦτα
2011 1394 2057 1435 ¹5

285 1528 300 1536 .
327 1460 406 1511 καὶ
435 1459 492 1523 δὴ
532 1460 610 1510 καὶ
646 1459 710 1512 ὡς
740 1460 873 1511 ἐόντι
914 1458 1148 1524 ἐπιμήνια
1191 1459 1507 1511 ἐπιτελέουσι
1547 1458 1877 1527 προτιθέντες·
1921 1461 1998 1520 τὰ

325 1543 366 1595 δ’
324 1541 631 1611 ἐπιμήνια
659 1542 970 1608 μελιτόεσσά
1001 1545 1125 1594 ἐστι.
1206 1544 1326 1608 αὕτη
1358 1543 1400 1595 δ’
1431 1545 1460 1608 ἡ
1490 1545 1798 1609 μελιτόεσσα
1833 1545 1887 1595 ἐν
1915 1547 1983 1612 τῷ

325 1629 515 1695 πρόσθε
534 1628 631 1679 αἰεὶ
654 1628 817 1697 χρόνω
842 1626 1232 1720 ἀναισιμουμένη
1257 1628 1371 1680 τότε
1394 1626 1454 1692 ἧν
1478 1628 1754 1694 ἄψαυστος.
1821 1648 1981 1692 σημη-

325 1712 482 1777 νάσης
526 1714 580 1764 δὲ
625 1717 778 1763 ταῦτα
824 1714 911 1775 τῆς
960 1687 1138 1814 ἱὲμὲζης
1184 1712 1383 1778 μᾶλλόν
1425 1733 1473 1763 τι
1516 1734 1562 1763 οι
1605 1711 1860 1776 Ἀθηναῖοι
1905 1709 1985 1762 καὶ

325 1797 688 1863 προθυμότερον
719 1794 953 1860 ἐξέλιπον
988 1795 1077 1860 τὴν
1117 1796 1267 1848 πόλιν
1299 1796 1363 1849 ὡς
1405 1797 1484 1848 καὶ
1524 1798 1611 1860 τῆς
1648 1798 1760 1847 θεοῦ
1800 1796 1982 1846 ἀπολε-
2010 1814 2062 1843 20

326 1881 554 1945 λοιπυίης
601 1879 691 1944 τὴν
740 1881 1026 1946 ἀκρόπολιν.
1101 1879 1166 1934 ὡς
1215 1879 1270 1931 δέ
1323 1887 1422 1947 σφι
1472 1878 1634 1931 πάντα
1683 1877 1982 1946 ὑπεξέκειτο,

326 1965 510 2017 ἔπλεον
540 1966 591 2018 ἐς
626 1963 682 2015 τὸ
713 1964 1066 2031 στρατόπεδον.
1154 1965 1263 2016 ἐπεὶ
1302 1966 1355 2015 δὲ
1398 1967 1444 2016 οἱ
1480 1963 1563 2015 ἀπ’
1592 1963 1904 2030 Ἀρτεμισίου
1935 1964 1986 2016 ἐς

327 2053 585 2114 Σαλαμῖνα
615 2047 865 2116 κατέσχον
894 2050 981 2101 τὰς
1010 2047 1141 2106 νέας,
1168 2047 1401 2115 συνέρρεε
1433 2047 1512 2099 καὶ
1542 2048 1568 2097 ὁ
1597 2046 1770 2100 λοιπὸς
1799 2049 1982 2098 πυνθα-

327 2133 534 2193 νόμενος
571 2134 597 2182 ὁ
631 2138 731 2184 τῶν
770 2130 1034 2196 Ἑλλήνων
1075 2135 1299 2185 ναυτικὸς
1345 2131 1556 2198 στρατὸς
1599 2133 1653 2182 ἐκ
1695 2131 1984 2206 Τροιζῆνος·

328 2218 377 2269 ἐς
408 2218 503 2283 γὰρ
541 2217 772 2283 Πώγωνα
811 2215 899 2267 τὸν
935 2217 1242 2282 Τροιζηνίων
1282 2215 1462 2280 λιμένα
1500 2216 1760 2282 προείρητο
1800 2213 1981 2275 συλλέ-
2011 2233 2060 2273 25

326 2303 523 2366 γεσθαι.
599 2299 979 2368 συνελέχθησάν
1021 2321 1076 2352 τε
1119 2299 1177 2364 δὴ
1222 2304 1395 2369 πολλῷ
1441 2303 1649 2352 πλεῦνες
1693 2298 1799 2351 νέες
1839 2294 1868 2361 ἢ
1909 2297 1985 2350 ἐπ’

387 2451 404 2476 1
436 2438 678 2486 ποιήσασθαι
699 2437 738 2475 Α
752 2438 786 2476 Β
803 2438 837 2476 C
979 2451 1004 2476 2
1034 2438 1207 2486 πανδημὶ
1228 2435 1267 2475 Α
1281 2436 1315 2474 Β
1452 2448 1476 2484 4
1508 2438 1548 2477 ἐς
1568 2437 1643 2484 τὴν
1665 2435 1698 2474 Ρ
1716 2449 1726 2474 2
1757 2437 1811 2476 εἷς
1830 2435 1907 2484 τὴν
1926 2434 1984 2474 C:

329 2494 394 2533 καὶ
414 2494 491 2541 τὴν
514 2492 551 2530 R
569 2493 598 2531 S
612 2493 649 2530 V
814 2504 838 2542 5
869 2491 1123 2542 ποιευμένους
1145 2492 1178 2530 C
1198 2492 1228 2530 P
1337 2508 1384 2531 τε
1405 2491 1468 2531 καὶ
1492 2489 1528 2527 R
1546 2490 1575 2528 S
1589 2490 1625 2527 V
1761 2492 1788 2528 6
1818 2489 1987 2540 ἔχοντες
2016 2495 2023 2502 ”

331 2546 370 2584 R
389 2547 419 2585 S
435 2547 473 2584 V
574 2548 710 2588 τᾶλλα
731 2547 769 2584 R
786 2547 823 2584 V
925 2550 1055 2587 ταῦτα
1074 2548 1122 2595 δὴ
1143 2551 1255 2586 πυνθ.
1279 2547 1381 2586 οὕτω
1407 2545 1440 2583 Ρ
1457 2543 1495 2582 R
1515 2544 1545 2583 S
1560 2544 1599 2582 V
1716 2557 1765 2582 10
1793 2546 1844 2584 τὰ
1863 2542 1987 2584 τέκνα

331 2601 371 2640 R
387 2602 468 2640 SV
649 2615 688 2640 ιι
725 2600 902 2654 Τροίζην.
931 2601 962 2638 L
987 2601 1048 2652 (it.
1072 2601 1196 2651 infra)
1382 2612 1430 2648 13
1459 2616 1506 2639 τε
1526 2612 1608 2638 om.
1633 2598 1666 2636 C
1756 2600 1987 2648 ,ὑπηρετεῖν
2012 2608 2023 2635 ·,

331 2655 370 2693 R
387 2656 417 2695 S
432 2656 468 2693 V
636 2669 682 2705 14
714 2658 864 2696 εἵνεκεν
888 2656 925 2693 R
942 2656 979 2694 V
1090 2664 1162 2706 σφι
1186 2656 1222 2693 R
1240 2654 1269 2693 S
1282 2655 1321 2692 V
1465 2666 1512 2702 15
1544 2651 1829 2693 ἐνδιαιτέεσθαι
1852 2652 1890 2690 R
1907 2652 1936 2690 S
1949 2651 1987 2689 V

328 2710 396 2762 τε]
419 2709 628 2751 δὲΑΒΟ
799 2712 849 2748 16
876 2710 947 2748 alt.
969 2711 1031 2751 καὶ
1058 2723 1138 2748 om.
1162 2709 1357 2747 ABCP
1498 2721 1545 2756 17
1578 2705 1987 2757 {armemanRSV

329 2765 386 2815 δ’]
409 2766 458 2813 δὴ
480 2765 599 2804 Stein
785 2766 835 2803 18
863 2763 1036 2835 πρόσθεν
1058 2764 1091 2802 L
1217 2766 1384 2811 ἐναισιυ..
1411 2763 1499 2800 RV
1667 2773 1716 2810 19
1743 2764 1815 2808 τῆς
1836 2773 1919 2799 om.
1945 2759 1984 2798 R

328 2819 449 2871 ἱρείης
472 2820 505 2857 Ρ
519 2820 557 2857 R
573 2820 602 2858 S
617 2819 654 2857 V
800 2832 854 2858 20
883 2818 1076 2871 πρότερον
1097 2818 1136 2857 Α
1153 2817 1186 2856 Β
1201 2818 1234 2856 C
1347 2816 1550 2869 ἐξέλειπον
1571 2815 1609 2852 Α
1624 2816 1658 2852 Β
1771 2815 1966 2855 ἀπολελοι
1977 2838 1984 2844 -

329 2874 444 2922 ποίης
464 2873 503 2911 Α
518 2875 552 2912 Β
567 2888 575 2914 :
599 2874 707 2922 -πίης
723 2874 758 2912 C
869 2886 916 2913 21
942 2872 1170 2924 ὑπεξέκειτο
1185 2890 1316 2914 παντα
1337 2872 1377 2911 R
1391 2872 1422 2911 S
1437 2871 1473 2909 V
1585 2883 1674 2908 22-
1659 2878 1781 2909 -πλω-
1801 2869 1835 2906 Ρ
1850 2868 1889 2905 R
1903 2869 1934 2907 S
1948 2867 1985 2906 V

329 2927 401 2967 alt.
424 2928 482 2979 ἐς]
505 2931 558 2968 εἷς
582 2928 619 2965 R
635 2929 672 2966 V
821 2941 874 2978 23
905 2931 998 2978 νῆας
1020 2928 1060 2966 R
1076 2927 1156 2967 SV
1281 2938 1360 3008 ’25
1390 2931 1470 2968 τῶν
1493 2923 1584 2963 RV
1695 2926 1828 2976 εἴρητο
1850 2922 1889 2959 R
1905 2921 1985 2961 SV

331 2984 383 3020 26
413 2986 502 3032 νῆες
526 2982 564 3020 R
581 2983 660 3022 SV
