2132 3340
60 76 204 125 VIII.
231 87 296 137 25

230 295 299 342 26

236 1402 299 1451 27

965 74 1394 122 ΙΙΡΟΔΟΤΟΤ

337 203 592 258 ἀπέπλεον
621 206 672 258 ἐς
701 204 942 269 Ἱστιαίην
981 205 1062 256 ἐπὶ
1099 206 1187 258 τὰς
1225 204 1355 264 νέας,
1389 209 1434 258 οἱ
1473 209 1525 258 δὲ
1563 207 1689 274 ἀμφὶ
1722 205 1917 274 Ξέρξην
1948 209 1999 260 ἐς

338 290 450 341 ὁδὸν
482 288 707 355 ὁρμέατο.
782 289 903 353 ἧκον
926 288 982 340 δέ
1012 295 1108 356 σφι
1131 289 1398 354 αὐτόμολοι
1421 290 1592 356 ἄνδρες
1622 290 1704 341 ἀπ’
1735 280 1997 356 Ἀρκαδίης

337 375 503 440 ὀλίγοι
531 372 677 432 τινές,
710 374 829 438 βίου
858 395 911 425 τε
943 374 1166 438 δεόμενοι
1197 373 1276 425 καὶ
1307 374 1499 441 ἐνεργοὶ
1521 376 1822 440 βουλόμενοι
1855 375 1992 427 εἶναι.

338 458 544 524 ἄγοντες
581 460 634 509 δὲ
669 458 870 511 τούτους
906 459 956 510 ἐς
992 460 1115 524 ὄψιν
1154 457 1244 522 τὴν
1285 457 1532 523 βασιλέος
1577 458 1907 510 ἐπυνθάνοντο
1950 462 1997 511 οἱ

339 541 537 606 Πέρσαι
585 543 696 609 περὶ
737 547 834 594 τῶν
874 540 1137 606 Ἑλλήνων
1183 543 1244 593 τὰ
1291 541 1521 594 ποιέοιεν·
1569 543 1638 596 εῗς
1684 541 1739 594 δέ
1783 563 1857 596 τις
1903 542 1998 610 πρὸ

339 625 538 677 πάντων
567 624 629 690 ἧν
660 627 686 676 ὁ
718 628 932 693 εἰρωτῶν
968 626 1143 680 αὐτοὺς
1177 631 1344 678 ταῦτα.
1434 629 1479 678 οἱ
1511 625 1565 678 δέ
1596 633 1693 693 σφι
1723 626 1902 693 ἔλεγον
1933 627 1998 681 ὣς

339 709 593 775 Ὀλύμπια
622 709 804 777 ἄγουσι
836 710 915 761 καὶ
940 710 1199 777 θεωρέοιεν
1225 713 1392 778 ἀγῶνα
1415 710 1651 777 γυμνικὸν
1676 710 1754 761 καὶ
1780 712 1995 763 ἱππικόν.

338 795 364 844 ὁ
397 797 448 846 δὲ
478 795 700 860 ἐπείρετο
737 796 765 845 ὅ
799 816 847 846 τι
882 791 956 860 [τὸ
993 792 1194 862 ἄεθλον]
1229 798 1304 860 εἴη
1343 802 1438 861 σφι
1475 796 1700 860 κείμενον
1736 795 1847 861 περὶ
1885 796 1999 847 ὅτευ

338 877 680 944 ἀγωνίζονται·
728 882 774 931 οἱ
797 881 848 930 δὲ
873 879 1013 931 εἶπον
1035 882 1122 943 τῆς
1147 881 1315 943 ἐλαίης
1336 879 1423 931 τὸν
1447 880 1702 945 διδόμενον
1727 878 1997 946 στέφανον.

337 964 547 1014 ἐνθαῦτα
577 964 717 1016 εἴπας
747 963 947 1029 γνώμην
977 963 1329 1030 γενναιοτάτην
1350 964 1749 1031 Τριτανταίχμης
1771 964 1798 1013 ὁ
1820 963 2002 1030 Ἀρτα--

337 1045 499 1112 βάνου
530 1048 719 1111 δειλίην
748 1045 892 1114 ὦφλε
923 1052 1044 1115 πρὸς
1074 1047 1335 1113 βασιλέος.
1423 1048 1788 1113 πυνθανόμενος
1818 1049 1912 1115 γὰρ
1940 1047 1997 1100 τὸ

339 1130 522 1182 ἄεθλον
554 1130 637 1182 ἐὸν
662 1130 918 1198 στέφανον
941 1132 1056 1183 ἀλλ’
1081 1133 1137 1183 οὐ
1167 1131 1410 1200 χρήματα,
1437 1133 1549 1185 οὔτε
1569 1131 1817 1200 ἠνέσχετο
1841 1137 1999 1199 σιγῶν

338 1213 446 1267 εἶπέ
475 1236 529 1266 τε
555 1216 604 1268 ἐς
630 1214 819 1269 πάντας
842 1215 972 1268 τάδε·
1021 1219 1209 1275 Παπαί,
1238 1218 1505 1283 Μαρδόνιε,
1534 1219 1692 1271 κοίους
1717 1216 1795 1268 ἐπ’
1820 1215 1998 1283 ἄνδρας

336 1298 521 1366 ἤγαγες
572 1298 957 1367 μαχησομένους
1007 1300 1175 1366 ἡμέας,
1229 1302 1275 1352 οἳ
1326 1302 1382 1352 οὐ
1434 1303 1545 1369 περὶ
1596 1300 1862 1368 χρημάτων
1910 1300 1997 1352 τὸν

339 1384 508 1449 ἀγῶνα
543 1388 793 1435 ποιεῦνται
831 1385 964 1435 ἀλλὰ
1000 1396 1111 1451 περι
1147 1386 1337 1451 ἀρετῆς.
1424 1386 1579 1455 τούτῳ
1615 1388 1706 1450 μὲν
1747 1384 1805 1449 δὴ
1845 1374 1997 1436 ταῦτα

340 1468 519 1532 εἴρητο·
568 1468 620 1518 ἐν
641 1470 694 1519 δὲ
717 1472 784 1536 τῷ
807 1470 885 1518 διὰ
907 1468 1066 1533 μέσου
1085 1470 1265 1538 χρόνῳ,
1289 1471 1451 1521 ἐπείτε
1476 1469 1532 1520 τὸ
1556 1471 1608 1521 ἐν
1634 1468 1998 1540 Θερμοπύλῃσι

337 1555 504 1616 τρῶμα
535 1552 780 1617 ἐγεγόνεε,
814 1551 986 1603 αὐτίκα
1012 1553 1278 1604 Θεσσαλοὶ
1309 1553 1559 1618 πέμπουσι
1591 1552 1773 1618 κήρυκα
1801 1555 1853 1606 ἐς
1882 1556 1994 1603 Φω-

339 1633 466 1693 κέας,
508 1633 594 1686 ἄτε
629 1642 727 1701 σφι
763 1634 1023 1703 ἐνέχοντες
1066 1637 1162 1688 αἰεὶ
1204 1638 1378 1704 χόλον,
1413 1637 1510 1689 ἀπὸ
1556 1640 1609 1689 δὲ
1652 1641 1738 1688 τοῦ
1780 1635 1998 1687 ὑστάτου

338 1719 591 1783 τρώματος
623 1718 702 1769 καὶ
733 1723 788 1770 τὸ
822 1719 987 1785 κάρτα.
1064 1722 1375 1784 ἐσβαλόντες
1406 1723 1500 1787 γὰρ
1531 1721 1836 1791 πανστρατιῇ
1860 1720 2002 1771 αὐτοί

337 1824 392 1853 τε
422 1805 467 1854 οἱ
500 1804 769 1854 Θεσσαλοὶ·
800 1804 879 1854 καὶ
916 1806 962 1855 οἱ
1000 1805 1255 1872 σύμμαχοι
1293 1804 1452 1856 αὐτῶν
1483 1807 1533 1858 ἐς
1562 1805 1675 1857 τοὺς
1708 1803 1912 1857 Φωκέας
1941 1804 1998 1855 οὐ

339 1891 580 1937 πολλοῖσι
610 1887 747 1938 ἔτεσι
777 1888 1019 1954 πρότερον
1048 1889 1226 1952 ταύτης
1249 1891 1336 1952 τῆς
1358 1888 1604 1953 βασιλέος
1628 1889 1998 1955 στρατηλασίης

340 1971 644 2034 ἑσσώθησαν
690 1970 785 2022 ὑπὸ
826 1976 924 2022 τῶν
973 1971 1189 2023 Φωκέων
1234 1972 1312 2023 καὶ
1362 1971 1707 2039 περιέφθησαν
1754 1970 1992 2038 τρηχέως.

340 2055 501 2105 ἐπείτε
549 2056 642 2121 γὰρ
695 2054 1060 2119 κατειλήθησαν
1111 2058 1161 2109 ἐς
1207 2055 1293 2107 τὸν
1345 2056 1653 2122 Παρνησσὸν
1703 2058 1749 2107 οἱ
1800 2053 1998 2107 Φωκέες

339 2138 541 2204 ἔχοντες
577 2137 755 2202 μάντιν
790 2140 1013 2203 Τελλίην
1056 2139 1143 2191 τὸν
1187 2140 1410 2204 Ἠλεῖον,
1460 2141 1669 2191 ἐνθαῦτα
1713 2141 1738 2189 ὁ
1780 2140 1998 2203 Τελλίης

339 2221 481 2273 οὗτος
518 2223 779 2288 σοφίζεται
816 2223 1012 2274 αὐτοῖσι
1046 2225 1252 2275 τοιόνδε·
1317 2224 1563 2290 γυψώσας
1603 2223 1782 2290 ἄνδρας
1823 2221 1994 2287 ἐξακο-

339 2306 477 2358 σίους
507 2310 605 2357 τῶν
629 2305 846 2358 Φωκέων
877 2307 991 2360 τοὺς
1029 2308 1276 2373 ἀρίστους,
1311 2307 1486 2360 αὐτούς
1515 2329 1565 2359 τε
1598 2307 1798 2360 τούτους
1829 2306 1908 2357 καὶ
1937 2307 1998 2357 τὰ

397 2455 415 2480 Ι
451 2452 576 2484 -πλω·
598 2443 637 2482 R
655 2443 685 2482 S
699 2444 738 2481 V
849 2446 944 2492 νῆας
968 2443 1006 2481 R
1023 2443 1052 2483 S
1066 2444 1104 2482 V
1214 2444 1357 2497 Ξέρξεα
1380 2443 1417 2480 R
1434 2443 1463 2482 S
1477 2444 1515 2482 V
1678 2456 1703 2481 2
1732 2446 1826 2497 ὡρμ.
1849 2443 1883 2481 Ε
1898 2443 1931 2482 P
1944 2443 1999 2481 C⁰

339 2511 364 2546 4
409 2497 635 2549 ἀγαγόντες
670 2497 704 2536 C
719 2498 752 2536 P
972 2510 996 2547 5
1040 2498 1111 2547 τὰἹ
1147 2499 1190 2539 τί
1222 2498 1261 2535 Α
1276 2498 1310 2535 Β
1326 2498 1359 2536 C
1381 2497 1435 2537 P:
1483 2499 1544 2538 ὅτι
1582 2498 1616 2536 Ε
1781 2496 1928 2537 ποιέειν
1962 2498 1996 2535 C

338 2553 366 2589 6
395 2551 570 2605 -ρατέων
598 2552 631 2590 Ε
649 2553 681 2590 Ρ
696 2552 734 2590 R
751 2552 780 2591 S
793 2552 830 2590 V
1024 2565 1045 2601 7
1077 2554 1214 2604 ἄγοιεν
1241 2551 1274 2590 Ρ
1289 2552 1327 2590 R
1344 2551 1423 2590 SV
1562 2555 1742 2604 θεωροῖεν
1766 2551 1806 2589 Α
1821 2552 1854 2589 Β
1868 2551 1901 2589 C
1915 2551 1949 2590 E
1965 2552 1998 2590 Ρ

339 2608 427 2645 ἱππ.
451 2624 498 2646 τε
517 2607 581 2647 καὶ
602 2624 720 2659 γυμν.
745 2607 778 2644 Ε
957 2608 982 2644 8
1012 2609 1060 2648 τὸ
1081 2609 1225 2648 ἄεθλον
1247 2606 1329 2647 del.
1354 2606 1473 2645 Stcin
1586 2607 1677 2646 ὅτευ
1701 2606 1738 2643 R
1757 2619 1766 2643 z
1796 2606 1896 2646 ὅτεω
1917 2606 1948 2644 S
1963 2605 2000 2643 V

345 2672 396 2698 10
451 2668 496 2701 Τι
514 2674 529 2699 4
552 2661 700 2712 γράνης
752 2661 810 2700 P:
866 2661 1061 2714 Τιγράνης
1108 2661 1147 2699 Λ
1169 2662 1203 2699 Β
1226 2662 1260 2700 C
1282 2661 1316 2699 E
1559 2675 1573 2699 1
1588 2674 1601 2698 1
1663 2663 1796 2711 ὤφλιε
1849 2659 1887 2698 R
1909 2659 1940 2698 S
1962 2659 2000 2698 V

340 2714 559 2765 πυθόμενος
582 2715 615 2753 Ε
631 2715 663 2753 P
677 2716 716 2753 R
733 2715 814 2754 SV
924 2718 995 2756 τὸν
1017 2717 1160 2757 ἄεθλον
1182 2716 1300 2757 ἐόντα
1323 2716 1362 2754 R
1377 2716 1457 2754 SV
1625 2727 1674 2762 13
1702 2714 1769 2765 τε]
1798 2713 1841 2754 δὲ
1865 2713 1902 2751 R
1918 2713 1998 2752 SV

339 2769 433 2808 τόδε
474 2769 513 2807 R
533 2768 562 2807 S
580 2769 617 2807 V
806 2783 849 2818 14
896 2772 967 2810 τὸν
1008 2783 1089 2810 om.
1127 2770 1166 2808 R
1185 2771 1215 2810 S
1230 2770 1268 2808 V
1456 2781 1502 2817 15
1543 2769 1638 2809 ἀλλ’
1674 2769 1815 2821 ἀρετῆς
1856 2767 1892 2805 R
1913 2768 1943 2806 S
1959 2767 1998 2806 V

343 2824 393 2861 16
423 2825 507 2863 ἐπεὶ
537 2823 719 2875 τάχιστα
747 2825 796 2864 ’τὸ
827 2824 864 2862 R
883 2824 964 2863 SV
1133 2838 1179 2874 17
1211 2826 1380 2877 κήρυκας
1405 2822 1539 2862 RSV
1707 2822 1756 2859 18
1786 2821 1997 2872 ἐνέχοντες

341 2876 371 2914 S
392 2876 431 2914 V
449 2891 457 2915 τ
505 2878 672 2929 ἔχοντες
713 2879 801 2917 rell.
985 2891 1031 2917 21
1075 2883 1243 2920 πολλοῖς
1285 2880 1322 2917 R
1344 2879 1383 2917 V
1556 2891 1607 2915 22
1653 2877 1858 2924 ἐσώθησαν
1901 2875 1939 2913 R
1961 2875 1998 2914 V

339 2943 391 2980 23
421 2934 631 2985 Παρνησὸν
650 2932 690 2970 Α
705 2933 738 2970 Β
756 2933 789 2971 C
809 2933 846 2970 R

2022 565 2044 605 5

2025 985 2075 1013 10

2025 1822 2075 1850 20
