2132 3340
133 76 220 125 lx.
250 89 316 137 33
978 73 1426 135 HPOAOTOT

355 202 715 271 αναιρήσεσθαι
752 202 914 256 πέντε.
1003 205 1030 254 6
1071 206 1165 269 μὲν
1209 203 1267 269 δὴ
1311 205 1543 272 ἁμαρτὼν
1586 210 1672 257 τοῦ
1713 207 2020 275 χρηστηρίου

110 341 119 346 ,
229 336 239 344 .
299 294 596 377 ωπροσεῖχε
626 290 950 355 γυμνασίοισι
986 289 1051 343 ὡς
1086 290 1477 357 ἀναιρησόμενος
1513 290 1775 357 γυμνικοὺς
1803 291 2014 358 ἀγῶνας,

0 345 279 382 mmm*

0 402 94 449 μμ
110 389 213 438 μυ»
233 395 311 440 ἢν,
353 372 549 424 ἀσκέων
597 375 651 424 δὲ
698 372 1006 425 πεντάεθλον
1052 376 1185 440 παρὰ
1233 373 1287 425 ἓν
1334 373 1599 446 πάλαισμα
1645 375 1826 445 ἔδραμε
1875 379 2017 428 νικᾶν

0 451 238 495 ”mm
288 478 313 521 3
352 456 648 522 ὀλυμπιάδα,
670 456 944 527 Ἱερωνύμῳ
968 463 1035 528 τῷ
1060 457 1271 528 Ἀνδρίῳ
1304 459 1466 510 ἐλθὼν
1496 460 1547 512 ἐς
1577 458 1697 525 ἔριν.
1773 463 2012 512 Λακεδαι-

349 542 514 606 μόνιοι
544 544 598 594 δὲ
626 542 870 608 μαθόντες
899 542 984 594 οὐκ
1015 544 1066 596 ἐς
1089 542 1350 609 γυμνικοὺς
1380 542 1496 594 ἀλλ’
1522 544 1572 596 ἐς
1601 543 1799 608 ἀρηίους
1821 545 2016 612 ἀγῶνας
2038 565 2060 606 5

351 625 506 693 φέρον
536 625 592 678 τὸ
621 630 934 692 Τεισαμενοῦ
967 625 1224 693 μαντήιον,
1256 631 1420 697 μισθῷ
1453 629 1719 695 ἐπειρῶντο
1749 629 2014 684 πείσαντες

349 711 663 776 Τεισαμενὸν
706 710 965 764 ποιέεσθαι
1010 710 1110 776 ἅμα
1154 710 1523 779 “Ηρακλειδέων
1567 716 1702 764 τοῖσι
1737 717 2014 778 βασιλεῦσι

284 817 312 860 4
348 796 568 862 ἡγεμόνα
615 801 713 848 τῶν
759 794 1010 862 πολέμων.
1101 797 1127 846 6
1171 799 1227 848 δὲ
1274 797 1400 863 ὁρῶν
1447 797 1558 864 περὶ
1605 802 1800 849 πολλοῦ
1846 818 2011 851 ποιευ-

347 879 525 944 μένους
562 879 875 947 Σπαρτιήτας
913 881 1067 948 φίλον
1104 881 1252 933 αὐτόν
1292 880 1621 948 προσθέσθαι,
1658 882 1831 946 μαθὼν
1868 886 2012 934 τοῦτο

0 965 554 1038 ιλιὰμὲαγνίειᾶνεῖίμα
599 966 857 1030 σημαίνων
889 972 987 1033 σφι
1018 966 1083 1019 ὡς
1113 965 1173 1030 ἤν
1203 987 1287 1031 μιν
1318 964 1561 1030 πολιήτην
1592 965 1839 1034 σφέτερον
1868 966 2007 1032 ποιή-
2038 991 2088 1020 10

348 1071 534 1101 σωνται
565 1054 663 1101 τῶν
699 1048 900 1101 πάντων
935 1051 1292 1115 μεταδιδόντες,
1327 1048 1527 1114 ποιήσει
1562 1054 1728 1110 ταῦτα,
1763 1049 1841 1104 ἐπ’
1870 1050 2011 1122 ἄλλῳ

285 1159 306 1205 5
345 1137 507 1204 μισθῷ
540 1133 582 1186 δ’
614 1134 685 1186 οὔ.
774 1137 1080 1201 Σπαρτιῆται
1115 1136 1168 1186 δὲ
1205 1139 1374 1201 πρῶτα
1409 1137 1501 1199 μὲν
1538 1135 1841 1189 ἀκούσαντες
1875 1139 2011 1188 δεινὰ

0 1219 186 1279 ‘ap-⁵⁴¹2
347 1220 603 1270 ἐποιεῦντο
629 1219 707 1270 καὶ
736 1220 971 1284 μετίεσαν
1002 1222 1088 1283 τῆς
1118 1219 1477 1290 χρησμοσύνης
1505 1218 1562 1271 τὸ
1593 1218 1841 1286 παράπαν,
1865 1219 2011 1274 τέλος

345 1305 399 1354 δὲ
443 1305 670 1368 δείματος
712 1302 935 1370 μεγάλου
981 1302 1369 1370 ἐπικρεμαμένου
1411 1307 1499 1354 τοῦ
1543 1306 1796 1371 Περσικοῦ
1837 1304 2009 1356 τούτου

346 1388 715 1453 στρατεύματος
761 1389 1020 1439 καταίνεον
1070 1389 1337 1452 μετιόντες.
1426 1389 1453 1438 6
1498 1389 1551 1438 δὲ
1601 1387 1750 1455 γνοὺς
1800 1408 2006 1455 τετραμ-
2038 1408 2083 1452 ¹5

343 1471 520 1536 μένους
553 1472 717 1539 σφέας
754 1471 855 1523 οὐδ’
894 1473 1048 1526 οὕτως
1083 1472 1156 1523 ἔτι
1196 1471 1293 1538 ἔφη
1332 1470 1597 1538 ἀρκέεσθαι
1631 1471 1853 1524 τούτοισι
1885 1473 2005 1537 μού-

345 1577 495 1614 νοισι,
530 1557 664 1607 ἀλλὰ
694 1560 796 1608 δεῖν
833 1556 905 1607 ἔτι
941 1561 1027 1608 τὸν
1067 1555 1317 1623 ἀδελφεὸν
1353 1558 1537 1608 ἑωυτοῦ
1565 1554 1749 1622 “Ηγίην
1777 1557 2008 1623 γίνεσθαι

345 1639 657 1706 Σπαρτιήτην
690 1639 773 1708 ἐπὶῖ
800 1645 936 1691 τοῖσι
966 1640 1160 1692 αὐτοῖο-ι
1189 1641 1392 1707 λόγοισι
1423 1644 1557 1692 τοῖσι
1588 1643 1668 1692 καὶ
1697 1639 1843 1709 αὐτὸς
1872 1642 2003 1708 γίνε-

0 1739 214 1786 οιΑ-1η
238 1739 304 1787 34
343 1745 437 1776 ται.
526 1729 678 1776 ταῦτα
707 1727 760 1776 δὲ
789 1723 955 1792 λέγων
979 1725 1121 1778 οὗτος
1151 1723 1380 1790 ἐμιμέετο
1412 1722 1741 1789 Μελάμποδα,
1777 1723 2004 1800 ‹bg-qimi-

0 1789 33 1827 ς
55 1793 285 1839 Μ
344 1830 432 1860 σαι
468 1811 747 1875 βασιληίην
780 1830 835 1860 τε
873 1809 951 1860 καὶ
988 1811 1253 1874 πολιτηίην
1290 1807 1619 1874 αἰτεομένους.
1709 1808 1787 1859 καὶ
1820 1809 1916 1875 γὰρ
1945 1808 2004 1873 δὴ
2029 1829 2080 1858 20

344 1893 423 1944 καὶ
454 1892 763 1959 Μελάμπους
795 1898 894 1944 τῶν
927 1895 982 1945 ἐν
1009 1892 1188 1961 Ἀργει·
1222 1898 1467 1960 γυναικῶν
1495 1890 1792 1957 μανεισέων,
1824 1892 1890 1945 ὥς
1919 1913 2004 1957 μιν

340 1980 387 2029 οἱ
439 1977 657 2045 Ἀργεῖοι
708 1979 1004 2042 ἐμισθοῦντο
1056 1979 1110 2029 ἐκ
1161 1978 1335 2028 Πύλου
1383 1981 1572 2029 παῦσαι
1619 1978 1707 2029 τὰς
1753 1974 2004 2043 σφετέρας

0 2056 268 2109 ΜΔ
338 2066 575 2129 γυναῖκας
604 2065 691 2126 τῆς
719 2061 918 2120 νούσου,
950 2061 1133 2127 μισθὸν
1169 2063 1487 2128 προετείνατο
1521 2063 1610 2125 τῆς
1639 2060 1915 2125 βασιληίης
1944 2059 2013 2111 τὸ
2064 2105 2066 2107 ,

274 2164 301 2196 2
339 2145 509 2211 ἥμισυ.
597 2146 683 2197 οὐκ
714 2144 1078 2213 ἀνασχομένων
1108 2148 1160 2198 δὲ
1190 2149 1288 2197 τῶν
1319 2144 1560 2212 Ἀργείων
1589 2143 1704 2196 ἀλλ’
1734 2145 1998 2203 ἀπιόντων,

339 2230 404 2283 ὡς
435 2232 696 2295 ἐμαίνοντο
728 2225 939 2299 [πολλῷ]
971 2234 1182 2283 πλεῦνες
1212 2234 1310 2280 τῶν
1339 2233 1600 2296 γυναικῶν,
1634 2229 1758 2279 οὕτω
1789 2227 1846 2292 δὴ
1878 2229 1997 2280 ὑπο-
2025 2248 2044 2276 2
2052 2248 2073 2287 5

337 2313 547 2368 στάντες
584 2316 645 2366 τὰ
687 2315 712 2364 6
754 2314 1063 2378 Μελάμπους
1108 2314 1424 2380 προετείνατο
1466 2312 1617 2377 ἤισαν
1660 2310 1908 2365 δώσοντές
1952 2313 1999 2363 οἶ

0 2396 286 2461 ΜΨ,
335 2402 503 2452 ταῦτα.
594 2399 620 2449 6
657 2401 711 2450 δὲ
746 2400 956 2450 ἐνθαῦτα
993 2397 1051 2462 δὴ
1091 2396 1381 2464 ἐπορέγεται
1418 2398 1545 2464 ὁρῶν
1580 2395 1756 2449 αὐτοὺς
1790 2415 1996 2462 τετραμ-

390 2550 416 2588 3
454 2537 683 2579 πένταθλον
719 2536 856 2576 RSV
1035 2550 1060 2586 4
1101 2536 1265 2590 ἀνδρείῳ
1299 2535 1334 2574 C
1513 2545 1538 2583 5
1576 2534 1792 2586 γυμνικοὺς
1822 2534 1991 2586 ἀγῶνας,

336 2591 433 2635 ἀλλ’
464 2595 505 2634 ἐς
542 2592 699 2644 ἀρηίους
738 2591 775 2628 R
968 2591 996 2629 6
1038 2591 1280 2632 σπείσαντες
1313 2590 1347 2628 C
1551 2588 1578 2626 8
1618 2587 1740 2641 ὁρέων
1768 2586 1999 2627 CPRSV

335 2661 362 2696 9
390 2646 605 2701 προθέσθαι
628 2647 667 2685 R
848 2659 899 2686 10
926 2645 1162 2695 ποιήσονται
1184 2645 1223 2684 R
1402 2656 1450 2692 13
1482 2643 1639 2684 ἐποίευν
1658 2659 1704 2682 τε
1724 2643 1788 2682 καὶ
1810 2641 1851 2680 Α
1865 2641 1900 2680 Β
1915 2641 1949 2679 C
1963 2641 1998 2679 P

340 2714 388 2752 15
428 2700 634 2753 μετιέντες
667 2701 708 2740 Α
728 2701 763 2740 Β
786 2701 819 2740 C
845 2700 878 2739 P
1127 2712 1174 2749 17
1219 2699 1278 2740 ἔτι
1307 2701 1370 2740 καὶ
1401 2699 1474 2738 τὸν
1507 2696 1644 2736 Aldus
1807 2698 1928 2736 αὐτοῦ
1964 2695 1998 2733 Ρ

336 2770 390 2796 20
428 2774 475 2798 τε
506 2769 588 2796 om.
624 2756 663 2794 R
801 2753 1055 2806 αἰτεομένους
1087 2753 1236 2793 Stein:
1276 2753 1507 2804 αι’τεόμενος
1537 2751 1572 2790 L
1790 2762 1842 2788 21
1884 2750 1994 2802 ἐνάρ-

333 2828 425 2863 γειν
465 2811 505 2850 R
727 2822 779 2860 23
818 2809 940 2850 νόσου
978 2807 1012 2848 C
1034 2809 1074 2848 R
1098 2808 1128 2847 S
1148 2807 1188 2846 V
1322 2806 1527 2861 προέτεινε
1566 2805 1627 2845 S:
1671 2804 1923 2858 προετείνετο
1958 2802 1997 2841 V

334 2877 385 2914 25
428 2870 571 2916 πολλῷ
612 2878 692 2904 om.
735 2864 774 2902 A
798 2863 833 2902 B
858 2863 892 2901 C
915 2863 948 2902 P
1131 2864 1184 2900 ‘26
1224 2862 1479 2915 προετείνετο
1515 2860 1548 2898 C
1572 2860 1602 2898 S
1782 2869 1833 2907 27
1875 2855 1996 2911 ὁρέων
