2132 3340
40 69 172 118 VIII.
202 69 263 118 16

241 468 267 513 3

210 788 263 848 W

206 1381 262 1428 18

194 1808 257 1856 19

917 52 1352 114 ΗΡοΔοΤοτ

306 200 489 250 ἑωυτοῦ
524 197 718 258 ἔπιπτε,
752 195 1146 264 ταρασσομένων
1176 218 1231 249 τε
1259 201 1358 250 τῶν
1388 202 1513 250 νεῶν
1544 198 1621 250 καὶ
1652 220 1974 270 περιπιπτο-ιζζ

298 281 440 355 ,σέων
487 283 599 349 περὶ
647 280 891 346 ἀλλήλας·
951 282 1083 350 ὅμως
1127 281 1298 347 μέντοι
1346 283 1546 351 ἀντεῖχε
1593 284 1670 335 καὶ
1722 284 1808 335 οὐκ
1855 284 1972 337 εἶκε·

305 366 467 418 δεινὸν
511 369 605 433 γὰρ
649 369 816 434 χρῆμα
860 368 1115 417 ἐποιεῦντο
1159 365 1255 417 ὑπὸ
1301 370 1423 418 νεῶν
1462 365 1691 438 ὀλιγέων
1716 370 1767 421 ἐς
1807 368 1974 436 φυγὴν

305 449 595 517 τράπεσθαι.
684 450 873 503 πολλαὶ
916 453 1008 515 μὲν
1053 450 1112 514 δὴ
1156 455 1256 502 τῶν
1295 449 1556 514 Ἑλλήνων
1600 450 1707 505 νέες
1752 454 1970 520 διεφθεί-

303 556 467 601 ροντο,
500 536 683 587 πολλοὶ
714 537 768 587 δὲ
804 534 992 602 ἄνδρες,
1025 538 1201 604 πολλῷ
1240 533 1281 585 δ’
1312 534 1383 585 ἔτι
1415 539 1624 588 πλεῦνες
1653 534 1761 589 νέες
1790 558 1846 588 τε
1874 541 1973 589 τῶν
1997 563 2019 603 5

304 618 582 685 βαρβάρων
628 619 706 671 καὶ
753 618 942 686 ἄνδρες.
1033 619 1158 670 οὕτω
1203 621 1258 670 δὲ
1303 619 1657 685 ἀγωνιζόμενοι
1701 619 1973 686 διέστησαν

304 703 455 771 χωρὶς
487 702 723 771 ἑκάτεροι.

387 786 478 839 Ἐν
507 788 658 860 ταύτῃ
688 789 748 859 τῇ
779 789 1026 859 ναυμαχίῃ
1051 787 1313 854 Αἰγύπτιοι
1342 790 1434 853 μὲν
1464 793 1564 840 τῶν
1589 787 1788 855 Ξέρξεω
1819 810 1970 856 στρα-

302 871 518 924 τιωτέων
556 872 876 939 ἠρίστευσαν,
917 872 962 923 οἲ
1004 871 1139 923 ἄλλα
1178 893 1233 923 τε
1273 871 1470 939 μεγάλα
1510 872 1632 939 ἔργα
1672 872 1971 938 ἀπεδέξαντο

305 956 383 1007 καὶ
428 955 543 1009 νέας
592 957 787 1008 αὐτοῖσι
832 955 1045 1023 ἀνδράσι
1093 957 1230 1008 εἶλον
1273 955 1576 1021 Ἑλληνίδας
1622 955 1786 1008 πέντε.
1874 963 1972 1010 τῶν
2000 980 2048 1009 10

302 1043 357 1092 δὲ
399 1039 662 1105 Ἑλλήνων
709 1043 830 1092 κατὰ
877 1042 1060 1105 ταύτην
1107 1039 1197 1104 τὴν
1240 1039 1427 1107 ἡμέρην
1472 1040 1775 1107 ἠρίστευσαν
1819 1041 1968 1107 Ἀθη-

301 1129 429 1176 ναῖοι
476 1126 554 1176 καὶ
594 1125 872 1190 Ἀθηναίων
915 1126 1149 1189 Κλεινίης
1189 1125 1216 1174 ὁ
1255 1123 1608 1190 Ἀλκιβιάδεω,
1650 1123 1704 1178 ὃς
1748 1125 1971 1190 δαπάνην
2007 1172 2011 1176 .
2067 1176 2071 1180 ,

302 1211 494 1274 οἰκηίην
516 1211 857 1278 παρεχόμενος
883 1208 1207 1276 ἐστρατεύετο
1232 1207 1444 1276 ἀνδράσι
1472 1229 1527 1261 τε
1557 1210 1859 1281 διηκοσίοισι
1891 1209 1969 1262 καὶ

301 1294 462 1365 οἰκηίῃ
495 1295 589 1358 νηί.

382 1376 476 1432 Ὡς
513 1381 566 1429 δὲ
601 1378 888 1443 διέστησαν,
920 1376 1132 1443 ἄσμενοι
1168 1375 1391 1444 ἑκάτεροι
1420 1379 1471 1432 ἐς
1501 1378 1655 1445 ὅρμον
1683 1377 1968 1446 ἠπείγοντο.
1997 1401 2044 1442 15

299 1463 345 1513 οἱ
381 1465 435 1514 δὲ
456 1460 710 1527 ’Έλληνες
749 1463 812 1515 ὡς
846 1460 1177 1529 διακριθέντες
1216 1463 1268 1513 ἐκ
1305 1464 1392 1526 τῆς
1427 1463 1703 1532 ναυμαχίης
1738 1462 1965 1528 ἀπηλλά-

297 1550 515 1613 χθησαν,
531 1552 630 1598 τῶν
646 1549 737 1612 μὲν
750 1552 934 1614 νεκρῶν
951 1546 1028 1597 καὶ
1043 1550 1141 1597 τῶν
1159 1547 1406 1613 ναυηγίων
1420 1545 1731 1614 ἐπεκράτεον,
1747 1547 1969 1615 τρηχέως

298 1633 351 1682 δὲ
388 1630 754 1699 περιεφθέντες,
796 1632 874 1683 καὶ
911 1630 999 1682 οὐκ
1035 1630 1216 1695 ἥκιστα
1253 1629 1508 1696 Ἀθηναῖοι
1543 1636 1642 1684 τῶν
1677 1634 1727 1685 αἱ
1761 1632 1966 1698 ἡμίσεαι

297 1720 396 1767 τῶν
413 1721 538 1767 νεῶν
557 1714 858 1782 τετρωμέναι
881 1714 1029 1780 ἦσαν,
1052 1714 1276 1782 δρησμὸν
1300 1714 1357 1779 δὴ
1378 1716 1654 1781 ἐβούλευον
1677 1716 1777 1769 ἔσω
1803 1718 1853 1770 ἐς
1875 1715 1966 1781 τὴν

296 1798 536 1851 Ἑλλάδα.
605 1801 702 1870 νόῳ
733 1802 787 1852 δὲ
816 1800 995 1865 λαβὼν
1027 1801 1052 1850 ὁ
1085 1798 1464 1864 Θεμιστοκλέης
1494 1800 1560 1853 ὡς
1590 1802 1632 1853 εἰ
1662 1801 1963 1868 ἀπορραγείη
1991 1822 2042 1852 20

297 1883 395 1935 ἀπὸ
435 1889 521 1935 τοῦ
559 1883 826 1952 βαρβάρου
867 1885 925 1935 τό
964 1905 1020 1936 τε
1056 1882 1278 1936 Ἰωνικὸν
1313 1888 1477 1950 φῦλον
1519 1885 1598 1936 καὶ
1635 1883 1692 1936 τὸ
1729 1885 1960 1952 Καρικόν,

296 1968 397 2019 οἷοί
422 1990 475 2020 τε
506 1970 683 2030 εἴησαν
713 1973 810 2020 τῶν
841 1973 1032 2020 λοιπῶν
1065 1968 1338 2035 κατύπερθε
1367 1967 1618 2035 γενέσθαι,
1652 1969 1963 2020 ἐλαυνόντων

295 2056 393 2104 τῶν
426 2051 665 2118 Εὐβοέων
696 2053 929 2120 πρόβατα
968 2053 1049 2105 ἐπὶ
1085 2052 1175 2116 τὴν
1213 2050 1498 2112 θάλασσαν,
1530 2054 1683 2124 ταύτῃ
1713 2051 1963 2117 συλλέξας

296 2135 409 2189 τοὺς
445 2137 754 2204 στρατηγοὺς
791 2136 938 2204 ἔλεγέ
976 2143 1074 2204 σφι
1111 2137 1176 2190 ὡς
1212 2134 1376 2188 δοκέοι
1411 2137 1548 2204 ἔχειν
1581 2138 1692 2188 τινὰ
1726 2135 1962 2211 παλάμην
1984 2139 2132 2188 διν-ἐι

294 2227 355 2293 τῇ
390 2221 581 2284 ἐλπίζοι
616 2226 714 2273 τῶν
751 2220 1000 2287 βασιλέος
1041 2220 1319 2289 συμμάχων
1354 2219 1664 2284 ἀποστήσειν
1699 2221 1813 2275 τοὺς
1854 2221 1958 2287 ἀρί-
1987 2241 2035 2282 25

297 2325 461 2358 στους.
531 2309 684 2357 ταῦτα
712 2305 804 2371 μέν
835 2327 922 2358 νυν
954 2308 1006 2360 ἐς
1035 2309 1246 2358 τοσοῦτο
1277 2305 1604 2371 παρεγύμνου,
1636 2304 1717 2357 ἐπὶ
1745 2307 1799 2357 δὲ
1828 2309 1961 2356 τοῖσι

353 2453 372 2480 1
391 2436 394 2438 μ
416 2444 787 2498 παρατασσομένων
826 2444 888 2485 B:
937 2442 1275 2498 ταρασσομενέων
1317 2442 1351 2481 C
1374 2441 1408 2480 P
1425 2442 1463 2480 R
1482 2442 1512 2482 S
1528 2442 1565 2481 V
1674 2447 1779 2493 νηῶν
1819 2443 1858 2481 R
1877 2443 1907 2482 S
1923 2444 1960 2483 V

294 2507 323 2546 3
358 2497 565 2539 ἐποιέοντο
596 2498 630 2538 Ρ
648 2499 687 2538 R
705 2498 788 2538 SV
899 2503 1003 2548 νηῶν
1035 2499 1074 2537 R
1093 2498 1177 2537 SV
1287 2497 1431 2549 ὀλίγον
1462 2497 1530 2536 R:
1572 2497 1723 2550 ὀλίγων
1752 2497 1844 2538 rell.
1878 2498 1958 2551 [V]

296 2564 322 2600 4
351 2555 441 2601 νῆες
463 2553 503 2592 R
519 2552 600 2592 SV
739 2565 764 2603 5
796 2557 887 2603 νῆες
911 2553 1075 2594 RSV:
1104 2566 1188 2592 om.
1206 2551 1263 2591 Al
1401 2553 1429 2590 6
1458 2569 1504 2592 τε
1527 2551 1662 2591 RSV
1763 2552 1958 2605 ἀγωνισά-

294 2622 406 2656 μενοι
432 2606 819 2658 Schweighaeuser
974 2621 1001 2658 9
1032 2608 1131 2661 ἔργα
1148 2606 1311 2659 μεγάλα
1332 2606 1371 2644 R
1388 2606 1418 2645 S
1431 2606 1470 2645 V
1621 2619 1671 2645 10
1700 2609 1796 2655 νῆας
1820 2607 1857 2644 R
1875 2606 1906 2646 S
1919 2607 1959 2646 V

299 2673 349 2699 12
373 2662 558 2704 Κλεινίας
574 2662 614 2701 Α
628 2663 663 2701 Β
680 2663 714 2701 C
728 2663 762 2702 P
877 2673 928 2712 15
958 2666 994 2704 οἱ
1009 2662 1054 2704 δὲ
1070 2665 1119 2704 ὡς
1137 2661 1358 2703 διέστασαν
1374 2660 1413 2698 R
1428 2659 1459 2700 S
1474 2660 1512 2699 V
1624 2673 1671 2710 17
1701 2661 1873 2714 ναυγίων
1890 2661 1930 2700 R
1945 2675 1956 2703 ε

294 2716 591 2812 Ἄιῖῧηῖέέω-νσνο
605 2717 771 2813 εΟ-’Ύέἴν
793 2717 871 2810 SR
888 2772 918 2812 S
931 2716 1129 2811 ’ὅρηχέος
1151 2716 1190 2809 I}
1246 2787 1269 2811 ν
1298 2773 1351 2811 ὣν
1371 2715 1621 2809 ῙῙὶὸΞῆιῙιίσεαὶ
1636 2714 1957 2818 ἐέᾞιλὸεάονῖἀιέ

295 2836 349 2864 20
378 2827 398 2865 ὁ
418 2803 499 2867 oin.
526 2789 612 2866 Ῑῗεὸ
624 2805 669 2865 ν.
749 2789 811 2814 εες
847 2840 896 2866 21
927 2827 979 2867 τό
1003 2844 1048 2867 τε
1069 2839 1153 2867 om.
1177 2784 1218 2864 ἓ
1269 2787 1294 2819 η
1404 2837 1456 2862 22
1485 2822 1592 2872 ἦσαν
1611 2823 1645 2862 C
1774 2824 1956 2876 ’γίνεσθαι

294 2879 336 2918 Α
350 2879 385 2917 Β
401 2879 435 2918 C
613 2893 666 2931 23
695 2880 851 2934 ταύτην
869 2881 909 2923 Α
924 2881 958 2924 Β
974 2881 1008 2920 C
1023 2881 1056 2924 P
1221 2891 1275 2931 25
1306 2877 1458 2929 ἐλπίζει
1481 2877 1515 2916 Ρ
1677 2879 1731 2919 26
1759 2882 1958 2921 τοσοῦτον

297 2932 434 2975 Rsv
542 2935 753 2989 ⁷⁷7⁶ch
