2132 3340
13 84 126 135 VII.
146 86 242 134 106

155 2242 249 2288 108

898 86 1327 146 ΗΡΟΔΟΤΟΎ

286 213 565 280 κατέστησε
614 209 645 279 ἢ
699 218 913 282 Δαρεῖος
961 214 1231 285 ὑπάρχους,
1285 214 1542 282 πέμπεσκε
1593 217 1670 268 δὲ’
1697 216 1793 268 ἆνᾶ
1849 221 1950 270 πᾶν

285 300 411 353 ἔτος·
475 299 540 353 ὣς
571 301 624 351 δὲ
655 299 735 351 καὶ
759 298 1086 367 Ἀρτοξέρξης
1117 302 1143 351 ὁ
1175 299 1375 368 Ξέρξεω
1404 305 1540 352 τοῖσι
1570 302 1949 367 Μασκαμείοισι

285 384 556 451 ἐκγόνοισι.
619 382 937 437 κατέστασαν
973 386 1068 452 γὰρ
1104 384 1178 437 ἔτι
1218 386 1457 452 πρότερον
1491 384 1794 450 ταύτηςιτῆς
1829 386 1946 438 ἐλά-

287 489 396 522 σιος
430 469 647 537 ὕπαρχοι
681 469 736 520 ἐν
779 476 840 542 τῇ
885 470 1081 542 Θρηίκῃ
1128 470 1206 522 καὶ
1250 474 1336 521 τοῦ
1385 467 1774 535 Ἑλλησπόντου
1823 491 1946 522 παν-

285 560 430 625 ταχῇ.
521 552 656 604 οὗτοι
698 550 765 604 ὧν
805 552 1001 612 πάντες,
1037 555 1089 605 οἵ
1121 575 1177 606 τε
1216 555 1269 605 ἐκ
1312 555 1535 622 Θρηίκης
1580 554 1659 606 καὶ
1702 558 1789 606 τοῦ
1827 553 1945 606 Ἑλ·

284 637 588 702 λησπόντου,
627 636 761 702 πλὴν
799 642 888 689 τοῦ
932 639 987 689 ἐν
1029 638 1262 708 Δορίσκῳ
1300 638 1395 690 ὑπὸ
1434 636 1700 703 Ἑλλήνων
1738 639 1949 705 ὕστερον

246 786 253 795 .
284 720 464 786 ταύτης
494 724 582 786 τῆς
612 723 985 788 στρατηλασίης
1014 721 1360 789 ἐξαιρέθησαν·
1405 721 1493 773 τὸν
1533 724 1584 774 δὲ
1623 724 1678 774 ἐν
1715 723 1948 793 Δορίσκῳ

286 801 612 871 [Μασκάμην]
669 805 877 871 οὐδαμοί
931 827 1000 858 κω
1059 805 1410 871 ἐδυνάσθησαν
1475 804 1681 870 ἐξελεῖν,
1742 811 1948 859 πολλῶν

285 889 678 956 πειρησαμένων.
768 891 847 941 διὰ
891 895 1037 942 τοῦτο
1078 889 1134 942 δέ
1179 892 1226 941 οἱ
1270 892 1331 941 τὰ
1363 893 1493 956 δῶρα
1530 889 1775 956 πέμπεται
1813 892 1947 958 παρὰ

285 979 372 1026 τοῦ
409 973 776 1039 βασιλεύοντος
810 974 907 1025 αἰεὶ
944 976 997 1026 ἐν
1033 973 1283 1046 Πέρσῃσι.
1373 978 1472 1026 τῶν
1508 976 1561 1026 δὲ
1597 973 1947 1042 ἐξαιρεθέντων

284 1058 381 1110 ὑπὸ
404 1056 669 1122 Ἑλλήνων
698 1057 875 1110 οὐδένα
904 1058 1153 1124 βασιλεὺς
1186 1057 1379 1126 ’Ξέρξης
1409 1059 1611 1124 ἐνόμισε
1641 1058 1767 1111 εἶναι
1795 1057 1948 1126 ἄνδρα

286 1142 475 1210 ἀγαθὸν
520 1144 563 1194 εἰ
605 1141 672 1207 μὴ
718 1143 884 1210 Βόγην
927 1148 1110 1208 μοῦνον
1151 1146 1240 1195 τὸν
1286 1141 1351 1207 ἐξ*
1383 1141 1601 1196 Ἠιόνος.
1688 1147 1859 1196 τοῦτον
1895 1145 1949 1195 δὲ

287 1226 466 1278 αἰνέων
497 1226 585 1277 οὐκ
616 1225 828 1278 ἐπαύετο
859 1226 939 1278 καὶ
973 1227 1089 1281 τοὺς
1126 1227 1414 1294 περιεόντας
1451 1227 1599 1278 αὐτοῦ
1631 1229 1683 1279 ἐν
1715 1227 1946 1300 Πέρσῃσι

288 1314 467 1364 παῖδας
497 1312 638 1376 ἐτίμα
666 1309 907 1376 μάλιστα,
936 1312 1043 1364 ἐπεὶ
1075 1311 1154 1363 καὶ
1183 1311 1319 1377 ἄξιος
1351 1313 1555 1364 ἐπαίνου
1583 1310 1805 1379 μεγάλου
1835 1310 1943 1380 ἐγέ-

288 1417 403 1448 νετο
455 1396 634 1462 Βόγης·
701 1393 757 1449 ὃς
802 1394 969 1460 ἐπειδὴ
1016 1395 1363 1463 ἐπολιορκέετο
1406 1395 1501 1448 ὑπὸ
1546 1395 1824 1462 Ἀθηναίων
1869 1395 1947 1448 καὶ

292 1482 518 1544 Κίμωνος
545 1483 632 1531 τοῦ
662 1478 968 1539 Μιλτιάδεω,
993 1479 1179 1548 παρεὸν
1210 1480 1339 1551 αὐτῷ
1369 1480 1692 1533 ὑπόσπονδον
1723 1479 1948 1546 ἐξελθεῖν

291 1565 369 1615 καὶ
400 1566 646 1628 νοστῆσαι
678 1566 729 1618 ἐς
758 1563 849 1629 τὴν
885 1563 1084 1629 Ἀσίην,
1119 1566 1205 1617 οὐκ
1227 1564 1465 1630 ἠθέλησε,
1498 1564 1566 1630 μὴ
1597 1566 1756 1637 δειλίῃ
1788 1564 1947 1631 δόξειε

290 1653 528 1715 περιεῖναι
559 1647 788 1714 βασιλέϊ,
815 1649 949 1701 ἀλλὰ
981 1648 1286 1717 διεκαρτέρεε
1319 1651 1369 1704 ἐς
1397 1648 1455 1700 τὸ
1486 1649 1721 1717 ἔσχατον.
1809 1649 1874 1703 ὡς
1904 1648 1947 1701 δ’

289 1731 431 1784 οὐδὲν
483 1732 555 1784 ἔτι
607 1736 807 1800 φορβῆς
858 1735 975 1797 ἐνῆν
1027 1735 1082 1785 ἐν
1139 1739 1205 1804 τῷ
1263 1734 1435 1802 τείχεϊ,
1489 1732 1740 1798 συννήσας
1791 1732 1949 1802 πυρὴν

287 1815 513 1883 μεγάλην
543 1816 740 1884 ἔσφαξε
762 1819 823 1868 τὰ
844 1816 994 1869 τέκνα
1017 1819 1096 1870 καὶ
1120 1817 1209 1882 τὴν
1233 1823 1441 1885 γυναῖκα
1467 1819 1545 1870 καὶ
1567 1819 1656 1872 τᾶς
1687 1819 1949 1872 παλλακὰς

291 1901 368 1952 καὶ
413 1901 527 1954 τοὺς
571 1900 765 1955 οἰκέτας
810 1901 889 1953 καὶ
934 1901 1107 1954 ἔπειτα
1146 1902 1369 1967 ἐσέβαλε
1402 1904 1453 1956 ἐς
1488 1901 1545 1954 τὸ
1581 1907 1690 1969 πῦρ,
1731 1904 1853 1968 μετὰ
1893 1904 1948 1954 δὲ

289 1989 442 2035 ταῦτα
471 1989 556 2036 τὸν
587 1985 779 2053 χρυσὸν
806 1984 1005 2038 ἅπαντα
1034 1985 1123 2038 τὸν
1159 1988 1214 2038 ἐκ
1243 1991 1331 2038 τοῦ
1360 1986 1540 2041 ἄστεος
1571 1986 1650 2038 καὶ
1679 1986 1766 2038 τὸν
1796 1986 1945 2054 ἄργυ-

289 2090 377 2135 ρον
407 2069 609 2136 ἔσπειρε
644 2069 742 2121 ἀπὸ
778 2074 865 2120 τοῦ
898 2072 1092 2138 τείχεος
1128 2073 1180 2125 ἐς
1215 2070 1300 2123 τὸν
1337 2072 1611 2138 Στρυμόνα,
1644 2069 1858 2135 ποιήσας
1892 2072 1947 2122 δὲ

289 2157 440 2203 ταῦτα
472 2152 653 2204 ἑωυτὸν
683 2153 907 2219 ἐσέβαλε
938 2157 988 2208 ἐς
1017 2154 1076 2207 τὸ
1106 2159 1217 2222 πῦρ.
1303 2155 1428 2206 οὕτω
1458 2158 1550 2220 μὲν
1579 2155 1721 2208 οὗτος
1750 2156 1949 2208 δικαίως

289 2235 503 2288 αἰνέεται
539 2237 611 2289 ἔτι
645 2238 726 2289 καὶ
764 2239 815 2291 ἐς
848 2238 964 2290 τόδε
997 2238 1092 2290 ὑπὸ
1130 2238 1387 2307 Περσέων.
1475 2237 1668 2306 Ξέρξης
1699 2241 1751 2290 δὲ
1780 2240 1834 2289 ἐκ
1863 2242 1948 2289 τοῦ

293 2322 543 2388 Δορίσκου
579 2321 842 2389 ἐπορεύετο
879 2323 960 2375 ἐπὶ
995 2321 1086 2387 τὴν
1116 2322 1359 2383 Ἑλλάδα,
1391 2322 1505 2376 τοὺς
1535 2325 1590 2374 δὲ
1618 2323 1714 2374 αἰεὶ
1743 2321 1943 2390 γινομέ-

291 2426 403 2458 νους
433 2406 660 2471 ἐμποδὼν
691 2407 1118 2474 συστρατεύεσθαι
1152 2406 1411 2476 ἠνάγκαζε.
1504 2406 1804 2459 ἐδεδούλωτο
1833 2406 1944 2474 γάρ,

291 2489 356 2543 ὡς
391 2489 472 2541 καὶ
505 2490 748 2557 πρότερόν
781 2512 865 2557 μοι
902 2490 1194 2557 δεδήλωται,
1226 2492 1256 2558 ἡ
1291 2491 1442 2560 μέχρι
1473 2491 1772 2556 Θεσσαλίης
1805 2493 1946 2544 πᾶσα

343 2642 369 2679 3
398 2628 662 2678 κατέστησαν
681 2629 716 2669 C
827 2644 852 2680 4
881 2633 955 2672 τοῦ
978 2644 1058 2670 om.
1085 2630 1118 2669 C
1229 2634 1423 2686 πανταχῇ
1446 2661 1457 2672 .
1475 2662 1484 2672 .
1504 2661 1512 2670 .
1534 2630 1840 2680 Ἑλλησπόντου
1861 2643 1942 2671 om.

291 2685 324 2723 C
339 2684 379 2723 R
394 2685 424 2723 S
437 2685 475 2723 V
639 2696 664 2733 5
693 2688 767 2726 τοῦ
786 2698 867 2725 om.
892 2684 933 2723 A
947 2685 982 2723 B
998 2686 1050 2738 (2)
1216 2698 1238 2735 7
1270 2685 1569 2739 ἐξη(ι)ρέθησαν
1589 2686 1623 2724 L
1706 2709 1712 2712 -
1745 2688 1788 2726 ἐν
1805 2698 1887 2726 om.
1907 2686 1942 2725 C

291 2741 317 2777 8
349 2739 486 2780 Μασκ.
510 2739 591 2778 del.
619 2739 888 2778 Herwerden
1028 2742 1138 2788 ἠδυν.
1164 2740 1204 2779 R
1220 2740 1301 2779 SV
1517 2753 1546 2790 9
1572 2755 1780 2795 πειρησομ.
1803 2739 1842 2778 R
1859 2740 1890 2780 S
1905 2740 1945 2779 V

291 2794 339 2841 δή
361 2794 481 2832 Stein
623 2806 674 2832 10
702 2793 786 2835 αι’ὲν
807 2794 846 2833 R
862 2794 891 2833 S
904 2795 944 2834 V
1094 2807 1141 2844 14
1170 2794 1354 2845 μάλιστα
1372 2808 1454 2835 om.
1477 2793 1526 2834 pt
1539 2794 1579 2832 R
1593 2794 1623 2833 S
1636 2794 1674 2832 V
1785 2795 1944 2836 ἐπαίνου

293 2847 332 2885 R
349 2847 378 2886 S
392 2847 450 2888 V:
483 2852 591 2889 αἴνου
611 2848 702 2889 rell.
929 2850 979 2887 16
1007 2851 1164 2902 παρεὼν
1186 2848 1225 2886 R
1238 2849 1278 2887 V
1499 2861 1548 2899 19
1581 2849 1757 2897 συνήσας
1781 2847 1837 2887 Αι
1852 2848 1886 2887 C
1903 2849 1943 2888 R

291 2915 345 2940 20
381 2903 569 2954 μεγάλην
597 2915 678 2942 οῐη.
714 2903 859 2943 RSV
1022 2905 1204 2945 παλακὰς
1236 2903 1285 2941 C¹
1503 2916 1553 2943 21
1596 2903 1640 2943 δὲ
1677 2916 1758 2942 om.
1790 2903 1830 2940 A
1851 2902 1885 2940 B
1907 2904 1942 2942 C

291 2970 342 3005 24
375 2957 553 3004 ἐπέβαλε
574 2958 609 2995 C
773 2961 827 2996 26
854 2957 1095 3011 γενομένους
1118 2958 1157 2996 R

1975 998 2024 1025 10

1974 1417 2021 1458 15

1973 1839 2025 1867 20

1971 2257 2020 2297 25
