2034 3328
718 91 1098 141 ΙΣΤΟΡΙΩΝ
1160 91 1201 140 Ε
1842 89 1906 139 V.
1926 101 1994 139 22

130 223 301 293 ἀγῶνα
349 223 483 276 ἀλλὰ
527 219 806 288 Ἑλλήνων.
894 217 1224 289 Ἀλέξανδρος
1275 222 1329 274 δὲ
1379 218 1548 286 ἐπειδὴ
1594 218 1804 287 ἀπέδεξε

131 308 197 362 ὡς
237 309 309 373 ε’ίη
347 307 587 375 Ἀργεῖος,
627 306 794 372 ἐκρίθη
833 327 888 359 τε
930 306 1056 359 εἶναι
1082 304 1286 371 “Ελλην
1325 306 1403 358 καὶ
1442 305 1803 374 ἀγωνιζόμενος

131 391 338 445 στάδιον
375 390 705 457 συνεξέπιπτε
740 396 807 443 τῶ
848 413 885 444 π
917 391 1039 462 ώτῳ.
1129 395 1282 443 ταῦτα
1318 389 1411 457 μέν
1449 411 1536 444 νυν
1574 390 1700 444 οὕτω
1741 411 1802 463 κῃ
1821 380 2034 478 βῖᾌᾟβ

132 475 347 545 ἐγένετο.

83 586 108 630 5
183 624 188 628 μ
216 560 523 629 Μεγάβαζος
543 563 595 614 δὲ
615 560 750 629 ἄγων
770 561 884 614 τοὺς
899 561 1124 614 Παίονας
1143 561 1348 613 ἀπίκετο
1368 561 1450 613 ἐπὶ
1469 560 1554 612 τὸν
1572 557 1799 625 Ἑλλήσ-
1840 574 1906 624 23

131 667 329 705 ποντον,
373 647 601 698 ἐνθεῦτεν
643 648 696 698 δὲ
732 645 1105 714 διαπεραιωθεὶς
1142 646 1347 698 ἀπίκετο
1385 646 1435 699 ἐς
1476 646 1563 699 τὰς
1604 643 1801 712 Σάρδις.

131 728 220 783 ἅτε
260 732 313 783 δὲ
358 728 639 799 τειχέοντος
683 729 776 796 ἤδη
821 729 1061 783 Ἱστιαίου
1103 734 1191 781 τοῦ
1237 729 1495 795 Μιλησίου
1539 728 1631 795 τὴν
1671 730 1804 796 παρὰ

134 814 350 883 Δαρείου
372 813 582 879 αἰτήσας
607 814 753 884 ἔτυχε
777 814 962 882 μισθὸν
986 813 1174 882 δωρεὴν
1198 817 1427 883 φυλακῆς
1456 816 1544 879 τῆς
1576 815 1801 882 σχεδίης,

130 899 301 955 ἐόντος
316 902 369 952 δὲ
387 903 474 952 τοῦ
486 899 653 968 χώρου
666 900 842 952 τούτου
858 901 989 968 παρὰ
1003 899 1262 967 Στρυμόνα
1280 899 1520 965 ποταμόν,
1534 903 1601 970 τῷ
1617 896 1804 964 οὔνομά

55 1008 107 1041 10
131 985 244 1037 ἐστι
278 984 544 1051 Μύρκινος,
584 985 756 1050 μαθὼν
792 985 819 1035 ὁ
858 983 1167 1052 Μεγάβαζος
1201 983 1258 1035 τὸ
1294 984 1589 1049 ποιεύμενον
1625 985 1680 1035 ἐκ
1715 986 1803 1034 τοῦ

128 1067 383 1129 Ἱστιαίου,
406 1069 471 1124 ὡς
494 1067 619 1133 ἦλθε
639 1068 860 1138 τάχιστα
884 1070 936 1122 ἐς
958 1070 1046 1122 τὰς
1065 1067 1246 1136 Σάρδις
1267 1068 1404 1136 ἄγων
1426 1068 1540 1122 τοὺς
1559 1068 1798 1128 Παίονας,

129 1152 277 1222 ἔλεγε
308 1154 504 1224 Δαρείῳ
534 1151 669 1206 τάδε·
709 1152 783 1206 ἳΩ
818 1157 1054 1220 βασιλεῦ,
1088 1154 1225 1206 κοῖόν
1255 1174 1301 1205 τι
1338 1156 1506 1222 χρῆμα
1541 1154 1798 1218 ἐποίησας,
1838 1168 1864 1203 2

129 1237 270 1306 ἀνδρὶ
283 1235 507 1304 ’Έλληνι
536 1242 679 1310 δεινῷ
702 1260 757 1291 τε
788 1239 866 1291 καὶ
897 1242 1044 1309 σοφῷ
1075 1238 1189 1292 δοὺς
1220 1238 1548 1305 ἐγκτίσασθαι
1571 1237 1722 1290 πόλιν
1747 1238 1802 1289 ἐν

0 1368 92 1412 ω
131 1323 343 1396 Θρηίκῃ,
377 1323 458 1376 ἵνα
486 1324 564 1389 ἵδη
595 1343 651 1376 τε
687 1321 1067 1391 ναυπηγήσιμός
1103 1323 1214 1375 ἐστι
1249 1321 1471 1390 ἄφθονος
1509 1323 1587 1374 καὶ
1618 1321 1802 1374 πολλοὶ

56 1429 104 1473 15
131 1405 319 1478 κωΖτ-έες
350 1406 428 1459 καὶ
455 1406 686 1475 μέταλλα
715 1407 945 1477 ἀργύρεα,
979 1408 1154 1474 ὅμιλός
1185 1429 1238 1460 τε
1267 1406 1460 1461 πολλὸς
1488 1410 1579 1473 μὲν
1600 1405 1802 1471 οΈλλην

131 1491 410 1559 περιοικέει,
436 1491 628 1546 πολλὸς
659 1495 711 1546 δὲ
739 1492 1017 1560 βάρβαρος,
1045 1492 1092 1544 οἳ
1114 1491 1406 1559 προστάτεω
1438 1492 1804 1557 ἐπιλαβόμενοι

132 1574 403 1642 ποιήσουσι
420 1581 566 1629 τοῦτο
583 1576 640 1629 τὸ
663 1576 726 1630 ἂν
746 1581 905 1631 κεῖνος
924 1575 1186 1645 ἐξηγέηται
1208 1576 1286 1628 καὶ
1303 1575 1486 1644 ἡμέρης
1509 1576 1587 1628 καὶ
1611 1575 1799 1630 νυκτός.

131 1660 198 1713 σύ
233 1682 321 1714 νυν
359 1666 533 1714 τοῦτον
572 1661 659 1714 τὸν
699 1661 854 1729 ἄνδρα
897 1666 1091 1714 παῦσον
1129 1666 1283 1713 ταῦτα
1321 1665 1567 1720 ποιεῦντα,
1611 1662 1693 1713 ἵνα
1734 1659 1801 1726 μὴ
1840 1680 1867 1726 3

0 1737 107 1831 ἓ,
131 1745 302 1817 οἰκηίῳ
339 1745 543 1818 πολέμῳ
585 1746 791 1818 συνέχῃ.
877 1746 1042 1816 τρόπῳ
1084 1748 1137 1799 δὲ
1177 1745 1307 1816 ἠπίῳ
1346 1744 1803 1813 μεταπεμψάμενος

56 1852 109 1884 20
131 1834 343 1884 παῦσον·
397 1832 548 1884 ἐπεὰν
593 1833 646 1884 δὲ
691 1830 841 1884 αὐτὸν
884 1829 1192 1904 περιλάβῃς,
1228 1828 1414 1883 ποιέειν
1459 1831 1586 1884 ὅκως
1628 1829 1803 1896 μηκέτι

133 1918 291 1970 κεῖνος
330 1916 383 1970 ἐς
408 1914 670 1981 ’Έλληνας
706 1914 949 1981 ἀπίξεται.
1037 1920 1190 1968 ταῦτα
1223 1914 1390 1983 λέγων
1429 1916 1455 1966 ὁ
1494 1913 1801 1982 Μεγάβαζος
1839 1929 1904 1979 24

131 1997 374 2054 εὐπετέως
421 1999 587 2053 ἔπειθε
631 1999 719 2053 τὸν
765 2004 981 2068 Δαρεῖον
1027 2000 1093 2054 ὡς
1139 1999 1193 2052 εὖ
1240 2005 1466 2068 προορῶν
1509 1998 1565 2051 τὸ
1608 1998 1801 2065 μέλλον

130 2084 376 2151 γίνεσθαι.
464 2086 590 2151 μετὰ
636 2087 691 2138 δὲ
735 2083 941 2153 πέμψας
992 2084 1212 2153 ἄγγελον
1257 2086 1309 2139 ἐς
1352 2083 1442 2149 τὴν
1487 2084 1743 2151 Μύρκινον
1774 2085 1802 2135 ὁ

132 2172 345 2237 Δαρεῖος
374 2168 521 2237 ἔλεγε
550 2168 684 2223 τάδε·
725 2169 948 2229 Ἱστιαῖε,
974 2169 1223 2235 βασιλεὺς
1249 2173 1463 2237 Δαρεῖος
1492 2167 1611 2221 τάδε
1639 2167 1798 2235 λέγει·

55 2275 105 2317 25
130 2253 230 2320 ἐγὼ
261 2254 538 2322 φροντίζων
574 2254 784 2322 εὑρίσκω
821 2256 936 2319 ἐμοί
966 2276 1022 2307 τε
1059 2253 1139 2306 καὶ
1174 2258 1307 2306 τοῖσι
1343 2255 1510 2319 ἐμοῖσι
1540 2251 1800 2320 πρήγμασι

49 2388 52 2389 ⁷
130 2337 256 2390 εἶναι
279 2337 454 2407 οὐδένα
477 2343 568 2392 σεῦ
589 2338 743 2408 ἄνδρα
767 2337 1103 2407 εὐνοέστερον,
1128 2343 1273 2391 τοῦτο
1296 2342 1349 2392 δὲ
1371 2339 1429 2391 οὐ
1457 2338 1662 2405 λόγοισι
1683 2336 1799 2390 ἀλλ’

129 2420 326 2489 ἔργοισι
347 2417 458 2475 οἴδα
479 2423 668 2490 μαθών.
742 2428 829 2477 νῦν
853 2421 937 2484 ὧν,
965 2421 1172 2496 ἐπινοέω
1195 2425 1292 2491 γὰρ
1315 2421 1580 2491 πρήγματα
1600 2421 1800 2490 μεγάλα
1821 2395 1925 2473 '‘2⁵⁸''
1938 2398 2034 2453 ‘'¹⁸‘'

188 2573 206 2600 1
239 2561 328 2603 Ἀλ.
351 2559 495 2613 μὲνδὴ
515 2561 554 2600 V
569 2560 608 2601 U
629 2575 639 2602 τ
668 2564 690 2603 ὖ
713 2560 789 2613 μὲν
808 2563 856 2611 δὴ
882 2561 971 2603 Ἀλ.
1001 2560 1032 2601 S
1212 2573 1238 2599 2
1269 2561 1403 2615 ἐκρίθη
1424 2559 1585 2610 “Ἐλλην
1608 2561 1706 2603 εἶναι
1733 2561 1799 2602 καὶ

130 2615 430 2669 ἀγωνισάμενος
451 2616 482 2656 S
495 2616 534 2655 V
548 2615 587 2655 U
764 2628 790 2666 5
821 2620 862 2659 ἐς
882 2617 964 2657 SV
978 2616 1017 2656 U
1175 2616 1202 2654 6
1231 2615 1276 2657 δὲ
1295 2629 1375 2656 om.
1402 2615 1441 2655 A
1454 2616 1489 2654 B
1505 2616 1539 2656 C
1555 2616 1605 2655 P·
1725 2616 1799 2658 τὰς
1826 2628 1830 2632 ’

129 2683 212 2710 om.
238 2671 320 2711 SV
335 2671 374 2711 U
562 2683 585 2721 7
616 2669 681 2723 δὲ]
703 2672 752 2721 δὴ
774 2673 808 2711 C
994 2672 1020 2709 8
1049 2671 1194 2722 μισθὸν
1213 2670 1431 2719 Schaefer‚
1455 2672 1604 2723 δωρεὴν
1627 2670 1799 2710 Dobree

129 2725 213 2765 de1.
411 2739 462 2766 10
491 2725 712 2779 Μύρκιννος
732 2726 790 2768 C:
823 2725 996 2779 Μύρκιος
1017 2726 1047 2766 S
1062 2726 1100 2764 V
1237 2725 1281 2767 δὲ
1302 2729 1323 2767 ὁ
1343 2726 1381 2765 V
1396 2726 1434 2765 U
1637 2738 1686 2764 12
1714 2724 1800 2766 οἶόν

130 2779 162 2820 S
175 2780 214 2819 V
229 2781 268 2820 U
492 2793 540 2831 13
571 2781 851 2834 ἐγκτήσασθαι
873 2782 903 2820 S
917 2781 955 2820 V
969 2781 1008 2820 U
1225 2793 1273 2830 14
1301 2782 1368 2822 ἵνα
1387 2798 1437 2822 τε
1457 2797 1570 2822 ναυπ.
1598 2783 1713 2821 ἐστιν
1731 2783 1798 2828 ἴδη

131 2834 228 2874 SVc
250 2837 344 2887 (ἤδη
363 2833 439 2886 Vl)
456 2835 496 2874 U
656 2848 705 2886 15
734 2836 899 2889 μεγάλα
918 2835 1085 2890 ἀργύρια
1105 2834 1156 2874 Pl
1172 2835 1202 2875 S
1216 2836 1254 2874 V
1268 2836 1306 2875 U
1464 2848 1511 2885 17
1544 2839 1695 2877 ἐκεῖνος
1716 2835 1747 2875 S
1760 2835 1800 2874 V

129 2889 338 2942 ἐξηγέεται
361 2890 443 2930 SV
457 2890 496 2930 U
700 2892 748 2929 18
775 2892 850 2932 τὸν
869 2892 989 2944 ἄνδρα
1009 2894 1155 2931 τοῦτον
1176 2891 1206 2929 S
1220 2890 1259 2929 V
1272 2890 1311 2930 U
1529 2903 1579 2941 19
1608 2888 1798 2942 συνέχεαι

129 2944 165 2984 C
184 2944 218 2984 P
232 2945 263 2985 S
276 2946 314 2985 V
330 2945 368 2984 U
553 2958 605 2985 22
634 2947 707 2987 τὸν
725 2959 807 2985 om.
834 2945 873 2983 A
888 2945 922 2984 B
939 2946 972 2984 C
987 2945 1021 2984 P
1182 2958 1234 2996 23
1264 2946 1444 2999 ἄγγελον
1464 2944 1622 2999 πέμψας
1643 2949 1665 2988 ὁ
1685 2953 1733 2987 Δ.
1759 2948 1799 2987 ἐς

128 3000 206 3050 τὴν
225 3006 280 3041 Μ.
305 2999 339 3039 Ρ
351 3001 382 3039 S
397 2999 436 3039 V
453 2998 491 3040 U
659 3001 713 3039 26
742 2999 883 3042 οὐδένα
903 3001 1002 3042 εἶναι
1024 3000 1057 3040 P
1071 3001 1101 3040 S
1114 3001 1151 3041 V
1168 3000 1207 3040 U
