2132 3340
726 119 1104 168 ιΣΤΟΡιΩΝ
1166 119 1216 167 Θ
1845 117 1984 165 vm.
2017 132 2103 179 133

131 252 321 318 ἔπεμπε
346 253 467 303 κατὰ
489 253 550 303 τὰ
579 249 860 319 χρηστήρια
888 250 1042 317 ἄνδρα
1067 248 1311 322 Εὐρ-ωπέα
1341 247 1500 316 γένος,
1527 252 1593 318 τῷ
1618 247 2132 317 οὕνομαφΝ-ῑωυψω

131 335 192 402 ἣν
226 340 348 396 Μῦς,
383 334 730 401 ἐντειλάμενος
760 342 991 408 πανταχῇ
1025 355 1111 400 μιν
1140 334 1458 402 χρησόμενον
1488 334 1672 392 ἐλθεῖν,
1705 337 1804 384 τῶν

130 419 211 472 ord
241 442 295 474 τε
329 419 390 485 ἦν
421 427 519 488 σφι
555 418 1010 487 ἀποπειρήσασθαι.
1099 419 1128 470 ὅ
1162 440 1210 471 τι
1243 421 1335 484 μὲν
1372 418 1684 484 βουλόμενος
1721 419 1800 469 31<-

129 508 305 571 μαθεῖν
351 509 471 572 πρὸς
516 509 613 557 τῶν
657 504 976 573 χρηστηρίων
1019 507 1171 555 ταῦτα
1214 501 1523 562 ἐνετέλλετο,
1570 501 1656 554 οὐκ
1701 502 1804 571 ἔχω

81 615 104 656 5
131 588 342 657 φράσαι·
402 589 458 641 οὐ
505 591 601 657 γὰρ
648 586 717 641 ὧν
763 587 983 656 λέγεται·
1046 586 1197 641 δοκέω
1251 587 1293 639 δ’
1337 587 1498 655 ἔγωγε
1546 586 1659 654 περὶ
1705 592 1804 639 τῶν

129 675 416 741 παρεόντων
445 672 747 741 πρηγμάτων
778 673 857 725 καὶ
889 672 975 725 οὐκ
1012 672 1183 725 ἄλλων
1215 672 1328 739 πέρι
1357 671 1571 739 πέμψαι.
1661 671 1804 726 οὗτος
1842 692 1932 740 134

130 759 156 808 ὁ
202 762 313 813 Μῦς
360 758 412 813 ἔς
458 780 511 811 τε
555 757 839 823 Λεβάδειαν
885 759 1118 826 φαίνεται
1166 757 1464 822 ἀπικόμενος
1514 756 1592 809 καὶ
1638 760 1803 826 μισθῷ

129 843 309 897 πείσας
348 847 446 895 τῶν
487 843 768 912 ἐπιχωρίων
804 841 958 909 ἄνδρα
999 845 1279 908 καταβῆναι
1317 842 1450 909 παρὰ
1484 841 1801 909 Τροφώνιον,

130 927 207 979 καὶ
232 929 282 982 ἐς
299 925 467 993 Ἀβας
490 929 578 982 τὰς
601 926 866 980 Φωκέων’
842 928 1139 993 απικόμενος
1163 926 1244 979 ἐπὶ
1267 925 1324 978 τὸ
1352 924 1680 994 χρηστήριον·
1725 926 1804 978 καὶ

56 1035 106 1065 10
128 1011 186 1076 δὴ
219 1011 299 1064 καὶ
331 1013 381 1066 ἐς
412 1010 595 1084 Θήβας
627 1017 795 1080 πρῶτα
827 1012 892 1066 ὡς
922 1012 1150 1071 ἀπίκετο,
1176 1016 1320 1063 τοῦτο
1349 1013 1443 1077 μὲν
1472 1016 1539 1081 τῷ
1563 994 2132 1115 Ἰσμηνίῳ’ξ’-*4,*’;“““;“““’”ι,,ζ“ῦξῑ,ἑ

128 1095 417 1149 Ἀπόλλωνι
454 1095 706 1164 ἐχρήσατο
735 1097 867 1158 (ἔστι
901 1099 954 1149 δὲ
993 1095 1117 1148 κατά
1152 1117 1243 1164 περ
1275 1097 1329 1148 ἐν
1360 1095 1617 1167 Ὀλυμπίῃ
1650 1097 1907 1163 {poton-au,
1925 1106 1954 1137 ⁹
1978 1107 2132 1178 ΜἝ

129 1181 299 1232 αὐτόθι
322 1177 808 1250 χρηστηριάζεσθαι),
831 1185 975 1233 τοῦτο
1001 1183 1053 1233 δὲ
1077 1178 1240 1244 ξεῖνόν
1257 1201 1369 1233 τινα
1390 1181 1470 1233 καὶ
1489 1179 1547 1232 οὐ
1567 1183 1803 1245 Θηβαῖον

127 1264 352 1332 χρήμασι
388 1266 567 1319 πείσας
610 1267 937 1331 κατεκοίμησε
978 1267 1028 1319 ἐς
1065 1264 1371 1333 Ἀμφιάρεω.
1463 1265 1711 1330 Θηβαίων
1748 1266 1802 1317 δὲ
1839 1283 1865 1315 2

128 1349 289 1402 οὐδενὶ
321 1346 487 1413 ἔξεστι
515 1351 848 1415 μαντεύεσθαι
877 1350 1050 1401 αὐτόθι
1081 1352 1160 1402 διὰ
1190 1350 1320 1402 τόδε·
1368 1347 1605 1401 ἐκέλευσέ
1636 1356 1802 1417 σφεας

56 1455 70 1484 ι
79 1455 102 1496 5
128 1434 155 1484 ὁ
178 1433 496 1501 Ἀμφιάρεως
519 1435 600 1486 διὰ
630 1435 948 1502 χρηστηρίων
974 1434 1264 1500 ποιεύμενος
1287 1435 1495 1500 ὁκότερα
1524 1434 1802 1499 βούλονται

127 1517 335 1570 ἑλέσθαι
357 1519 561 1578 τούτων,
588 1521 750 1588 ἑωυτῷ
774 1515 804 1583 ἢ
828 1518 915 1571 ἅτε
945 1518 1094 1584 μάντι
1123 1522 1344 1587 χρᾶσθαι
1368 1514 1397 1583 ἢ
1422 1517 1508 1571 ἅτε
1532 1517 1798 1588 συμμάχῳ,

126 1606 212 1654 τοῦ
242 1601 411 1670 ἑτέρου
446 1602 801 1671 ἀπεχομένους·
848 1605 895 1656 οἱ
932 1606 985 1656 δὲ
1016 1604 1283 1673 σύμμαχόν
1312 1625 1398 1669 μιν
1430 1604 1623 1655 εἵλοντο
1655 1603 1797 1656 εἶναι.

127 1689 207 1739 διὰ
241 1692 383 1739 τοῦτο
422 1690 514 1753 μὲν
551 1687 635 1739 οὐκ
678 1686 848 1752 ἔξεστι
886 1689 1134 1753 Θηβαίων
1175 1688 1338 1741 οὐδενὶ
1377 1688 1548 1740 αὐτόθι
1588 1689 1796 1756 ἐγκατα-

128 1774 435 1838 κοιμηθῆναι.
524 1772 637 1824 τότε
673 1774 725 1825 δὲ
762 1772 901 1839 θῶμά
936 1794 1021 1838 μοι
1049 1772 1291 1840 μέγιστον
1323 1771 1560 1840 γενέσθαι
1595 1771 1799 1840 λέγεται
1835 1785 1922 1836 135

53 1877 103 1905 20
126 1855 221 1908 ὑπὸ
253 1857 515 1922 Θηβαίων,
550 1856 775 1909 ἐλθεῖν”
749 1879 843 1924 αρα
878 1857 966 1909 τὸν
999 1856 1238 1924 Εὐρωπέα
1270 1861 1401 1917 Μῦν,
1435 1858 1796 1925 περιστρωφώ-

124 1962 278 2006 μενον
302 1940 463 1993 πάντα
493 1943 554 1993 τὰ
584 1939 880 2009 χρηστήρια,
911 1942 989 1993 καὶ
1014 1943 1064 1995 ἐς
1087 1947 1172 1994 τοῦ
1195 1940 1371 2012 Πτῴου
1394 1941 1718 1996 ’Λπόλλωνος
1741 1942 1798 1993 τὸ

125 2024 343 2091 τέμενος.
428 2029 572 2077 τοῦτο
613 2028 666 2078 δὲ
708 2026 764 2077 τὸ
807 2025 912 2093 ἱρὸν
955 2025 1184 2079 καλέεται
1227 2029 1318 2092 μὲν
1355 2030 1552 2096 Πτῷον,
1592 2027 1704 2079 ἔστι
1744 2029 1797 2078 δὲ

127 2111 389 2175 Θηβαίων,
430 2116 586 2163 κεῖται
627 2112 679 2162 δὲ
720 2112 841 2178 ὑπὲρ
882 2113 968 2175 τῆς
1011 2109 1272 2164 Κωπαΐδος
1311 2112 1491 2176 λίμνης
1531 2111 1654 2179 πρὸς
1694 2113 1799 2177 ὄρεϊ

125 2192 387 2262 ἀγχοτάτω
440 2193 736 2262 Ἀκραιφίης
788 2195 980 2248 πόλιος.
1068 2197 1121 2248 ἐς
1172 2200 1314 2246 τοῦτο
1366 2195 1422 2246 τὸ
1476 2194 1580 2261 ἱρὸν
1634 2196 1797 2248 ἐπείτε
1835 2212 1861 2242 2

51 2293 100 2334 25
126 2281 394 2345 παρελθεῖν
429 2277 518 2331 τὸν
556 2279 859 2344 καλεόμενον
894 2284 1069 2332 τοῦτον
1108 2283 1237 2338 Μῦν,
1278 2280 1489 2332 ἕπεσθαι
1525 2279 1579 2331 δέ
1615 2282 1662 2332 οἱ
1698 2285 1797 2332 τῶν

126 2362 296 2414 ἀστῶν
325 2363 547 2429 αἱρετοὺς
582 2362 763 2430 ἄνδρας
793 2368 924 2430 τρεῖς
961 2363 1059 2416 ἀπὸ
1090 2368 1176 2416 τοῦ
1209 2368 1371 2416 κοινοῦ
1400 2363 1465 2417 ὦς
1497 2365 1793 2431 ἀπογραψο-

184 2513 201 2539 1
243 2502 294 2542 τὰ
322 2513 404 2542 om.
438 2502 478 2541 R
502 2501 532 2542 S
553 2501 591 2541 V
702 2501 890 2556 Εὐρωμέα
920 2502 1044 2543 Stein
1231 2516 1256 2541 2
1295 2502 1555 2555 χρησάμενον
1583 2503 1621 2542 Α
1645 2503 1680 2541 Β
1705 2503 1738 2542 C
1761 2504 1796 2543 Ρ

127 2567 149 2604 7
179 2554 406 2604 Λαβάδειαν
426 2556 460 2595 C
639 2557 667 2596 8
696 2557 816 2599 πίσας
839 2557 878 2595 R
1059 2571 1110 2597 10
1138 2558 1203 2599 καὶ
1224 2571 1305 2597 om.
1332 2558 1369 2596 R
1384 2557 1464 2597 SV
1592 2557 1738 2599 τούτωι
1759 2559 1793 2598 C

125 2610 302 2660 ’Ῑσμινίω
324 2609 364 2649 R
379 2610 461 2650 SV
612 2623 658 2650 11
694 2614 842 2665 ἐροῖσιν
863 2612 928 2651 V:
960 2611 1168 2665 ἐμπύροισι
1188 2612 1456 2652 Valckenaer
1598 2625 1647 2662 13
1677 2630 1795 2654 κατε-

126 2664 282 2715 κοίμισε
312 2663 352 2703 Α
366 2665 400 2704 Β
417 2665 450 2703 Ρ
465 2665 496 2705 S
720 2678 769 2715 14
809 2665 974 2708 ἐκέλευέ
999 2667 1036 2706 C
1051 2667 1084 2706 P
1308 2679 1356 2717 15
1391 2666 1651 2737 Ἀμφιάρεος
1659 2667 1698 2705 R
1713 2668 1744 2708 S
1757 2667 1795 2706 V

129 2719 179 2757 16
205 2718 348 2770 μάντει
368 2720 408 2759 Α
423 2720 457 2758 Β
543 2723 717 2774 χρῆσθαι
737 2719 777 2759 Α
791 2720 825 2760 Β
840 2721 898 2762 C:
930 2720 1121 2775 χρέεσθαι
1145 2721 1233 2762 rell.
1370 2735 1416 2771 17
1449 2720 1739 2774 ἀποιχομένους
1757 2710 1792 2762 C

130 2774 178 2812 18
206 2775 336 2815 οὐδενὶ
352 2804 362 2815 .
376 2804 386 2815 .
404 2804 413 2814 .
431 2776 620 2824 Θηβαίων
640 2788 722 2815 om.
745 2775 780 2814 C
903 2780 1242 2828 κατακοιμηθῆναι
1263 2776 1296 2815 Ρ
1311 2776 1350 2814 R
1366 2776 1396 2815 S
1411 2777 1450 2816 V
1620 2789 1668 2826 19
1697 2777 1792 2818 τόδε

125 2827 375 2879 wesseling
457 2854 462 2858 -
621 2842 670 2868 21
721 2831 774 2871 τὰ
811 2843 893 2871 om.
939 2831 978 2870 R
999 2831 1036 2870 V
1201 2833 1360 2872 Πτῶιου
1397 2830 1464 2869 Α·
1455 2861 1463 2871 .
1512 2832 1653 2873 Πτώου
1697 2831 1787 2873 rell.

125 2895 178 2921 22
208 2882 400 2925 καλέεται
418 2914 426 2924 .
443 2915 452 2924 .
468 2915 477 2924 .
494 2885 578 2938 ἱρὸν
597 2898 681 2924 om.
709 2885 748 2922 R
861 2889 1017 2926 Πτῶιον
1037 2885 1075 2923 Α
1092 2886 1125 2924 Β
1147 2900 1156 2924 :
1185 2890 1326 2927 Πτῶον
1346 2885 1435 2926 rell.
1571 2899 1623 2936 23
1654 2884 1788 2927 κέεται

128 2937 161 2976 Ρ
176 2937 206 2976 S
218 2938 256 2976 V
367 2940 561 2981 Κοπαΐδος
576 2939 616 2977 Α
726 2953 779 2989 24
811 2939 1066 2994 Ἀκραιφνίης
1079 2941 1113 2980 C
1135 2954 1144 2979 ε
1175 2939 1380 2995 Ἀκριφίης
1402 2941 1432 2980 S
1446 2940 1484 2979 V
1663 2952 1717 2990 25
1747 2940 1793 2982 δέ

126 3004 208 3032 om.
231 2991 367 3033 RSV
