2132 3340
56 100 171 149 VII.
201 103 256 151 81

193 2262 261 2320 84

914 100 1342 147 ΗΡΟΔΟΤΟΎ

294 230 386 293 μὲν
418 229 554 281 οὗτοι
584 230 635 281 οἵ
662 251 754 296 περ
787 227 1003 296 εἰρέαται
1041 229 1130 285 καὶ,
1156 231 1203 283 οἱ
1232 228 1554 295 διατάξαντες
1585 229 1665 281 καὶ
1696 228 1957 299 ἐξαριθμή-

297 334 476 367 σαντες
506 314 643 366 οῧτοι
677 313 812 379 ἦσαν
847 315 928 366 καὶ
964 312 1235 382 χιλιάρχας
1271 337 1328 368 τε
1365 315 1444 367 καὶ
1472 308 1750 383 μυριάρχας
1779 316 1971 371 ἀποδέ-’

296 396 486 461 ξαντες,
514 397 879 466 ἑκατοντάρχας
899 401 952 451 δὲ
977 399 1057 451 καὶ
1078 397 1324 467 δεκάρχας
1348 401 1394 451 οἱ
1416 398 1700 468 μυριάρχαι.
1773 395 2132 471 τελέωνηςῖκ

248 495 261 505 ’
295 484 349 533 δὲ
381 482 460 533 καὶ
491 481 675 552 ἐθνέων
705 482 838 548 ἦσαν
863 482 1018 536 ἄλλοι
1048 483 1374 550 σημάντορες.
1453 483 1584 549 ἦσαν
1612 486 1704 549 μὲν
1736 484 1794 550 δὴ
1826 486 1963 539 οὗτοι

296 567 348 617 οἵ
374 587 467 633 περ
499 566 714 634 εἰρέαται
742 566 1000 636 ἄρχοντες,
1027 566 1362 634 ἐστρατήγεον
1386 570 1441 621 δὲ
1463 569 1651 620 τούτων
1681 590 1738 621 τε
1766 568 1847 621 καὶ
1876 574 1963 622 τοῦ

295 650 585 716 σύμπαντος
616 656 830 718 στρατοῦ
859 656 947 703 τοῦ
977 653 1125 716 πεζοῦ
1151 652 1434 719 Μαρδόνιός
1462 674 1516 704 τε
1548 653 1574 702 6
1605 653 1852 720 Γωβρύεω
1883 654 1962 706 καὶ

293 735 692 804 Τριτανταίχμης
723 737 749 786 6
778 735 1096 803 Ἀρταβάνου
1123 741 1211 788 τοῦ
1240 737 1441 804 γνώμην
1474 735 1683 802 θεμένου
1709 736 1776 802 μὴ
1808 758 1958 804 στρα-

293 819 527 872 τεύεσθαι
578 820 660 873 ἐπὶ
710 819 800 885 τὴν
850 819 1076 872 Ἑλλάδα
1128 820 1207 872 καὶ
1256 820 1602 887 Σμερδομένης
1648 821 1676 871 6
1721 820 1959 882 Ὀτάνεω,

297 905 512 972 Δαρείου
552 905 829 972 ἀμφότεροι
864 905 999 956 οὗτοι
1036 906 1300 972 ἀδελφεῶν
1337 909 1522 965 παῖδες,
1564 903 1730 976 Ξέρξῃ
1767 907 1821 957 δὲ
1856 906 1958 972 ἐγί-

295 1010 439 1041 νοντο
474 990 692 1057 ἀνεψιοί,
736 990 815 1041 καὶ
853 990 1127 1054 Μασίστης
1170 991 1196 1040 6
1244 991 1459 1056 Δαρείου
1499 1011 1555 1041 τε
1590 990 1671 1041 καὶ
1707 988 1960 1053 Ἀτόσσης

294 1078 411 1127 παῖς
455 1074 535 1125 καὶ
587 1072 762 1142 Γέργις
813 1075 839 1124 6
884 1073 1114 1140 Ἀριάζου
1158 1074 1237 1126 καὶ
1283 1073 1587 1141 Μεγάβυζος
1631 1074 1658 1123 ὁ
1703 1071 1958 1141 Ζωπύρου.

295 1158 430 1210 οὗτοι
473 1157 607 1222 ἦσαν
658 1160 933 1226 στρατηγοὶ
982 1164 1071 1210 τοῦ
1122 1159 1409 1224 σύμπαντος
1459 1159 1608 1222 πεζοῦ
1658 1158 1812 1226 χωρὶς
1859 1163 1960 1210 τῶν

294 1244 496 1309 μυρίων.
584 1247 682 1294 τῶν
722 1246 776 1296 δὲ
812 1244 998 1310 μυρίων
1033 1243 1220 1295 τούτων
1257 1241 1499 1310 Περσέων
1538 1248 1637 1294 τῶν
1674 1243 1954 1309 ἀπολελεγ-

294 1326 459 1392 μένων
484 1327 788 1394 ἐστρατήγεε
822 1330 915 1393 μέν
951 1327 1195 1393 εὙδάρνης
1232 1329 1259 1378 ὁ
1288 1325 1572 1394 Ὑδάρνεος,
1606 1326 1874 1379 ἐκαλέοντο
1902 1328 1957 1379 δὲ

295 1410 535 1463 ἀθάνατοι
565 1414 611 1464 οἱ
644 1411 844 1479 Πέρσαι
873 1413 1009 1464 οὗτοι
1048 1412 1128 1465 ἐπὶ
1158 1416 1316 1464 τοῦδε·
1365 1413 1413 1464 εἴ
1437 1433 1510 1465 τις
1542 1411 1701 1463 αὐτῶν
1730 1410 1959 1476 ἐξέλειπε

295 1495 383 1548 τὸν
401 1495 610 1563 ἀριθμὸν
630 1492 659 1560 ἢ
681 1495 875 1566 θανάτῳ
894 1497 1091 1562 βιηθεὶς
1113 1492 1143 1561 ἢ
1168 1496 1349 1566 νούσῳ,
1376 1495 1534 1550 ἄλλος
1557 1494 1679 1562 ἀνὴρ
1703 1496 1954 1562 ἀραίρητο,

297 1579 379 1632 καὶ
408 1582 634 1648 ἐγίνοντο
669 1582 858 1647 οὐδαμὰ
893 1581 1005 1634 οὔτε
1040 1585 1249 1634 πλεῦνες
1284 1581 1470 1648 μυρίων
1507 1580 1620 1633 οὔτε
1659 1578 1956 1634 ἐλάσσονες.

297 1666 487 1730 κόσμον
531 1669 584 1718 δὲ
628 1671 873 1718 πλεῖστον
924 1667 1225 1734 παρείχοντο
1269 1667 1348 1717 διὰ
1393 1663 1591 1717 πάντων
1638 1663 1834 1731 Πέρσαι
1879 1663 1959 1716 καὶ

294 1749 435 1801 αὐτοὶ
462 1749 659 1817 ἄριστοι
689 1750 836 1816 ἦσαν.
911 1749 1095 1814 σκευὴν
1116 1752 1209 1815 μὲν
1230 1749 1459 1814 τοιαύτην
1483 1749 1621 1818 εἶχον
1643 1749 1676 1814 ἤ
1704 1770 1796 1815 περ
1825 1750 1955 1815 εἴρη-

295 1856 392 1893 ται,
427 1835 581 1902 χωρὶς
611 1838 663 1887 δὲ
692 1835 882 1902 χρυσόν
922 1856 977 1887 τε
1013 1834 1206 1887 πολλὸν
1246 1834 1325 1886 καὶ
1360 1833 1586 1901 ἄφθονον
1617 1833 1818 1902 ἔχοντες
1849 1831 1954 1885 ἐνέ-

296 1940 500 1984 πρεπον.
589 1919 878 1986 ἁρμαμάξας
921 1941 976 1971 τε
1020 1918 1122 1985 ἅμα
1159 1917 1358 1986 ἤγοντο,
1397 1920 1451 1970 ἐν
1492 1921 1545 1970 δὲ
1581 1919 1843 1971 παλλακὰς
1879 1916 1958 1968 καὶ

297 2005 570 2070 θεραπηίην
601 2003 799 2069 πολλήν
836 2025 891 2056 τε
929 2003 1008 2055 καὶ
1048 2004 1100 2055 εὗ
1137 2002 1522 2068 ἐσκευασμένην.
1611 2007 1728 2057 σῖτα
1758 2001 1812 2054 δέ
1840 2008 1955 2069 σφι,

295 2088 449 2155 χωρὶς
490 2093 589 2140 τῶν
632 2088 805 2141 ἄλλων
849 2087 1209 2155 στρατιωτέων,
1251 2086 1468 2153 κάμηλοί
1503 2109 1556 2140 τε
1604 2087 1682 2139 καὶ
1720 2085 1959 2153 ὑποζύγια

296 2171 436 2239 ἦγον.

380 2255 598 2309 Ἱππεύει
638 2259 692 2310 δὲ
726 2262 879 2309 ταῦτα
916 2259 979 2308 τὰ
1018 2258 1180 2310 ἔθνεα·
1226 2255 1358 2320 πλὴν
1397 2256 1455 2308 οὐ
1494 2255 1655 2308 πάντα
1693 2255 1958 2323 παρείχετο

297 2341 469 2400 ἵππον,
501 2342 635 2392 ἀλλὰ
669 2340 868 2394 τοσάδε
887 2347 1061 2407 μοῦνα,
1096 2340 1294 2407 Πέρσαι
1329 2343 1418 2405 μὲν
1448 2339 1538 2404 τὴν
1569 2338 1721 2403 αὐτὴν
1750 2340 1952 2391 ἐσκευα-

299 2424 476 2490 σμένοι
514 2425 592 2476 καὶ
627 2427 653 2476 6
689 2425 834 2490 πεζὸς
870 2426 1048 2477 αὐτῶν·
1094 2424 1228 2489 πλὴν
1263 2419 1346 2476 ἐπὶ
1382 2425 1494 2496 τῇσι
1531 2424 1784 2494 κεφαλῇσι
1819 2421 1959 2491 εἶχον

1985 593 2010 635 5

1990 1011 2039 1040 10

1985 1429 2034 1472 ¹5

1985 1851 2036 1879 20

1983 2273 2032 2314 25

357 2575 375 2600 ῐ
406 2561 480 2612 μὲν
501 2575 581 2602 om.
608 2563 641 2601 P
656 2563 695 2601 R
710 2562 740 2602 S
754 2563 793 2602 V
902 2591 906 2594 -
958 2576 983 2601 2
1013 2561 1200 2614 χιλιάδας
1219 2579 1268 2603 τε
1289 2563 1351 2602 καὶ
1371 2559 1559 2613 μυριάδας
1580 2560 1614 2599 C
1770 2573 1796 2610 3
1825 2558 1889 2613 δὲ]
1910 2578 1958 2602 τε

302 2617 341 2654 R
359 2617 389 2655 S
405 2617 443 2654 V
634 2630 659 2667 5
690 2635 736 2659 τε
757 2631 838 2657 om.
868 2617 907 2655 R
923 2617 1003 2656 SV
1196 2618 1223 2654 6
1252 2620 1368 2668 Γοβρ.
1395 2614 1430 2653 Β
1446 2614 1479 2653 Ρ
1670 2615 1696 2652 8
1725 2613 1959 2667 ζερδομένης

300 2671 340 2710 Α
356 2671 391 2709 Β
408 2672 441 2710 C
551 2671 728 2713 Ὀτάνεω
751 2672 803 2710 Pc
822 2687 831 2712 :
860 2688 968 2713 ·νεος
990 2671 1079 2711 rell.
1199 2684 1250 2709 10
1279 2670 1495 2718 Μασσίσης
1518 2669 1557 2707 R
1573 2668 1603 2707 S
1618 2669 1654 2707 V
1754 2668 1958 2718 Ἀτόσσης

299 2743 346 2766 τε
376 2727 441 2766 καὶ
468 2728 636 2779 Δαρείου
655 2726 695 2765 Α
713 2727 747 2765 Β
769 2727 802 2765 C
1028 2738 1072 2763 11
1116 2723 1265 2778 Γέργης
1287 2725 1325 2763 R
1343 2724 1373 2763 S
1392 2723 1469 2776 [V]
1637 2722 1789 2776 Ἀρίζου
1812 2723 1852 2762 Α
1870 2723 1904 2762 Β
1923 2725 1957 2763 C
2029 2768 2035 2774 ·

304 2794 353 2819 12
382 2784 558 2833 στρατοῦ
578 2780 699 2831 πεζοῦ
721 2781 762 2819 Α
775 2781 811 2820 Β
827 2781 861 2821 C
1023 2791 1071 2830 15
1102 2780 1166 2820 διὰ
1186 2779 1283 2819 τάδε
1305 2779 1368 2819 ἐπὶ
1388 2781 1506 2818 τοῦδε
1526 2776 1566 2816 Α
1580 2777 1614 2816 Β
1631 2778 1665 2816 C
1777 2776 1959 2829 ἐξέλειπε

300 2834 335 2873 Β
354 2849 362 2874 :
413 2835 567 2886 ἐξέλιπε
608 2836 697 2876 rell.
924 2837 972 2874 16
1011 2835 1191 2882 βιασθεὶς
1231 2833 1265 2871 C
1288 2832 1348 2871 P:
1389 2833 1539 2879 βιαθεὶς
1574 2831 1614 2870 R
1633 2846 1645 2872 ε
1683 2833 1840 2879 βιωθεὶς
1874 2831 1905 2871 S
1921 2831 1959 2870 V

299 2890 489 2937 ἆναίρητο
510 2890 543 2929 C
559 2890 592 2928 P
706 2903 753 2939 17
785 2903 848 2940 pr.
866 2891 959 2931 οὔτε
981 2902 1063 2929 om.
1090 2888 1129 2926 R
1146 2888 1176 2927 S
1189 2888 1226 2926 V
1337 2901 1391 2926 20
1418 2887 1577 2927 πολλὸν
1594 2887 1748 2941 χρυσὸν
1763 2885 1828 2938 (τε
1850 2886 1956 2937 om.)

297 2942 339 2980 A
353 2943 387 2980 Β
402 2943 436 2981 C
602 2956 651 2983 21
683 2945 865 2986 ταλακὰς
885 2944 920 2983 C
933 2942 987 2982 Vl
1154 2942 1209 2981 26
1235 2944 1382 2992 μοῦνον
1403 2941 1438 2980 C
