2132 3340
712 87 1087 135 ΙΣΤΟΡΙΩΝ
1150 87 1198 134 H
1824 86 2035 147 V11.5o

117 215 494 284 μὲνοῦδαμῶς.
581 219 714 267 τοῖσι
760 217 926 268 τοίνυν
975 216 1335 281 βουλομένοισι
1382 214 1574 268 ποιέειν
1617 214 1682 268 ὡς
1726 214 1784 266 τὸ

118 301 302 353 ἐπίπαν
337 298 506 366 φιλέει
538 300 768 366 γίνεσθαι
802 302 863 350 τὰ
901 298 1086 367 κέρδεα,
1119 306 1255 352 τοῖσι
1290 302 1342 352 δὲ
1379 298 1790 366 ἐπιλεγομένοισί

118 406 174 438 τε
201 382 364 437 πάντα
395 383 473 434 καὶ
503 382 734 436 ὀκνέουσι
771 384 828 435 οὗ
862 383 999 448 μάλα
1031 383 1208 436 ἐθέλει.
1302 386 1419 455 ὁρᾷς
1449 386 1511 435 τὰ
1543 383 1785 450 Περσέων
1823 405 1850 449 3

118 467 387 536 πρήγματα
427 469 479 520 ἐς
519 465 546 518 ὃ
586 466 818 533 δυνάμιος
859 468 1224 537 προκεχώρηκε.
1315 470 1358 520 εἰ
1398 470 1566 520 τοίνυν
1607 469 1785 520 ἐκεῖνοι

71 573 94 614 5
119 555 167 605 οἱ
197 551 291 619 πρὸ
321 553 436 617 ἐμεῦ
466 551 726 618 γενόμενοι
760 551 1006 617 βασιλέες
1035 552 1267 624 γνώμῃσι
1304 552 1553 621 ἐχρέωντο
1585 553 1785 623 ὁμοίῃσι

118 636 200 688 καὶ
245 636 325 696 σύ,
366 631 396 699 ἢ
437 635 503 700 μὴ
543 636 816 703 χρεώμενοι
856 636 1087 708 γνώμῃσι
1128 636 1386 708 τοιαύτῃσι
1430 636 1616 690 ἄλλους
1658 658 1782 702 συμ-

117 720 337 787 βούλους
373 719 512 788 εἶχον
548 721 815 778 τοιούτους,
855 720 941 771 οὐκ
978 720 1036 772 ἄν
1076 742 1187 772 κοτε
1230 720 1355 774 εἶδες
1392 721 1515 771 αὐτὰ
1557 722 1606 774 ἐς
1640 725 1785 772 τοῦτο

119 804 445 872 προελθόντα·
493 807 579 855 νῦν
603 807 654 855 δὲ
680 804 931 858 κινδύνους
964 804 1376 874 ἀναρριπτέοντες
1400 806 1450 858 ἐς
1473 804 1619 855 τοῦτό
1649 811 1786 872 σφεα
1800 797 2130 870 άᾹνΰΜ

118 887 480 956 προηγάγοντο.
564 887 761 955 μεγάλα
790 890 886 956 γὰρ
919 887 1185 956 πρήγματα
1214 888 1485 956 μεγάλοισι
1517 889 1785 940 κινδύνοισι

45 992 94 1022 10
118 972 282 1025 ἐθέλει
333 971 693 1038 καταιρέεσθαι.
785 973 924 1038 ἡμεῖς
978 974 1143 1025 τοίνυν
1193 974 1502 1039 ὁμοιεύμενοι
1549 974 1785 1024 ἐκείνοισι
1821 997 1850 1040 4

118 1058 250 1124 ὥρην
279 1078 334 1108 τε
363 1061 449 1107 τοῦ
485 1056 621 1110 ἔτεος
659 1059 939 1121 καλλίστην
970 1058 1279 1124 πορευόμεθα
1318 1058 1394 1109 καὶ
1432 1055 1782 1124 καταστρεψά-

116 1163 258 1208 μενοι
298 1144 468 1192 πᾶσαν
510 1140 600 1204 τὴν
639 1141 884 1207 Εὐρώπην
926 1140 1243 1206 νοστήσομεν
1284 1142 1464 1199 ὀπίσω,
1503 1142 1615 1193 οὔτε
1653 1146 1783 1211 λιμῷ

101 1226 409 1294 ἐντυχόντες
433 1225 670 1289 οὐδαμόθι
694 1225 806 1276 οὔτε
829 1224 958 1276 ἄλλο
985 1225 1135 1294 ἄχαρι
1159 1226 1300 1277 οὐδὲν
1324 1226 1581 1279 παθόντες.
1641 1229 1784 1277 τοῦτο

116 1312 209 1376 μὲν
238 1312 334 1376 γὰρ
365 1309 503 1360 αὐτοὶ
533 1309 731 1373 πολλὴν
757 1309 959 1376 φορβὴν
992 1311 1262 1376 φερόμενοι
1293 1310 1616 1377 πορευόμεθα,
1642 1314 1785 1361 τοῦτο

44 1411 92 1453 ¹5
118 1392 189 1453 δέ,
237 1398 336 1444 τῶν
385 1392 446 1445 ἄν
500 1415 585 1445 κου
638 1393 919 1459 ἐπιβέωμεν
972 1396 1066 1460 γῆν
1119 1394 1199 1445 καὶ
1248 1394 1405 1453 ἔθνος,
1458 1394 1647 1446 τούτων
1697 1393 1785 1446 τὸν

119 1482 262 1530 σῖτον
292 1477 497 1542 ἕξομεν·
545 1476 622 1530 ἐπ’
660 1478 900 1544 ἀροτῆρας
947 1480 999 1529 δὲ
1043 1479 1121 1529 καὶ
1162 1478 1218 1529 οὐ
1259 1478 1474 1544 νομάδας
1515 1480 1780 1545 στρατευό-

115 1565 244 1627 μεθα
275 1561 470 1628 ἄνδρας.
558 1561 699 1628 λέγει
731 1561 1041 1627 Ἀρτάβανος
1077 1564 1201 1627 μετὰ
1231 1568 1400 1614 ταῦτα·
1440 1561 1512 1614 ἲ,Ω
1543 1567 1780 1628 βασιλεῦ,
1820 1582 1875 1632 51

118 1646 283 1698 ἐπείτε
319 1645 582 1712 ἀρρωδέειν
614 1645 755 1697 οὐδὲν
788 1647 870 1715 ἐᾷς
900 1649 1117 1712 πρῆγμα,
1153 1646 1215 1698 σὺ
1254 1646 1308 1698 δέ
1346 1668 1436 1712 μευ
1470 1648 1784 1713 συμβουλίην

117 1727 326 1793 ἔνδεξαι·
370 1731 648 1797 ἀναγκαίως
667 1732 761 1796 γὰρ
781 1730 888 1798 ἔχει
912 1730 1022 1796 περὶ
1045 1736 1252 1783 πολλῶν
1271 1731 1576 1799 πρηγμάτων
1595 1736 1785 1784 πλεῦνα

44 1837 95 1865 20
118 1815 274 1881 λόγον
311 1815 542 1866 ἐκτεῖναι.
632 1818 791 1880 Κῦρος
833 1816 858 1864 ὁ
898 1815 1184 1879 Καμβύσεω
1216 1815 1408 1880 Ἰωνίην
1446 1819 1616 1868 πᾶσαν
1650 1816 1783 1878 πλὴν

85 1888 87 1890 ¹
117 1896 368 1964 Ἀθηνέων
401 1897 779 1965 κατεστρέψατο
816 1900 1143 1966 δασμοφόρον
1175 1899 1299 1951 εῖναι
1333 1897 1581 1971 Πέρσῃσι.
1670 1901 1846 1973 rofi-32
2073 1961 2086 1971 .

116 1980 681 2050 vapas
712 1983 1042 2048 συμβουλεύω
1071 2004 1149 2035 τοι
1177 1987 1388 2056 μηδεμιῇ
1419 1985 1614 2056 μηχανῇ
1642 1984 1782 2052 ἄγειν
1794 1962 1968 2051 ἴξαξ*
1946 1964 2132 2050 ,53ἲῖζῖ

119 2068 200 2120 ἐπὶ
235 2068 350 2122 τοὺς
389 2066 619 2133 πατέρας·
668 2067 745 2118 καὶ
782 2069 876 2134 γὰρ
911 2066 1028 2118 ἄνευ
1064 2068 1251 2119 τούτων
1290 2069 1388 2119 οἶοί
1419 2068 1476 2119 τέ
1513 2070 1646 2133 εἰμεν
1682 2074 1782 2120 τῶν
1946 2072 2129 2119 WZ-

117 2153 312 2220 ἐχθρῶν
343 2151 691 2218 κατυπέρτεροι
721 2152 964 2218 γίνεσθαι.
1053 2147 1083 2215 ἢ
1115 2151 1210 2219 γάρ
1242 2159 1422 2218 σφεας,
1457 2148 1518 2216 ἢν
1547 2153 1777 2211 ἕπωνται,

43 2258 91 2300 25
117 2239 196 2288 δεῖ
221 2235 546 2288 ἀδικωτάτους
569 2238 800 2303 γίνεσθαι
826 2235 1305 2301 καταδουλουμένους
1335 2236 1425 2300 τὴν
1454 2238 1777 2303 μητρόπολιν,

117 2315 147 2384 ἢ
177 2321 511 2373 δικαιοτάτους
543 2323 1032 2386 συνελευθεροῦντας.
1100 2320 1510 2385 ἀδικώτατονμέν
1534 2342 1621 2373 νυν
1644 2323 1775 2388 γινό-
1818 2341 1844 2385 3

116 2425 256 2469 μενοι
287 2404 428 2456 οὐδὲν
458 2403 628 2471 κέρδος
657 2403 787 2471 μέγα
815 2403 933 2468 ἡμῖν
961 2403 1371 2470 προσβάλλουσι,
1399 2405 1696 2456 δικαιότατοι
1726 2408 1777 2457 δὲ

116 2489 366 2555 γινόμενοι
413 2489 513 2540 οῗοί
544 2510 598 2540 τε
639 2486 960 2552 δηλήσασθαι
1002 2487 1235 2555 μεγάλως
1275 2489 1363 2553 τὴν
1405 2488 1501 2553 σὴν
1543 2489 1779 2555 στρατιὴν

170 2640 196 2676 3
243 2627 428 2668 ὀκνεῦσιν
469 2626 508 2664 R
533 2625 622 2664 SV
786 2636 811 2673 5
863 2624 1068 2676 γινόμενοι
1110 2627 1148 2665 οἱ
1186 2625 1220 2665 C
1386 2627 1412 2664 8
1461 2635 1588 2677 σφεας
1626 2626 1721 2666 ΑΒ
1745 2627 1779 2665 C

121 2694 171 2720 10
199 2698 337 2735 καταρ.
365 2680 404 2718 R
573 2680 739 2720 κείνοισι
760 2679 846 2717 PR
863 2679 945 2718 SV
1171 2694 1218 2729 14
1249 2680 1448 2732 φερόμεθα
1467 2681 1724 2733 πορευόμενοι
1748 2682 1781 2720 Ρ

122 2747 169 2784 15
200 2736 414 2786 ἐπιβέομεν
432 2735 470 2773 R
583 2738 731 2775 τοῦτον
755 2734 793 2772 R
810 2734 888 2772 SV
1004 2746 1050 2783 17
1081 2733 1196 2786 λέγὲι
1215 2737 1294 2788 ’γὰρ
1317 2735 1350 2773 C
1466 2737 1514 2773 18
1544 2738 1780 2786 συμβουλὴν

121 2790 391 2830 Herwerden
573 2803 627 2828 20
656 2788 793 2841 λόγων
820 2787 858 2826 R
1026 2801 1075 2827 21
1108 2789 1304 2838 Ἀθηνέων
1325 2790 1470 2829 Valla:
1503 2791 1721 2839 Ἀθηναίων
1746 2790 1779 2829 L

119 2857 167 2896 ⁹⁴
224 2843 414 2898 ’γενέσθαι
464 2844 503 2884 R
529 2844 558 2884 S
582 2844 620 2883 V
894 2855 945 2893 27
997 2842 1112 2885 οὐδὲν
1136 2873 1146 2883 .
1173 2874 1182 2884 .
1203 2875 1214 2886 .
1235 2843 1439 2895 γινόμενοι
1488 2858 1569 2883 om.
1625 2844 1662 2883 R
1689 2844 1719 2884 S
1741 2845 1780 2885 V

117 2899 398 2993 ἱροςβῧλλουσι
439 2899 479 2939 Α
501 2899 534 2937 Β
559 2898 594 2937 C
814 2899 867 2937 28
906 2898 984 2947 τὴν
1025 2899 1103 2947 σὺν
1144 2899 1342 2952 στρατιὴν
1380 2902 1554 2949 δηλῆσαι
1592 2900 1779 2953 μεγάλως
