2132 3340
755 120 1132 169 ΙΣΤΟΡΙΩΝ
1196 121 1244 168 H
1882 122 1996 171 VII.
2016 124 2126 186 234μ

167 254 303 306 οὗτοι
333 253 514 306 πάντες
545 251 644 304 εἶσὶ
675 239 838 317 ὅμοιοι
868 255 1000 304 τοῖσι
1032 250 1209 304 ἐνθάδε
1238 249 1657 320 μαχεσαμένοισι·
1703 251 1755 304 οἵ
1781 273 1841 319 γε

165 342 257 406 μὲν
296 337 446 390 ἄλλοι
486 337 868 402 Λακεδαιμόνιοι
910 336 1133 388 τούτοισι
1172 338 1264 402 μὲν
1313 336 1399 387 οὐκ
1445 337 1623 402 ὅμοιοι,
1659 337 1839 404 ἀγαθοὶ

166 422 236 475 δέ.
311 421 419 475 εἶπε
449 425 571 487 πρὸς
599 425 754 473 ταῦτα
778 419 987 489 Ξέρξης·
1036 419 1319 488 Δημάρητε,
1345 420 1438 491 τέῳ
1462 421 1626 491 τρόπῳ
1651 422 1836 487 ἀπονη-
1878 443 1903 487 3

166 502 356 560 τότατα
377 511 475 559 τῶν
507 507 698 573 ἀνδρῶν
727 506 916 558 τούτων
947 504 1369 573 ἐπικρατήσομεν,·
1416 507 1484 558 ἵθι
1517 502 1709 573 ἐξηγέο.
1774 507 1838 559 σὺ

119 614 141 655 5
166 595 262 661 γὰρ
293 591 426 661 ἔχεις
455 590 618 643 αὐτῶν
646 592 735 645 τὰς
766 589 1014 656 διεξόδους
1044 595 1143 643 τῶν
1165 589 1543 656 βουλευμάτων,
1570 591 1650 642 οἶα
1679 596 1834 656 βασι-

164 677 283 731 λεὺς
320 676 603 745 γενόμενος.
695 676 722 726 ὁ
763 674 806 726 δ’
849 676 1104 741 ἀμείβετο·
1149 673 1223 726 ὟΩ,
1271 679 1509 741 βασιλεῦ,
1549 676 1592 727 εἰ
1638 677 1731 741 μὲν
1779 675 1836 740 δὴ
1879 693 1977 743 235

167 760 543 828 συμβουλεύεαί
578 781 662 826 μοι
702 760 979 827 προθύμως,
1023 760 1212 812 δίκαιόν
1251 781 1313 826 με
1355 761 1444 812 σοί
1478 761 1588 811 ἐστι
1628 758 1838 828 φράζειν

166 846 222 898 τὸ
252 845 475 915 ἄριστον.
566 846 609 897 εἰ
638 848 725 910 τῆς
748 847 977 909 ναυτικῆς
1003 848 1240 911 στρατιῆς
1263 843 1378 898 νέας
1401 845 1689 911 τριηκοσίας
1713 845 1835 897 ἀπο-

167 931 419 985 στείλειας
449 929 531 983 ἐπὶ
561 928 652 994 τὴν
684 928 939 982 Λάκαιναν
969 930 1154 998 χώρην.
1223 929 1332 981 ἔστι
1356 931 1408 982 δὲ
1434 928 1511 981 ἐπ’
1536 928 1657 1001 αὐτῇ
1682 932 1838 994 νῆσος
1879 948 1903 979 2

94 1036 145 1064 10
166 1013 449 1081 ἐπικειμένη
490 1015 550 1087 τῇ
588 1013 773 1080 οὔνομά
810 1016 923 1066 ἐστι
966 1015 1184 1081 Κύθηρα,
1223 1013 1313 1078 τὴν
1349 1015 1526 1066 Χίλων
1561 1013 1685 1081 ἀνὴρ
1722 1014 1837 1082 παρ’

165 1100 283 1166 ἡμῖν
315 1100 612 1167 σοφώτατος
641 1099 909 1167 γενόμενος
943 1097 1111 1165 κέρδος
1139 1097 1288 1164 μέζον
1312 1099 1410 1166 ἔφη
1436 1098 1562 1150 εἶναι
1587 1097 1834 1166 Σπαρτιή-

156 1205 285 1257 τῃσι
316 1187 439 1236 κατὰ
467 1188 555 1250 τῆς
579 1182 843 1249 θαλάσσης
875 1182 1254 1235 καταδεδυκέναι
1275 1179 1526 1249 μᾶλλονῆ
1555 1182 1834 1252 ὑπερέχειν,

167 1270 270 1322 αἰεί
293 1290 342 1321 τι
372 1272 662 1337 προσδοκῶν
693 1267 777 1321 ἀπ’
809 1268 957 1333 αὐτῆς
993 1272 1219 1320 τοιοῦτον
1250 1267 1462 1320 ἔσεσθαι
1494 1268 1601 1320 οἶόν
1630 1289 1708 1320 τοι
1737 1269 1837 1335 ἐγὼ

162 1352 450 1422 ἐξηγέομαι,
504 1354 609 1405 οὔτι
660 1351 747 1405 τὸν
796 1352 889 1405 σὸν
936 1353 1127 1405 στόλον
1177 1353 1432 1419 προειδώς,
1487 1353 1621 1404 ἀλλὰ
1673 1351 1838 1405 πάντα

94 1460 140 1501 15
166 1439 345 1505 ὁμοίως
382 1439 696 1506 φοβεόμενος
732 1438 926 1505 ἀνδρῶν
964 1438 1166 1490 στόλον.
1256 1438 1309 1489 ἐκ
1340 1437 1520 1503 ταύτης
1556 1441 1642 1503 τῆς
1680 1436 1838 1503 νήσου
1876 1452 1903 1498 3

165 1524 441 1591 ὁρμώμενοι
485 1523 786 1591 φοβεόντων
829 1521 942 1577 τοὺς
986 1522 1420 1588 Λακεδαιμονίους.
1508 1524 1746 1589 παροίκου
1784 1525 1838 1575 δὲ

165 1607 386 1675 πολέμου
419 1614 516 1676 σφι
547 1608 718 1662 ἐόντος
750 1608 937 1673 οἰκηίου
961 1607 1104 1659 οὐδὲν
1134 1607 1286 1659 δεινοὶ
1317 1606 1526 1659 ἔσονταί
1545 1628 1622 1659 τοι
1651 1607 1718 1673 μὴ
1750 1611 1839 1673 τῆς

164 1692 326 1759 ἄλλης
346 1691 596 1747 Ἑλλάδος
620 1691 960 1758 ἁλισκομένης
981 1691 1077 1745 ὑπὸ
1101 1697 1188 1744 τοῦ
1210 1692 1358 1756 πεζοῦ
1379 1691 1642 1757 βοηθέωσι
1665 1694 1835 1766 ταύτῃ.

166 1778 625 1843 καταδουλωθείσης
671 1780 725 1830 δὲ
768 1780 857 1842 τῆς
902 1776 1062 1842 ἄλλης
1105 1775 1357 1831 Ἑλλάδος
1402 1778 1613 1831 ἀσθενὲς
1650 1777 1741 1843 ἤδη
1779 1777 1836 1830 τὸ

90 1882 141 1910 20
166 1861 452 1915 Λακωνικὸν
487 1867 672 1928 μοῦνον
707 1862 952 1915 λείπεται.
1042 1857 1104 1926 ἢν
1140 1864 1194 1915 δὲ
1230 1865 1385 1914 ταῦτα
1419 1861 1487 1927 μὴ
1525 1863 1686 1934 ποιῇς,
1719 1861 1838 1916 τάδε
1874 1876 1902 1919 4

161 1969 238 2000 τοι
268 1948 524 2015 προσδόκα
548 1947 773 1999 ἔσεσθαι·
820 1946 930 1999 ἔστι
953 1949 1040 2012 τῆς
1071 1944 1473 2012 Πελοποννήσου
1498 1947 1675 2013 ἰσθμὸς
1699 1969 1833 1999 στει-

162 2032 263 2086 νός·
318 2034 371 2085 ἐν
407 2032 563 2102 τούτῳ
600 2036 667 2102 τῷ
705 2031 869 2101 χώρῳ,
903 2030 1102 2084 πάντων
1139 2033 1574 2097 Πελοποννησίων
1619 2053 1833 2098 συνομο-

163 2115 364 2169 σάντων
400 2116 481 2169 ἐπὶ
521 2118 620 2176 σοί,
653 2115 819 2184 μάχας
857 2115 1182 2184 ἰσχυροτέρας
1218 2115 1379 2170 ἄλλας
1415 2121 1514 2168 τῶν
1552 2116 1836 2184 γενομένων

161 2200 436 2268 προσδέκεο
466 2200 680 2253 ἔσεσθαί
706 2222 801 2253 τοι.
890 2201 1050 2252 ἐκεῖνο
1087 2203 1141 2256 δὲ
1175 2198 1445 2266 ποιήσαντι
1474 2201 1692 2270 ἀμαχητὶ
1723 2203 1752 2253 ὅ
1781 2224 1835 2254 τε

89 2301 136 2344 25
163 2285 342 2352 ἰσθμὸς
379 2286 520 2340 οὗτος
562 2286 642 2338 καὶ
682 2286 736 2338 αἱ
778 2284 954 2340 πόλιες
997 2284 1444 2354 προσχωρήσουσι.
1533 2285 1674 2354 λέγει
1709 2288 1834 2352 μετὰ
1872 2293 1978 2352 236

161 2374 337 2422 τοῦτον
374 2368 692 2439 Ἀχαιμένης,
728 2370 980 2437 ἀδελφεός
1015 2391 1069 2422 τε
1106 2371 1202 2422 ἐὼν
1234 2367 1436 2437 Ξέρξεω
1475 2372 1554 2423 καὶ
1592 2376 1679 2423 τοῦ
1714 2392 1829 2424 ναυ-

159 2459 297 2507 τικοῦ
315 2459 542 2522 ,στρατοῦ
574 2455 868 2522 στρατηγός,
891 2454 1190 2523 παρατυχών
1214 2476 1268 2506 τε
1291 2459 1358 2525 τῷ
1381 2455 1519 2525 λόγῳ
1553 2455 1632 2517 καὶ
1662 2455 1834 2510 δείσας

214 2607 239 2633 2
265 2606 328 2645 pr.
342 2591 437 2646 μὲν]
453 2594 532 2645 μὴν
547 2593 586 2632 R
690 2563 724 2642 ‘3
748 2591 846 2633 τάδε
863 2593 902 2631 R
1016 2592 1307 2642 ἆπονητοτάτω
1322 2593 1360 2631 R
1376 2592 1406 2632 S
1421 2593 1460 2632 V
1570 2608 1595 2644 4
1618 2595 1833 2648 ἐπικρατή-

160 2665 294 2700 σωμεν
318 2648 350 2686 Β
463 2647 614 2701 ἐξηγέω
636 2647 670 2687 C
686 2646 809 2686 R¹V1
951 2649 978 2686 6
1007 2650 1027 2688 ὁ
1053 2646 1098 2688 δὲ
1119 2648 1229 2689 εἶπεν
1256 2647 1288 2684 R
1307 2648 1337 2687 S
1351 2648 1388 2686 V
1523 2661 1544 2698 7
1579 2650 1830 2700 συμβουλεύ-

160 2704 252 2745 σεαί
270 2702 327 2742 Α1
356 2731 375 2747 .
475 2703 502 2741 8
531 2703 781 2744 ἀποστείλας
803 2702 837 2741 C
965 2716 992 2752 9
1020 2703 1296 2753 Λακεδαίμονα
1318 2702 1355 2740 R
1373 2702 1456 2742 SV
1589 2717 1639 2742 10
1667 2704 1830 2756 κειμένη

162 2758 200 2797 R
216 2758 245 2797 S
260 2758 298 2797 V
407 2758 568 2799 Χείλων
582 2757 622 2796 Α
634 2758 669 2796 Β
829 2769 872 2795 11
904 2756 1035 2809 μέζων
1049 2756 1104 2795 Α1
1121 2757 1155 2795 Β
1173 2757 1211 2795 R
1232 2771 1240 2796 :
1269 2756 1374 2809 μέζω
1396 2758 1430 2797 C
1592 2771 1640 2808 13
1671 2763 1831 2800 τοιοῦτο

158 2812 344 2852 ABCP
428 2829 468 2853 τι
489 2812 629 2877 GRV
745 2824 792 2862 14
825 2814 935 2883 offro:
956 2811 1064 2851 ES:
1094 2812 1212 2905 371·th
1328 2811 1579 2918 151τῆςέδῶἴ
1598 2813 1832 2917 ἒξςὲξὶζ

159 2870 214 2962 ἐξ
239 2866 463 2975 ‚fixi-Za&
477 2867 585 2962 SRVb
602 2866 639 2905 V
743 2934 795 2960 22
819 2866 1124 2973 ᾮυνὲῑιῗτὲινΑ
1258 2900 1325 2971 ἱ24
1354 2880 1584 2975 πρὲσδέκηεω
1606 2922 1640 2961 C
1764 2941 1828 2964 τοι

105 3037 109 3043 ¹
160 2990 242 3018 om.
266 2977 297 3018 S
462 2988 515 3029 25
545 2975 685 3019 πόλεις
711 2976 744 3018 C
760 2976 849 3016 RV
868 2991 877 3018 :
906 2976 1024 3019 πόλις
1045 2976 1135 3017 rell.
1250 2977 1559 3031 προχωρήσουσι
1582 2977 1621 3015 R
1639 2978 1669 3016 S
1683 2978 1720 3017 V

1589 3061 1664 3108 17*
