2112 3386
80 129 167 177 VI.
195 130 231 178 6

195 265 231 313 6

0 419 202 473 md&

0 487 193 524 mam.

200 856 229 905 7

0 999 233 1060 sums

0 1053 264 1113 1-stun

274 120 290 130 ιι

884 131 1308 179 ΗΡΟΔΟΤΟΎ

349 261 585 316 Ἱστιαῖος
626 260 717 326 μέν
762 282 848 312 νυν
893 261 970 312 καὶ
1021 265 1353 327 Μυτιληναῖοι
1399 265 1594 316 ἐποίευν
1632 267 1799 315 ταῦτα·
1846 264 1928 316 ἐπὶ

268 349 318 398 δὲ
361 349 589 411 Μίλητον
628 344 779 408 αὐτὴν
802 350 1032 399 ναυτικὸς
1072 346 1262 401 πολλὸς
1303 348 1379 399 καὶ
1421 347 1565 413 πεζὸς
1610 346 1670 412 ἦν
1716 347 1928 413 στρατὸς

267 432 615 498 προσδόκιμος·
664 429 1038 497 συστραφέντες
1060 432 1155 497 γὰρ
1183 433 1229 483 οἱ
1255 432 1524 499 στρατηγοὶ
1554 437 1652 484 τῶν
1686 431 1928 497 Περσέων

269 517 347 567 καὶ
384 516 436 567 ἓν
466 514 763 579 ποιήσαντες
800 515 1137 581 στρατόπεδον
1175 515 1391 580 ἤλαυνον
1429 517 1510 568 ἐπὶ
1548 515 1640 581 τὴν
1679 517 1924 582 Μίλητον,

265 602 430 652 τᾶλλα
480 601 768 665 πολίσματα
811 600 922 666 περὶ
976 597 1257 654 ἐλάσσονος
1308 599 1654 666 ποιησάμενοι.

267 690 493 737 ναυτικοῦ
524 684 753 736 Φοίνικες
782 686 873 748 μὲν
905 682 1035 747 ἦσαν
1066 686 1447 751 προθυμότατοι,
1475 684 1926 751 συνεστρατεύοντο

267 772 317 821 δὲ
361 768 439 821 καὶ
478 768 688 836 Κύπριοι
723 767 906 820 νεωστὶ
942 768 1364 835 κατεστραμμένοι
1403 771 1482 822 καὶ
1522 768 1722 823 Κίλικές
1757 790 1813 822 τε
1849 769 1927 821 καὶ

268 853 545 920 Αἰγύπτιοι.
633 855 678 904 οἱ
725 855 814 917 μὲν
859 851 917 916 δὴ
964 853 1044 904 ἐπὶ
1089 852 1179 917 τὴν
1228 854 1456 919 Μίλητον
1504 855 1584 906 καὶ
1629 852 1720 918 τὴν
1765 846 1929 918 ἄλλην

1746 605 1832 657 τοῦ
1873 603 1927 653 δὲ
1951 622 1974 663 5

268 937 459 1002 Ἰωνίην
485 937 857 1004 ἐστρατεύοντο,
875 935 1048 990 Ἴωνες
1073 939 1127 989 δὲ
1147 938 1508 1004 πυνθανόμενοι
1532 942 1684 990 ταῦτα
1706 936 1928 1003 ἔπεμπον
1960 995 1964 998 .

266 1022 581 1088 προβούλους
617 1020 791 1088 σφέων
827 1020 988 1084 αρτῶν
1018 1022 1069 1074 ἐς
1106 1022 1404 1075 Πανιώνιον.
1496 1020 1845 1088 ἀπικομένοισι
1875 1024 1929 1075 δὲ

266 1107 486 1158 τούτοισι
510 1108 560 1160 ἐς
583 1110 757 1157 τοῦτον
774 1104 860 1156 τὸν
884 1110 1049 1172 χῶρον
1074 1106 1152 1157 καὶ
1175 1105 1592 1172 βουλευομένοισι
1618 1105 1757 1172 ἔδοξε
1779 1105 1927 1170 πεζὸν

265 1194 357 1256 μὲν
388 1190 600 1256 στρατὸν
630 1189 818 1255 μηδένα
850 1188 1119 1257 συλλέγειν
1151 1189 1383 1255 ἀντίξοον
1416 1191 1670 1262 Πέρσῃσι,
1701 1192 1836 1242 ἀλλὰ
1864 1192 1928 1241 τὰ

265 1277 435 1343 τείχεα
463 1275 670 1342 ῥύεσθαι
707 1274 881 1327 αὐτοὺς
919 1275 1220 1339 Μιλησίους,
1253 1275 1311 1326 τὸ
1350 1278 1402 1327 δὲ
1443 1274 1669 1327 ναυτικὸν
1706 1278 1928 1342 πληροῦν

265 1358 658 1425 ὑπολιπομένους
696 1359 938 1424 μηδεμίαν
982 1363 1081 1410 τῶν
1121 1363 1261 1419 νεῶν,
1301 1359 1666 1427 πληρώσαντας
1706 1361 1760 1411 δὲ
1802 1365 1924 1411 συλ-

267 1442 509 1511 λέγεσθαι
551 1442 642 1507 τὴν
681 1444 927 1510 ταχίστην
970 1444 1019 1496 ἐς
1060 1441 1229 1507 Λάδην
1277 1441 1793 1511 προναυμαχήσοντας
1840 1445 1928 1508 τῆς

270 1526 514 1592 Μιλήτου·
560 1528 588 1592 ἡ
632 1530 683 1578 δὲ
725 1525 861 1590 Λάδη
905 1527 1013 1577 ἐστὶ
1053 1529 1206 1590 νῆσος
1247 1527 1428 1594 σμικρὴ
1474 1527 1556 1580 ἐπὶ
1600 1534 1662 1600 τῇ
1705 1528 1827 1580 πόλι
1868 1534 1929 1599 τῇ

272 1613 540 1677 Μιλησίων
587 1610 798 1676 κειμένη.
799 1613 1010 1689 sper&
1053 1613 1107 1662 δὲ
1150 1615 1302 1663 ταῦτα
1344 1610 1768 1683 πεπληρωμένῃσι
1810 1617 1929 1683 τῇσι

270 1697 415 1761 νηυσὶ
439 1699 670 1763 παρῆσαν
695 1698 740 1747 οἱ
761 1694 947 1754 Ἴωνες,
973 1694 1067 1770 Q
1090 1694 1145 1748 δέ
1169 1702 1266 1763 σφι
1298 1695 1376 1748 καὶ
1399 1695 1627 1748 Αἰολέων
1651 1694 1698 1747 οἳ
1721 1693 1929 1760 Λέσβον

271 1780 516 1846 νέμονται·
577 1779 854 1832 ἐτάσσοντο
894 1782 946 1831 δὲ
983 1780 1094 1831 ὧδε·
1154 1783 1210 1831 τὸ
1249 1782 1341 1845 μὲν
1380 1779 1502 1846 πρὸς
1545 1779 1636 1844 τὴν
1677 1777 1749 1843 ἠῶ
1790 1776 1928 1846 εἶχον

271 1865 415 1931 κέρας
437 1865 574 1917 αὐτοὶ
598 1863 861 1929 Μιλήσιοι,
888 1862 1002 1917 νέας
1024 1865 1358 1932 παρεχόμενοι
1381 1864 1682 1931 ὀγδώκοντα·
1731 1863 1928 1930 εἴχοντο

272 1952 324 2002 δὲ
355 1949 542 2001 τούτων
574 1947 816 2015 Πριηνέες
839 1947 1054 2000 δυώδεκα
1076 1950 1224 2013 νηυσὶ
1249 1949 1327 2000 καὶ
1353 1946 1575 2012 Μυήσιοι
1598 1947 1732 2014 τρισὶ
1763 1946 1926 2018 νηυσί,

274 2035 521 2099 Μυησίων
565 2035 618 2085 δὲ
660 2031 804 2097 Τήιοι
849 2034 1045 2102 εἴχοντο
1089 2034 1415 2085 ἑπτακαίδεκα
1459 2032 1619 2097 νηυσί,
1665 2031 1833 2095 Τηίων
1875 2031 1929 2081 δὲ

276 2119 471 2186 εἴχοντο
507 2121 622 2169 Χῖοι
659 2116 833 2170 ἑκατὸν
863 2118 1027 2182 νηυσί·
1074 2116 1208 2183 πρὸς,
1231 2120 1285 2169 δὲ
1313 2116 1534 2168 τούτοισι
1564 2114 1851 2182 Ἐρυθραῖοί
1874 2133 1929 2165 τε

274 2201 552 2254 ἐτάσσοντο
586 2202 664 2254 καὶ
694 2188 959 2260 Φωκαιέες,
984 2200 1265 2268 Ἐρυθραῖοι
1295 2203 1386 2266 μὲν
1407 2201 1534 2252 ὀκτὼ
1565 2198 1679 2253 νέας
1709 2196 1925 2265 παρεχό-

272 2307 428 2351 μενοι,
474 2284 723 2339 Φωκαιέες
767 2288 820 2337 δὲ
864 2289 1009 2351 τρεῖς·
1060 2283 1329 2337 Φωκαιέων
1372 2286 1426 2335 δὲ
1469 2285 1666 2351 εἴχοντο
1710 2281 1929 2347 Λέσβιοι

273 2371 420 2435 νηυσὶ
465 2368 820 2435 ἑβδομήκοντα·
887 2374 1161 2421 τελευταῖοι
1206 2371 1259 2421 δὲ
1310 2367 1588 2421 ἐτάσσοντο
1632 2365 1833 2434 ἔχοντες
1871 2364 1928 2417 τὸ

332 2521 349 2546 1
398 2509 530 2549 ἐποίεν
570 2508 609 2547 R
830 2521 852 2558 7
893 2525 939 2549 τε
971 2520 1051 2548 om.
1086 2506 1126 2545 A
1140 2507 1175 2546 B
1189 2506 1223 2546 C
1442 2517 1470 2554 9
1513 2503 1755 2555 ἐστράτευον
1788 2502 1830 2541 Α
1842 2502 1878 2542 Β
1892 2502 1928 2545 C

275 2576 326 2603 10
355 2563 579 2616 προβόλους
599 2561 653 2601 Α1
668 2562 703 2602 C
718 2562 757 2601 R
772 2562 803 2602 S
815 2563 854 2601 V
992 2572 1106 2613 σφων
1125 2561 1163 2599 Α
1179 2561 1214 2599 Β
1345 2558 1497 2601 αὐτέων
1519 2558 1558 2596 R
1571 2559 1610 2596 V
1628 2595 1635 2601 ,
1778 2570 1825 2597 12
1851 2557 1928 2608 μὲν

273 2631 356 2657 om.
378 2618 416 2656 R
538 2616 709 2669 μηδένα]
729 2619 783 2667 μὴ
804 2616 891 2656 AC
1018 2618 1127 2658 ἀλλὰ
1145 2615 1290 2666 τείχεα
1308 2613 1348 2653 R
1365 2628 1374 2654 ε
1405 2614 1514 2655 ἀλλὰ
1533 2615 1570 2653 τ’
1591 2615 1653 2653 εἴα
1670 2612 1709 2650 V
1727 2627 1736 2651 :
1765 2612 1860 2652 ἀλλ’
1879 2615 1928 2653 ἐκ

271 2673 433 2725 τείχεος
452 2674 503 2713 ὡς
523 2673 691 2713 δυνατὸν
712 2672 742 2711 S
897 2683 943 2720 14
974 2673 1155 2711 ὑπολειπ.
1181 2670 1221 2708 R
1237 2668 1319 2708 SV
1470 2679 1518 2716 15
1547 2669 1621 2714 τῆς
1639 2679 1721 2705 om.
1746 2665 1779 2704 P
1792 2665 1831 2703 R
1845 2665 1927 2704 SV

276 2729 325 2765 16
353 2728 471 2779 μικρὴ
494 2727 526 2764 L
637 2726 754 2767 πόλει
775 2725 814 2764 Α
829 2726 864 2764 Β
878 2725 911 2764 C
927 2726 962 2764 P
976 2725 1015 2763 R
1028 2725 1066 2764 V
1225 2724 1273 2762 18
1302 2724 1340 2764 οἳ
1356 2720 1536 2771 Λέσβον]
1558 2722 1645 2761 ὅσοι
1667 2723 1742 2768 τὴν
1760 2721 1928 2761 Αἰολίδα

272 2778 571 2832 ›fivaBCP‘
751 2793 799 2830 19
828 2779 1082 2821 z'wABCP
1262 2790 1310 2816 21
1342 2774 1724 2818 -rowre'vaRSV
1861 2775 1925 2814 καὶ

278 2865 286 2874 .
305 2865 314 2874 .
336 2864 346 2874 .
367 2835 484 2883 νηυσί
514 2836 602 2885 (22)
641 2848 722 2875 om.
760 2835 799 2873 R
817 2835 847 2875 S
864 2835 901 2874 V
1053 2832 1247 2874 Μυούσιοι
1268 2862 1278 2871 .
1304 2861 1313 2871 .
1339 2830 1549 2872 Μυουσίων
1585 2829 1643 2869 Η.
1681 2829 1926 2877 Stephanus

276 2901 330 2938 23
357 2890 454 2941 πρὸς
476 2888 520 2929 δὲ
540 2888 719 2929 τούτοισι
742 2902 822 2928 om.
843 2887 897 2927 Α1
1025 2901 1074 2936 24
1096 2893 1139 2925 et
1159 2899 1210 2935 25
1239 2885 1418 2927 Φωκαέες
1440 2889 1483 2923 et
1501 2883 1692 2926 Φωκαέων
1715 2881 1748 2921 Ρ
1762 2882 1800 2920 R
1816 2882 1845 2921 S
1860 2880 1896 2920 V
1915 2895 1925 2920 :

275 2942 427 2988 Φωκέες
447 2948 490 2982 et
508 2942 674 2986 Φωκέων
692 2944 732 2982 Α
744 2943 779 2983 Β
794 2943 827 2983 C
994 2944 1047 2982 26
1075 2942 1127 2983 τὰ
1147 2941 1177 2980 S
1189 2942 1226 2981 V
1428 2942 1432 2946 '

1955 1040 2004 1070 10

1957 1461 2004 1503 ¹5

1955 1880 2005 1910 20

1955 2299 2003 2340 25
