2132 3340
82 102 190 151 vn.
219 116 289 162 39
948 104 1379 153 HPOAOTOT

328 231 489 298 μέσον
548 237 819 298 διαταμεῖν,
871 235 1198 300 διαταμόντας
1257 238 1311 289 δὲ
1361 237 1423 288 τὰ
1475 236 1689 302 ἡμίτομα
1752 240 1998 314 διαθεῖναι·

329 316 387 369 τὸ
420 320 511 382 μὲν
549 318 629 370 ἐπὶ
668 317 805 383 δεξιὰ
841 321 927 384 τῆς
964 320 1092 378 ὁδοῦ,
1131 318 1188 371 τὸ
1229 319 1269 372 δ’
1308 319 1386 373 ἐπ’
1423 320 1675 388 ἀριστερά,
1714 322 1796 374 καὶ
1838 321 1991 395 ταύτῃ

171 443 174 447 -
218 419 292 466 40
331 399 565 466 διεξιέναι
624 401 712 455 τὸν
771 393 1002 469 στρατόν.
1095 403 1412 468 ποιησάντων
1472 407 1526 457 δὲ
1582 405 1769 458 τούτων
1827 409 1988 466 τοῦτο,

328 487 452 550 μετὰ
488 490 639 537 ταῦτα
674 485 855 552 διεξήιε
892 489 918 538 ὁ
956 489 1185 555 στρατός.
1273 488 1483 555 ἡγέοντο
1520 491 1572 541 δὲ
1609 494 1793 556 πρῶτοι
1821 492 1913 555 μὲν
1944 493 1990 542 οἱ

333 571 632 672 σκευοφόροι
667 593 721 623 τε
759 573 837 624 καὶ
878 574 940 622 τὰ
984 573 1240 638 ὑποζύγια,
1283 575 1406 637 μετὰ
1451 576 1504 625 δὲ
1540 574 1742 627 τούτους
1779 574 1991 641 στρατὸς
2015 596 2038 636 5

0 695 181 731 κων
204 654 578 725 m‘travrocswv
614 654 796 708 εθνέων
838 655 1033 721 ἀναμίξ,
1079 657 1136 708 οὐ
1177 656 1549 724 διακεκριμένοι·
1625 665 1684 730 τῇ
1719 660 1772 709 δὲ
1809 660 1986 724 {mgnu-

0 733 291 845 ιιι-Ἣ
331 740 501 809 μίσεες
532 738 678 809 ᾖσαν,
713 742 923 792 ἐνθαῦτα
955 738 1283 799 διελέλειπτο,
1318 742 1399 793 καὶ
1429 742 1487 793 οὗ
1518 739 1825 809 συνέμισγον
1856 743 1991 794 οὗτοι

0 796 290 880 ..a-(guruudz
328 822 555 888 βασιλέϊ.
644 830 950 891 προηγεῦντο
990 827 1082 890 μὲν
1122 824 1180 890 δὴ
1220 826 1424 877 ἱππόται
1459 827 1618 893 χίλιοι
1652 827 1706 877 ἐκ
1747 824 1991 892 Περσέων

330 906 528 959 πάντων
573 907 987 975 ἀπολελεγμένοι·
1060 912 1184 974 μετὰ
1236 912 1290 961 δὲ
1342 911 1648 977 αἰχμοφόροι
1690 912 1863 978 χίλιοι,
1912 911 1991 962 καὶ

329 992 462 1043 οὗτοι
499 994 552 1044 ἐκ
589 992 788 1045 πάντων
825 991 1240 1060 ἀπολελεγμένοι,
1279 995 1367 1047 τὰς
1406 995 1599 1063 λόγχας
1640 993 1771 1048 κάτω
1807 997 1858 1047 ἐς
1901 994 1991 1059 τὴν
2018 1015 2067 1044 10

329 1078 423 1142 γῆν
475 1074 767 1144 τρέψαντες·
828 1079 952 1143 μετὰ
997 1080 1049 1130 δὲ
1095 1079 1188 1144 ἱροὶ
1233 1082 1456 1143 Νησαῖοι
1507 1080 1799 1144 καλεόμενοι
1849 1080 1991 1132 ἵπποι

264 1181 290 1224 3
331 1158 462 1221 δέκα,
498 1159 857 1227 κεκοσμημένοι
902 1162 967 1216 ὡς
1013 1161 1278 1214 κάλλιστα.
1369 1167 1588 1227 Νησαῖοι
1631 1166 1683 1215 δὲ
1730 1160 1992 1214 καλέονται

330 1246 473 1297 ἵπποι
501 1245 581 1297 ἐπὶ
610 1250 767 1298 τοῦδε·
830 1246 942 1298 ἔστι
971 1248 1142 1299 πεδίον
1176 1245 1304 1314 μέγα
1334 1250 1421 1311 τῆς
1453 1251 1678 1311 Μηδικῆς
1707 1252 1774 1317 τῷ
1805 1247 1998 1317 οὔνομά-

332 1332 443 1381 ἐστι
473 1328 720 1394 Νήσαιον.
807 1331 921 1384 τοὺς
946 1329 1025 1382 ὧν.
1045 1330 1102 1395 δὴ
1134 1332 1312 1385 ἵππους
1342 1331 1455 1384 τοὺς
1484 1330 1733 1398 μεγάλους
1763 1329 1907 1398 φέρει
1933 1336 1989 1382 τὸ

264 1433 291 1475 4
331 1415 501 1466 πεδίον
532 1420 692 1466 τοῦτο.
786 1418 969 1467 ὄπισθε
1013 1418 1066 1467 δὲ
1118 1416 1304 1467 τούτων
1351 1421 1447 1467 τῶν
1491 1413 1608 1466 δέκα
1651 1417 1813 1467 ἵππων
1859 1415 1991 1481 ἅρμα
2016 1434 2064 1474 15

333 1497 455 1551 Διὸς
500 1498 604 1565 ἱρὸν
649 1497 960 1558 ἐπετέτακτο,
1000 1498 1057 1549 τὸ
1101 1501 1244 1551 ἵπποι
1285 1503 1377 1565 μὲν
1422 1502 1589 1551 εἷλκον
1633 1500 1800 1551 λευκοὶ
1844 1500 1986 1558 ὀκτώ,

328 1584 508 1634 ὄπισθε
541 1585 594 1634 δὲ
624 1583 683 1634 αὖ
713 1589 812 1634 τῶν
844 1585 1011 1635 ἵππων
1043 1585 1208 1635 εἵπετο
1240 1584 1361 1656 πεζῇ
1391 1584 1592 1651 ἡνίοχος
1622 1585 1860 1651 ἐχόμενος
1890 1588 1990 1634 τῶν

328 1672 567 1733 χαλινῶν·
635 1668 793 1721 οὐδεὶς
830 1670 924 1734 γὰρ
961 1667 1019 1731 δὴ
1060 1667 1140 1719 ἐπὶ
1176 1673 1350 1719 τοῦτον
1386 1673 1472 1719 τὸν
1510 1668 1687 1734 θρόνον
1718 1667 1990 1731 ἀνθρώπων

328 1750 606 1815 ἀναβαίνει.
695 1752 868 1803 τούτου
913 1754 968 1803 δὲ
1011 1754 1191 1804 ὄπισθε
1235 1751 1380 1805 αὐτὸς
1427 1749 1618 1817 Ξέρξης
1655 1750 1734 1802 ἐπ’
1772 1749 1989 1816 ἅρματος

0 1830 252 1937 ῦᾶῗὶὶω*
330 1835 495 1886 ἵππων
527 1836 786 1899 Νησαίων·
842 1834 1189 1902 παρεβ-’βήκεε
1219 1833 1275 1887 δέ
1305 1838 1350 1887 οἱ
1381 1836 1583 1902 ἡνίοχος
1612 1839 1679 1904 τῶ
1713 1835 1898 1900 οὔνομα
1927 1833 1987 1899 ἦν
2013 1852 2064 1880 20

331 1920 679 1986 Πατιράμφης,
713 1919 932 1970 Ὀτάνεω
966 1919 1143 1985 ἀνδρὸς
1176 1917 1386 1985 Πέρσεω
1419 1925 1549 1973 παῖς.

409 2001 666 2066 Ἐξήλασε
694 2006 788 2068 μὲν
818 2004 971 2057 οὕτως
1003 2024 1055 2054 εκ
1087 2005 1311 2070 Σαρδίων
1343 2003 1554 2070 Ξέρξης,
1595 2003 1987 2069 μετεκβαίνεσκε

0 2059 78 2213 D
118 2068 381 2228 ΗΜ
327 2084 396 2144 δέ,
434 2087 559 2139 ὅκως
597 2108 681 2151 μιν
719 2088 875 2154 λόγος
909 2087 1079 2153 αἱρέοι,
1123 2089 1176 2138 ἐκ
1214 2092 1300 2138 τοῦ
1337 2086 1551 2153 ἅρματος
1587 2090 1638 2141 ἐς
1677 2089 1708 2138 ἆ
1777 2086 1806 2138 ά
1845 2108 1875 2137 α
1908 2097 2132 2139 ‹zv-W

326 2169 474 2221 αὐτοῦ
519 2173 571 2222 δε
618 2173 797 2222 ὄπισθε
846 2172 1149 2271 αἰχμοφόροι
1197 2170 1437 2237 Περσέων
1482 2193 1529 2223 οι
1569 2170 1770 2237 ἄριστοί
1809 2191 1864 2222 τε
1909 2170 1988 2221 καὶ

327 2255 668 2319 γενναιότατοι
698 2257 872 2322 χίλιοι,
907 2256 1031 2305 κατὰ
1062 2256 1214 2319 νόμον
1254 2257 1342 2307 τὰς
1379 2255 1572 2321 λόγχας
1611 2255 1828 2321 ἔχοντες,
1860 2256 1986 2319 μετὰ
2009 2267 2059 2317 25·

327 2340 379 2388 δὲ
410 2338 557 2390 ἵππος
597 2337 728 2401 ἄλλη
770 2340 909 2405 χιλίη
954 2340 1006 2389 ἐκ
1049 2337 1292 2404 Περσέων
1331 2337 1726 2404 ἀπολελεγμένη,
1768 2340 1892 2402 μετὰ
1930 2339 1984 2389 δὲ

325 2420 414 2485 τὴν
445 2423 597 2473 ἵππον
626 2423 680 2472 ἐκ
720 2426 816 2473 τῶν
853 2426 1047 2473 λοιπῶν
1087 2421 1330 2488 Περσέων
1364 2420 1768 2487 ’ἀπολελεγμένοι
1804 2421 1998 2489 μύριοιω-

383 2570 401 2596 1
435 2562 637 2608 διατεμεῖν
660 2559 698 2597 R
714 2559 796 2597 SV
961 2557 1224 2608 διατεμόντας
1247 2559 1277 2597 S
1291 2559 1328 2597 V
1545 2571 1571 2607 3
1601 2562 1722 2599 τοῦτο
1744 2571 1824 2597 om.
1845 2556 1934 2596 AB
1949 2558 1984 2598 C

326 2625 349 2661 5
393 2630 440 2653 τε
478 2625 560 2651 om.
598 2613 632 2651 C
744 2612 965 2664 σύμμικτος
1007 2614 1180 2664 στρατὸς
1225 2613 1258 2651 Ρ
1275 2613 1313 2650 R
1333 2613 1413 2652 SV
1576 2614 1603 2650 6
1645 2611 1787 2653 ἐθνέων
1821 2625 1902 2652 om.
1943 2612 1987 2651 R

327 2680 348 2715 7
380 2666 627 2719 συνέσμιγον
649 2667 738 2705 AV
847 2668 874 2705 8
903 2666 978 2716 μὲν
1003 2669 1051 2716 δὴ
1074 2667 1163 2706 ΑΒ
1178 2667 1242 2706 C·
1270 2666 1346 2717 μὲν
1365 2668 1445 2719 ’γὰρ
1469 2667 1528 2706 P:
1555 2669 1635 2719 ’γὰρ
1660 2667 1726 2706 R·
1742 2665 1830 2717 μὲν
1849 2667 1931 2735 γὰρ
1949 2669 1985 2707 οἱ

325 2723 356 2760 S
370 2722 407 2759 V
627 2734 643 2759 1
656 2735 673 2759 1
705 2721 801 2774 ἱροὶ]
824 2724 860 2761 οἱ
883 2721 921 2759 R
937 2722 966 2760 S
980 2722 1018 2759 V
1183 2721 1420 2772 καλευμένοι
1445 2721 1484 2759 R
1500 2721 1529 2760 S
1542 2721 1580 2758 V
1720 2726 1733 2736 ⁵
1803 2734 1850 2770 13
1877 2719 1984 2772 μέγα

325 2789 406 2814 om.
436 2775 468 2813 C
640 2789 687 2825 17
719 2777 766 2816 αὖ
788 2790 871 2815 om.
895 2776 978 2814 PR
996 2775 1079 2815 SV
1248 2778 1298 2815 18
1328 2777 1376 2824 δὴ
1400 2789 1481 2816 om.
1507 2777 1536 2814 S
1706 2788 1756 2824 19
1786 2775 1982 2821 ἐπιβαίνει

323 2830 362 2867 Α
378 2830 412 2868 Β
427 2830 461 2867 C
606 2831 768 2871 ὄπισθεν
789 2830 829 2868 Α
843 2831 877 2868 Β
893 2831 926 2868 C
941 2830 981 2869 R
993 2831 1032 2869 V
1046 2830 1116 2881 (S)
1250 2831 1314 2882 ἐφ’
1339 2831 1378 2868 R
1392 2830 1430 2868 V
1640 2844 1695 2868 20
1722 2827 1982 2880 παραβέβηκε

324 2884 362 2922 Α
377 2885 411 2922 Β
428 2885 460 2922 C
654 2899 703 2924 21
737 2889 828 2926 παῖς
851 2886 989 2937 ἀνδρὸς
1010 2884 1172 2936 Πέρσεω
1197 2884 1231 2923 Ρ
1245 2884 1283 2923 R
1299 2884 1328 2923 S
1342 2884 1381 2923 V
1580 2897 1631 2933 23
1663 2883 1825 2936 ἐξαιρεόι
1850 2883 1888 2920 R
1903 2882 1982 2921 SV

325 2953 375 2988 24
408 2939 572 2980 ὄπισθεν
595 2939 628 2977 L
790 2941 847 2977 '26
875 2941 997 2980 ἵππον
1021 2939 1111 2977 RV
