<?xml version="1.0" encoding="UTF-8"?>
<!DOCTYPE html PUBLIC "-//W3C//DTD XHTML 1.0 Transitional//EN"
    "http://www.w3.org/TR/xhtml1/DTD/xhtml1-transitional.dtd">
<html xmlns="http://www.w3.org/1999/xhtml" xml:lang="en" lang="en">
 <head>
  <title>
</title>
<meta http-equiv="Content-Type" content="text/html;charset=utf-8" />
  <meta name='ocr-system' content='tesseract 3.04.00' />
  <meta name='ocr-capabilities' content='ocr_page ocr_carea ocr_par ocr_line ocrx_word'/>
</head>
<body>
  <div class='ocr_page' id='page_1' title='image "./herodotihistoria02herouoft_0025.png"; bbox 0 0 2034 3328; ppageno 0'>
   <div class='ocr_carea' id='block_1_1' title="bbox 687 96 1967 159">
    <p class='ocr_par' dir='ltr' id='par_1_1' title="bbox 687 96 1967 159">
     <span class='ocr_line' id='line_1_1' title="bbox 687 96 1967 159; baseline 0 -11"><span class='ocrx_word' id='word_1_1' title='bbox 687 98 1065 148; x_wconf 78' lang='grc' dir='ltr'>ΙΣΤΟΡΙΩΝ</span> <span class='ocrx_word' id='word_1_2' title='bbox 1143 98 1183 146; x_wconf 86' lang='lat' dir='ltr'>E</span> <span class='ocrx_word' id='word_1_3' title='bbox 1810 96 1870 145; x_wconf 90' lang='lat' dir='ltr'>V.</span> <span class='ocrx_word' id='word_1_4' title='bbox 1892 109 1967 159; x_wconf 86' lang='lat'>30.</span> 
     </span>
    </p>
   </div>
   <div class='ocr_carea' id='block_1_2' title="bbox 23 228 1876 2497">
    <p class='ocr_par' dir='ltr' id='par_1_2' title="bbox 23 228 1774 551">
     <span class='ocr_line' id='line_1_2' title="bbox 23 228 1773 304; baseline -0.003 -18"><span class='ocrx_word' id='word_1_5' title='bbox 23 253 27 258; x_wconf 92' lang='lat'><em>·</em></span> <span class='ocrx_word' id='word_1_6' title='bbox 97 234 407 301; x_wconf 83' lang='grc' dir='ltr'>ὑπίσχεσθαι</span> <span class='ocrx_word' id='word_1_7' title='bbox 437 235 569 299; x_wconf 83' lang='grc' dir='ltr'>δῶρα</span> <span class='ocrx_word' id='word_1_8' title='bbox 597 229 830 284; x_wconf 82' lang='grc' dir='ltr'>ἐκέλευον</span> <span class='ocrx_word' id='word_1_9' title='bbox 860 231 939 283; x_wconf 86' lang='grc' dir='ltr'>καὶ</span> <span class='ocrx_word' id='word_1_10' title='bbox 969 228 1193 296; x_wconf 78' lang='grc' dir='ltr'>δαπάνην</span> <span class='ocrx_word' id='word_1_11' title='bbox 1216 237 1276 304; x_wconf 82' lang='grc' dir='ltr'>τῇ</span> <span class='ocrx_word' id='word_1_12' title='bbox 1300 231 1506 303; x_wconf 82' lang='grc' dir='ltr'>στρατιῇ</span> <span class='ocrx_word' id='word_1_13' title='bbox 1538 230 1604 284; x_wconf 83' lang='grc' dir='ltr'>ὡς</span> <span class='ocrx_word' id='word_1_14' title='bbox 1635 228 1773 282; x_wconf 82' lang='grc' dir='ltr'>αὐτοὶ</span> 
     </span>
     <span class='ocr_line' id='line_1_3' title="bbox 97 314 1774 384; baseline 0 -15"><span class='ocrx_word' id='word_1_15' title='bbox 97 317 438 375; x_wconf 88' lang='grc' dir='ltr'>διαλύσοντες,</span> <span class='ocrx_word' id='word_1_16' title='bbox 477 316 683 370; x_wconf 84' lang='grc' dir='ltr'>ἐλπίδας</span> <span class='ocrx_word' id='word_1_17' title='bbox 719 317 915 370; x_wconf 79' lang='grc' dir='ltr'>πολλᾶς</span> <span class='ocrx_word' id='word_1_18' title='bbox 953 315 1172 384; x_wconf 86' lang='grc' dir='ltr'>ἔχοντες,</span> <span class='ocrx_word' id='word_1_19' title='bbox 1210 317 1330 367; x_wconf 87' lang='grc' dir='ltr'>ὅταν</span> <span class='ocrx_word' id='word_1_20' title='bbox 1365 314 1680 383; x_wconf 80' lang='grc' dir='ltr'>ἐπιφανέωσι</span> <span class='ocrx_word' id='word_1_21' title='bbox 1723 317 1774 369; x_wconf 86' lang='grc' dir='ltr'>ἐς</span> 
     </span>
     <span class='ocr_line' id='line_1_4' title="bbox 96 398 1774 467; baseline -0.002 -14"><span class='ocrx_word' id='word_1_22' title='bbox 96 400 189 467; x_wconf 80' lang='grc' dir='ltr'>τὴν</span> <span class='ocrx_word' id='word_1_23' title='bbox 234 399 425 466; x_wconf 84' lang='grc' dir='ltr'>Νάξον,</span> <span class='ocrx_word' id='word_1_24' title='bbox 479 399 643 453; x_wconf 87' lang='grc' dir='ltr'>πάντα</span> <span class='ocrx_word' id='word_1_25' title='bbox 693 399 925 465; x_wconf 84' lang='grc' dir='ltr'>ποιήσειν</span> <span class='ocrx_word' id='word_1_26' title='bbox 974 399 1089 454; x_wconf 82' lang='grc' dir='ltr'>τοὺς</span> <span class='ocrx_word' id='word_1_27' title='bbox 1141 398 1359 464; x_wconf 79' lang='grc' dir='ltr'>Ναξίους</span> <span class='ocrx_word' id='word_1_28' title='bbox 1409 402 1470 450; x_wconf 79' lang='grc' dir='ltr'>τὰ</span> <span class='ocrx_word' id='word_1_29' title='bbox 1521 399 1586 451; x_wconf 84' lang='grc' dir='ltr'>ἂν</span> <span class='ocrx_word' id='word_1_30' title='bbox 1635 399 1774 450; x_wconf 85' lang='grc' dir='ltr'>αὐτοὶ</span> 
     </span>
     <span class='ocr_line' id='line_1_5' title="bbox 98 482 1774 551; baseline -0.002 -12"><span class='ocrx_word' id='word_1_31' title='bbox 98 485 359 546; x_wconf 83' lang='grc' dir='ltr'>κελεύωσι,</span> <span class='ocrx_word' id='word_1_32' title='bbox 390 485 456 539; x_wconf 86' lang='grc' dir='ltr'>ὣς</span> <span class='ocrx_word' id='word_1_33' title='bbox 484 487 539 537; x_wconf 79' lang='grc' dir='ltr'>δὲ</span> <span class='ocrx_word' id='word_1_34' title='bbox 571 486 651 537; x_wconf 88' lang='grc' dir='ltr'>καὶ</span> <span class='ocrx_word' id='word_1_35' title='bbox 680 485 794 539; x_wconf 86' lang='grc' dir='ltr'>τοὺς</span> <span class='ocrx_word' id='word_1_36' title='bbox 825 484 1010 538; x_wconf 88' lang='grc' dir='ltr'>ἄλλους</span> <span class='ocrx_word' id='word_1_37' title='bbox 1040 484 1306 549; x_wconf 78' lang='grc' dir='ltr'>νησιώτας·</span> <span class='ocrx_word' id='word_1_38' title='bbox 1353 489 1453 535; x_wconf 85' lang='grc' dir='ltr'>τῶν</span> <span class='ocrx_word' id='word_1_39' title='bbox 1476 484 1572 551; x_wconf 77' lang='grc' dir='ltr'>γὰρ</span> <span class='ocrx_word' id='word_1_40' title='bbox 1603 482 1774 547; x_wconf 86' lang='grc' dir='ltr'>νήσων</span> 
     </span>
    </p>

    <p class='ocr_par' dir='ltr' id='par_1_3' title="bbox 49 565 1869 976">
     <span class='ocr_line' id='line_1_6' title="bbox 49 565 1869 639; baseline -0.004 -15"><span class='ocrx_word' id='word_1_41' title='bbox 49 595 74 639; x_wconf 81' lang='lat'>5</span> <span class='ocrx_word' id='word_1_42' title='bbox 95 569 311 624; x_wconf 86' lang='grc' dir='ltr'>τουτέων</span> <span class='ocrx_word' id='word_1_43' title='bbox 333 565 453 637; x_wconf 83' lang='grc' dir='ltr'>[τῶν</span> <span class='ocrx_word' id='word_1_44' title='bbox 477 566 768 636; x_wconf 86' lang='grc' dir='ltr'>Κυκλάδων]</span> <span class='ocrx_word' id='word_1_45' title='bbox 791 570 995 635; x_wconf 83' lang='grc' dir='ltr'>οὐδεμία</span> <span class='ocrx_word' id='word_1_46' title='bbox 1019 590 1086 620; x_wconf 90' lang='grc' dir='ltr'>κω</span> <span class='ocrx_word' id='word_1_47' title='bbox 1111 567 1172 633; x_wconf 83' lang='grc' dir='ltr'>ἦν</span> <span class='ocrx_word' id='word_1_48' title='bbox 1193 568 1289 620; x_wconf 84' lang='grc' dir='ltr'>ὑπὸ</span> <span class='ocrx_word' id='word_1_49' title='bbox 1315 570 1530 637; x_wconf 81' lang='grc' dir='ltr'>Δαρείῳ.</span> <span class='ocrx_word' id='word_1_50' title='bbox 1598 568 1770 619; x_wconf 87' lang='grc' dir='ltr'>ἀπικό-</span> <span class='ocrx_word' id='word_1_51' title='bbox 1810 579 1869 631; x_wconf 82' lang='lat'>31</span> 
     </span>
     <span class='ocr_line' id='line_1_7' title="bbox 95 651 1776 722; baseline -0.002 -14"><span class='ocrx_word' id='word_1_52' title='bbox 95 676 246 722; x_wconf 87' lang='grc' dir='ltr'>μενος</span> <span class='ocrx_word' id='word_1_53' title='bbox 291 657 346 707; x_wconf 81' lang='grc' dir='ltr'>δὲ</span> <span class='ocrx_word' id='word_1_54' title='bbox 391 656 419 706; x_wconf 86' lang='grc' dir='ltr'>ὁ</span> <span class='ocrx_word' id='word_1_55' title='bbox 463 653 827 722; x_wconf 82' lang='grc' dir='ltr'>Ἀρισταγόρης</span> <span class='ocrx_word' id='word_1_56' title='bbox 874 656 924 708; x_wconf 85' lang='grc' dir='ltr'>ἐς</span> <span class='ocrx_word' id='word_1_57' title='bbox 970 655 1059 708; x_wconf 81' lang='grc' dir='ltr'>τὰς</span> <span class='ocrx_word' id='word_1_58' title='bbox 1107 652 1286 720; x_wconf 88' lang='grc' dir='ltr'>Σάρδις</span> <span class='ocrx_word' id='word_1_59' title='bbox 1333 651 1475 718; x_wconf 84' lang='grc' dir='ltr'>λέγει</span> <span class='ocrx_word' id='word_1_60' title='bbox 1520 651 1644 719; x_wconf 87' lang='grc' dir='ltr'>πρὸς</span> <span class='ocrx_word' id='word_1_61' title='bbox 1687 651 1776 705; x_wconf 84' lang='grc' dir='ltr'>τὸν</span> 
     </span>
     <span class='ocr_line' id='line_1_8' title="bbox 98 735 1772 808; baseline -0.002 -16"><span class='ocrx_word' id='word_1_62' title='bbox 98 737 442 808; x_wconf 87' lang='grc' dir='ltr'>Ἀρταφρένεα</span> <span class='ocrx_word' id='word_1_63' title='bbox 476 738 542 793; x_wconf 87' lang='grc' dir='ltr'>ὡς</span> <span class='ocrx_word' id='word_1_64' title='bbox 577 736 749 803; x_wconf 81' lang='grc' dir='ltr'>Νάξος</span> <span class='ocrx_word' id='word_1_65' title='bbox 791 740 865 803; x_wconf 87' lang='grc' dir='ltr'>εἵη</span> <span class='ocrx_word' id='word_1_66' title='bbox 903 741 1058 803; x_wconf 86' lang='grc' dir='ltr'>νῆσος</span> <span class='ocrx_word' id='word_1_67' title='bbox 1092 736 1301 805; x_wconf 83' lang='grc' dir='ltr'>μεγάθεϊ</span> <span class='ocrx_word' id='word_1_68' title='bbox 1334 739 1428 803; x_wconf 82' lang='grc' dir='ltr'>μὲν</span> <span class='ocrx_word' id='word_1_69' title='bbox 1465 736 1522 787; x_wconf 82' lang='grc' dir='ltr'>οὐ</span> <span class='ocrx_word' id='word_1_70' title='bbox 1557 735 1772 804; x_wconf 85' lang='grc' dir='ltr'>μεγάλη,</span> 
     </span>
     <span class='ocr_line' id='line_1_9' title="bbox 97 820 1777 891; baseline 0 -15"><span class='ocrx_word' id='word_1_71' title='bbox 97 823 266 879; x_wconf 85' lang='grc' dir='ltr'>ἄλλως</span> <span class='ocrx_word' id='word_1_72' title='bbox 297 826 352 876; x_wconf 82' lang='grc' dir='ltr'>δὲ</span> <span class='ocrx_word' id='word_1_73' title='bbox 382 821 509 888; x_wconf 90' lang='grc' dir='ltr'>καλή</span> <span class='ocrx_word' id='word_1_74' title='bbox 539 844 595 875; x_wconf 89' lang='grc' dir='ltr'>τε</span> <span class='ocrx_word' id='word_1_75' title='bbox 626 823 705 875; x_wconf 85' lang='grc' dir='ltr'>καὶ</span> <span class='ocrx_word' id='word_1_76' title='bbox 735 822 895 890; x_wconf 80' lang='grc' dir='ltr'>ἀγαθὴ</span> <span class='ocrx_word' id='word_1_77' title='bbox 923 822 1000 874; x_wconf 86' lang='grc' dir='ltr'>καὶ</span> <span class='ocrx_word' id='word_1_78' title='bbox 1033 823 1194 891; x_wconf 83' lang='grc' dir='ltr'>ἀγχοῦ</span> <span class='ocrx_word' id='word_1_79' title='bbox 1217 821 1425 887; x_wconf 86' lang='grc' dir='ltr'>Ἰωνίης,</span> <span class='ocrx_word' id='word_1_80' title='bbox 1457 820 1692 890; x_wconf 84' lang='grc' dir='ltr'>χρήματα</span> <span class='ocrx_word' id='word_1_81' title='bbox 1721 824 1777 876; x_wconf 74' lang='grc' dir='ltr'>δὲ</span> 
     </span>
     <span class='ocr_line' id='line_1_10' title="bbox 97 904 1775 976; baseline -0.001 -15"><span class='ocrx_word' id='word_1_82' title='bbox 97 909 172 962; x_wconf 85' lang='grc' dir='ltr'>ἔνι</span> <span class='ocrx_word' id='word_1_83' title='bbox 211 910 382 961; x_wconf 80' lang='grc' dir='ltr'>πολλὰ</span> <span class='ocrx_word' id='word_1_84' title='bbox 423 907 502 959; x_wconf 85' lang='grc' dir='ltr'>καὶ</span> <span class='ocrx_word' id='word_1_85' title='bbox 542 905 841 974; x_wconf 91' lang='grc' dir='ltr'>ἀνδράποδα.</span> <span class='ocrx_word' id='word_1_86' title='bbox 930 906 999 958; x_wconf 85' lang='grc' dir='ltr'>Σὺ</span> <span class='ocrx_word' id='word_1_87' title='bbox 1035 904 1103 959; x_wconf 68' lang='grc' dir='ltr'>ὧν</span> <span class='ocrx_word' id='word_1_88' title='bbox 1142 907 1222 960; x_wconf 88' lang='grc' dir='ltr'>ε’πὶ</span> <span class='ocrx_word' id='word_1_89' title='bbox 1258 907 1440 971; x_wconf 87' lang='grc' dir='ltr'>ταύτην</span> <span class='ocrx_word' id='word_1_90' title='bbox 1476 906 1568 971; x_wconf 79' lang='grc' dir='ltr'>τὴν</span> <span class='ocrx_word' id='word_1_91' title='bbox 1603 908 1775 976; x_wconf 87' lang='grc' dir='ltr'>χώρην</span> 
     </span>
    </p>

    <p class='ocr_par' dir='ltr' id='par_1_4' title="bbox 35 990 1838 1235">
     <span class='ocr_line' id='line_1_11' title="bbox 35 990 1772 1062; baseline 0.001 -18"><span class='ocrx_word' id='word_1_92' title='bbox 35 1015 85 1044; x_wconf 89' lang='lat'>10</span> <span class='ocrx_word' id='word_1_93' title='bbox 98 991 455 1062; x_wconf 88' lang='grc' dir='ltr'>στρατηλάτεε,</span> <span class='ocrx_word' id='word_1_94' title='bbox 504 990 732 1059; x_wconf 86' lang='grc' dir='ltr'>κατάγων</span> <span class='ocrx_word' id='word_1_95' title='bbox 777 994 828 1046; x_wconf 84' lang='grc' dir='ltr'>ἐς</span> <span class='ocrx_word' id='word_1_96' title='bbox 874 991 1027 1056; x_wconf 80' lang='grc' dir='ltr'>αὐτὴν</span> <span class='ocrx_word' id='word_1_97' title='bbox 1071 990 1183 1045; x_wconf 84' lang='grc' dir='ltr'>τοὺς</span> <span class='ocrx_word' id='word_1_98' title='bbox 1227 991 1456 1059; x_wconf 89' lang='grc' dir='ltr'>φυγάδας</span> <span class='ocrx_word' id='word_1_99' title='bbox 1505 990 1565 1058; x_wconf 83' lang='grc' dir='ltr'>ἐξ</span> <span class='ocrx_word' id='word_1_100' title='bbox 1605 992 1772 1058; x_wconf 84' lang='grc' dir='ltr'>αὐτῆς.</span> 
     </span>
     <span class='ocr_line' id='line_1_12' title="bbox 99 1074 1838 1150; baseline -0.001 -20"><span class='ocrx_word' id='word_1_101' title='bbox 99 1077 183 1130; x_wconf 89' lang='grc' dir='ltr'>καί</span> <span class='ocrx_word' id='word_1_102' title='bbox 217 1099 297 1129; x_wconf 91' lang='grc' dir='ltr'>τοι</span> <span class='ocrx_word' id='word_1_103' title='bbox 330 1081 481 1129; x_wconf 84' lang='grc' dir='ltr'>ταῦτα</span> <span class='ocrx_word' id='word_1_104' title='bbox 521 1076 791 1142; x_wconf 89' lang='grc' dir='ltr'>ποιήσαντι</span> <span class='ocrx_word' id='word_1_105' title='bbox 829 1080 975 1128; x_wconf 86' lang='grc' dir='ltr'>τοῦτο</span> <span class='ocrx_word' id='word_1_106' title='bbox 1015 1074 1109 1142; x_wconf 90' lang='grc' dir='ltr'>μέν</span> <span class='ocrx_word' id='word_1_107' title='bbox 1138 1078 1259 1150; x_wconf 28' lang='grc' dir='ltr'>,ἐστι</span> <span class='ocrx_word' id='word_1_108' title='bbox 1300 1076 1473 1143; x_wconf 81' lang='grc' dir='ltr'>ἕτοιμα</span> <span class='ocrx_word' id='word_1_109' title='bbox 1511 1076 1627 1144; x_wconf 90' lang='grc' dir='ltr'>παρ’</span> <span class='ocrx_word' id='word_1_110' title='bbox 1663 1076 1773 1143; x_wconf 83' lang='grc' dir='ltr'>ἐμοὶ</span> <span class='ocrx_word' id='word_1_111' title='bbox 1809 1093 1838 1129; x_wconf 83' lang='lat'><strong>2</strong></span> 
     </span>
     <span class='ocr_line' id='line_1_13' title="bbox 97 1159 1772 1235; baseline -0.001 -21"><span class='ocrx_word' id='word_1_112' title='bbox 97 1160 328 1230; x_wconf 87' lang='grc' dir='ltr'>χρήματα</span> <span class='ocrx_word' id='word_1_113' title='bbox 382 1161 581 1229; x_wconf 89' lang='grc' dir='ltr'>μεγάλα</span> <span class='ocrx_word' id='word_1_114' title='bbox 630 1159 789 1229; x_wconf 82' lang='grc' dir='ltr'>πάρεξ</span> <span class='ocrx_word' id='word_1_115' title='bbox 834 1165 934 1213; x_wconf 84' lang='grc' dir='ltr'>τῶν</span> <span class='ocrx_word' id='word_1_116' title='bbox 985 1160 1404 1227; x_wconf 83' lang='grc' dir='ltr'>ἀναισιμωμάτων</span> <span class='ocrx_word' id='word_1_117' title='bbox 1454 1169 1514 1235; x_wconf 80' lang='grc' dir='ltr'>τῇ</span> <span class='ocrx_word' id='word_1_118' title='bbox 1566 1162 1772 1233; x_wconf 83' lang='grc' dir='ltr'>στρατιῇ</span> 
     </span>
    </p>

    <p class='ocr_par' dir='ltr' id='par_1_5' title="bbox 50 1243 1774 1398">
     <span class='ocr_line' id='line_1_14' title="bbox 50 1243 1773 1315; baseline 0.001 -17"><span class='ocrx_word' id='word_1_119' title='bbox 50 1250 52 1252; x_wconf 67' lang='grc'>’</span> <span class='ocrx_word' id='word_1_120' title='bbox 96 1243 266 1311; x_wconf 80' lang='grc' dir='ltr'>(ταῦτα</span> <span class='ocrx_word' id='word_1_121' title='bbox 300 1247 394 1312; x_wconf 80' lang='grc' dir='ltr'>μὲν</span> <span class='ocrx_word' id='word_1_122' title='bbox 424 1248 518 1313; x_wconf 77' lang='grc' dir='ltr'>γὰρ</span> <span class='ocrx_word' id='word_1_123' title='bbox 548 1246 714 1298; x_wconf 92' lang='grc' dir='ltr'>δίκαια</span> <span class='ocrx_word' id='word_1_124' title='bbox 741 1244 897 1312; x_wconf 88' lang='grc' dir='ltr'>ἡμέας</span> <span class='ocrx_word' id='word_1_125' title='bbox 925 1245 1039 1300; x_wconf 83' lang='grc' dir='ltr'>τοὺς</span> <span class='ocrx_word' id='word_1_126' title='bbox 1075 1244 1290 1313; x_wconf 87' lang='grc' dir='ltr'>ἄγοντας</span> <span class='ocrx_word' id='word_1_127' title='bbox 1326 1243 1596 1315; x_wconf 85' lang='grc' dir='ltr'>παρέχειν),</span> <span class='ocrx_word' id='word_1_128' title='bbox 1629 1250 1773 1299; x_wconf 84' lang='grc' dir='ltr'>τοῦτο</span> 
     </span>
     <span class='ocr_line' id='line_1_15' title="bbox 99 1328 1774 1398; baseline -0.001 -14"><span class='ocrx_word' id='word_1_129' title='bbox 99 1333 154 1384; x_wconf 81' lang='grc' dir='ltr'>δὲ</span> <span class='ocrx_word' id='word_1_130' title='bbox 197 1328 380 1395; x_wconf 88' lang='grc' dir='ltr'>νήσους</span> <span class='ocrx_word' id='word_1_131' title='bbox 420 1329 633 1396; x_wconf 84' lang='grc' dir='ltr'>βασιλέϊ</span> <span class='ocrx_word' id='word_1_132' title='bbox 672 1328 1017 1398; x_wconf 90' lang='grc' dir='ltr'>προσκτήσεαι</span> <span class='ocrx_word' id='word_1_133' title='bbox 1062 1328 1214 1395; x_wconf 83' lang='grc' dir='ltr'>αὐτήν</span> <span class='ocrx_word' id='word_1_134' title='bbox 1253 1352 1308 1383; x_wconf 94' lang='grc' dir='ltr'>τε</span> <span class='ocrx_word' id='word_1_135' title='bbox 1349 1329 1521 1395; x_wconf 83' lang='grc' dir='ltr'>Νάξον</span> <span class='ocrx_word' id='word_1_136' title='bbox 1563 1330 1641 1382; x_wconf 84' lang='grc' dir='ltr'>καὶ</span> <span class='ocrx_word' id='word_1_137' title='bbox 1685 1333 1774 1385; x_wconf 80' lang='grc' dir='ltr'>τὰς</span> 
     </span>
    </p>

    <p class='ocr_par' dir='ltr' id='par_1_6' title="bbox 27 1413 1836 1822">
     <span class='ocr_line' id='line_1_16' title="bbox 27 1413 1772 1482; baseline 0.001 -15"><span class='ocrx_word' id='word_1_138' title='bbox 27 1437 75 1479; x_wconf 83' lang='lat'>15</span> <span class='ocrx_word' id='word_1_139' title='bbox 100 1417 156 1468; x_wconf 78' lang='grc' dir='ltr'>ἐκ</span> <span class='ocrx_word' id='word_1_140' title='bbox 197 1414 378 1480; x_wconf 87' lang='grc' dir='ltr'>ταύτης</span> <span class='ocrx_word' id='word_1_141' title='bbox 421 1413 711 1481; x_wconf 87' lang='grc' dir='ltr'>ἠρτημένας,</span> <span class='ocrx_word' id='word_1_142' title='bbox 759 1413 932 1482; x_wconf 90' lang='grc' dir='ltr'>Πάρον</span> <span class='ocrx_word' id='word_1_143' title='bbox 977 1414 1057 1467; x_wconf 86' lang='grc' dir='ltr'>καὶ</span> <span class='ocrx_word' id='word_1_144' title='bbox 1091 1413 1309 1482; x_wconf 82' lang='grc' dir='ltr'>’Άνδρον</span> <span class='ocrx_word' id='word_1_145' title='bbox 1355 1416 1434 1467; x_wconf 87' lang='grc' dir='ltr'>καὶ</span> <span class='ocrx_word' id='word_1_146' title='bbox 1481 1414 1642 1469; x_wconf 85' lang='grc' dir='ltr'>ἄλλας</span> <span class='ocrx_word' id='word_1_147' title='bbox 1685 1418 1772 1468; x_wconf 79' lang='grc' dir='ltr'>τὰς</span> 
     </span>
     <span class='ocr_line' id='line_1_17' title="bbox 102 1497 1836 1567; baseline 0.001 -15"><span class='ocrx_word' id='word_1_148' title='bbox 102 1498 364 1553; x_wconf 89' lang='grc' dir='ltr'>Κυκλάδας</span> <span class='ocrx_word' id='word_1_149' title='bbox 411 1497 731 1565; x_wconf 89' lang='grc' dir='ltr'>καλευμένας.</span> <span class='ocrx_word' id='word_1_150' title='bbox 821 1501 1047 1552; x_wconf 82' lang='grc' dir='ltr'>ἐνθεῦτεν</span> <span class='ocrx_word' id='word_1_151' title='bbox 1095 1502 1149 1552; x_wconf 81' lang='grc' dir='ltr'>δὲ</span> <span class='ocrx_word' id='word_1_152' title='bbox 1200 1500 1483 1567; x_wconf 84' lang='grc' dir='ltr'>ὁρμώμενος</span> <span class='ocrx_word' id='word_1_153' title='bbox 1532 1499 1773 1554; x_wconf 82' lang='grc' dir='ltr'>εὐπετέως</span> <span class='ocrx_word' id='word_1_154' title='bbox 1809 1513 1836 1558; x_wconf 87' lang='grc'>3</span> 
     </span>
     <span class='ocr_line' id='line_1_18' title="bbox 100 1581 1773 1657; baseline -0.001 -20"><span class='ocrx_word' id='word_1_155' title='bbox 100 1582 363 1648; x_wconf 76' lang='grc' dir='ltr'>ἐπιθήσεαι</span> <span class='ocrx_word' id='word_1_156' title='bbox 416 1582 627 1655; x_wconf 80' lang='grc' dir='ltr'>Εὐβοίῃ,</span> <span class='ocrx_word' id='word_1_157' title='bbox 681 1581 818 1654; x_wconf 84' lang='grc' dir='ltr'>νήσῳ</span> <span class='ocrx_word' id='word_1_158' title='bbox 870 1582 1068 1657; x_wconf 84' lang='grc' dir='ltr'>μεγάλῃ</span> <span class='ocrx_word' id='word_1_159' title='bbox 1119 1606 1174 1637; x_wconf 91' lang='grc' dir='ltr'>τε</span> <span class='ocrx_word' id='word_1_160' title='bbox 1225 1585 1305 1636; x_wconf 85' lang='grc' dir='ltr'>καὶ</span> <span class='ocrx_word' id='word_1_161' title='bbox 1364 1584 1631 1651; x_wconf 78' lang='grc' dir='ltr'>εὐδαίμονι,</span> <span class='ocrx_word' id='word_1_162' title='bbox 1685 1586 1773 1638; x_wconf 85' lang='grc' dir='ltr'>οὐκ</span> 
     </span>
     <span class='ocr_line' id='line_1_19' title="bbox 99 1667 1773 1737; baseline 0.001 -16"><span class='ocrx_word' id='word_1_163' title='bbox 99 1667 347 1721; x_wconf 90' lang='grc' dir='ltr'>ε’λάσσονι</span> <span class='ocrx_word' id='word_1_164' title='bbox 381 1667 583 1733; x_wconf 81' lang='grc' dir='ltr'>Κύπρου</span> <span class='ocrx_word' id='word_1_165' title='bbox 619 1668 698 1720; x_wconf 88' lang='grc' dir='ltr'>καὶ</span> <span class='ocrx_word' id='word_1_166' title='bbox 735 1667 889 1736; x_wconf 90' lang='grc' dir='ltr'>κάρτα</span> <span class='ocrx_word' id='word_1_167' title='bbox 924 1668 1119 1721; x_wconf 83' lang='grc' dir='ltr'>εὐπετέϊ</span> <span class='ocrx_word' id='word_1_168' title='bbox 1154 1671 1423 1736; x_wconf 82' lang='grc' dir='ltr'>αἱρεθῆναι.</span> <span class='ocrx_word' id='word_1_169' title='bbox 1512 1670 1773 1737; x_wconf 84' lang='grc' dir='ltr'>ἀποχρῶσι</span> 
     </span>
     <span class='ocr_line' id='line_1_20' title="bbox 99 1751 1773 1822; baseline 0.001 -17"><span class='ocrx_word' id='word_1_170' title='bbox 99 1755 153 1805; x_wconf 77' lang='grc' dir='ltr'>δὲ</span> <span class='ocrx_word' id='word_1_171' title='bbox 185 1751 358 1805; x_wconf 79' lang='grc' dir='ltr'>ἑκατὸν</span> <span class='ocrx_word' id='word_1_172' title='bbox 389 1751 498 1806; x_wconf 88' lang='grc' dir='ltr'>νέες</span> <span class='ocrx_word' id='word_1_173' title='bbox 525 1752 706 1806; x_wconf 87' lang='grc' dir='ltr'>ταύτας</span> <span class='ocrx_word' id='word_1_174' title='bbox 735 1752 904 1807; x_wconf 92' lang='grc' dir='ltr'>πάσας</span> <span class='ocrx_word' id='word_1_175' title='bbox 939 1753 1300 1822; x_wconf 83' lang='grc' dir='ltr'>χειρώσασθαι.</span> <span class='ocrx_word' id='word_1_176' title='bbox 1389 1754 1416 1804; x_wconf 87' lang='grc' dir='ltr'>ὁ</span> <span class='ocrx_word' id='word_1_177' title='bbox 1446 1757 1499 1806; x_wconf 79' lang='grc' dir='ltr'>δὲ</span> <span class='ocrx_word' id='word_1_178' title='bbox 1534 1754 1773 1820; x_wconf 90' lang='grc' dir='ltr'>ἀμείβετο</span> 
     </span>
    </p>

    <p class='ocr_par' dir='ltr' id='par_1_7' title="bbox 27 1835 1876 2244">
     <span class='ocr_line' id='line_1_21' title="bbox 27 1835 1837 1906; baseline 0 -15"><span class='ocrx_word' id='word_1_179' title='bbox 27 1860 78 1891; x_wconf 80' lang='lat'>20</span> <span class='ocrx_word' id='word_1_180' title='bbox 100 1835 249 1890; x_wconf 80' lang='grc' dir='ltr'>αὐτὸν</span> <span class='ocrx_word' id='word_1_181' title='bbox 284 1837 490 1890; x_wconf 91' lang='grc' dir='ltr'>τοισίδε·</span> <span class='ocrx_word' id='word_1_182' title='bbox 536 1836 608 1889; x_wconf 82' lang='grc' dir='ltr'>Σὺ</span> <span class='ocrx_word' id='word_1_183' title='bbox 649 1838 700 1891; x_wconf 86' lang='grc' dir='ltr'>ἐς</span> <span class='ocrx_word' id='word_1_184' title='bbox 734 1836 871 1890; x_wconf 76' lang='grc' dir='ltr'>οἶκον</span> <span class='ocrx_word' id='word_1_185' title='bbox 909 1841 998 1890; x_wconf 85' lang='grc' dir='ltr'>τὸν</span> <span class='ocrx_word' id='word_1_186' title='bbox 1033 1837 1282 1904; x_wconf 87' lang='grc' dir='ltr'>βασιλέος</span> <span class='ocrx_word' id='word_1_187' title='bbox 1324 1837 1572 1906; x_wconf 81' lang='grc' dir='ltr'>ἐσηγητὴς</span> <span class='ocrx_word' id='word_1_188' title='bbox 1611 1840 1773 1906; x_wconf 84' lang='grc' dir='ltr'>γίνεαι</span> <span class='ocrx_word' id='word_1_189' title='bbox 1806 1854 1837 1900; x_wconf 89' lang='grc'>4</span> 
     </span>
     <span class='ocr_line' id='line_1_22' title="bbox 99 1919 1774 1990; baseline 0.001 -17"><span class='ocrx_word' id='word_1_190' title='bbox 99 1919 402 1990; x_wconf 89' lang='grc' dir='ltr'>πρηγμάτων</span> <span class='ocrx_word' id='word_1_191' title='bbox 443 1921 643 1988; x_wconf 82' lang='grc' dir='ltr'>ἀγαθῶν</span> <span class='ocrx_word' id='word_1_192' title='bbox 685 1922 764 1974; x_wconf 91' lang='grc' dir='ltr'>καὶ</span> <span class='ocrx_word' id='word_1_193' title='bbox 804 1926 955 1973; x_wconf 83' lang='grc' dir='ltr'>ταῦτα</span> <span class='ocrx_word' id='word_1_194' title='bbox 1000 1922 1053 1974; x_wconf 74' lang='grc' dir='ltr'>εὗ</span> <span class='ocrx_word' id='word_1_195' title='bbox 1094 1921 1376 1990; x_wconf 88' lang='grc' dir='ltr'>παραινέεις</span> <span class='ocrx_word' id='word_1_196' title='bbox 1418 1921 1596 1984; x_wconf 89' lang='grc' dir='ltr'>πάντα,</span> <span class='ocrx_word' id='word_1_197' title='bbox 1639 1922 1774 1987; x_wconf 78' lang='grc' dir='ltr'>πλὴν</span> 
     </span>
     <span class='ocr_line' id='line_1_23' title="bbox 98 2006 1774 2073; baseline 0.001 -16"><span class='ocrx_word' id='word_1_198' title='bbox 98 2010 198 2057; x_wconf 84' lang='grc' dir='ltr'>τῶν</span> <span class='ocrx_word' id='word_1_199' title='bbox 227 2010 353 2058; x_wconf 89' lang='grc' dir='ltr'>νεῶν</span> <span class='ocrx_word' id='word_1_200' title='bbox 382 2009 470 2057; x_wconf 84' lang='grc' dir='ltr'>τοῦ</span> <span class='ocrx_word' id='word_1_201' title='bbox 505 2006 725 2073; x_wconf 84' lang='grc' dir='ltr'>ἀριθμοῦ.</span> <span class='ocrx_word' id='word_1_202' title='bbox 813 2006 923 2058; x_wconf 82' lang='grc' dir='ltr'>ἀντὶ</span> <span class='ocrx_word' id='word_1_203' title='bbox 958 2008 1013 2059; x_wconf 80' lang='grc' dir='ltr'>δὲ</span> <span class='ocrx_word' id='word_1_204' title='bbox 1048 2006 1225 2060; x_wconf 81' lang='grc' dir='ltr'>ἑκατὸν</span> <span class='ocrx_word' id='word_1_205' title='bbox 1254 2011 1381 2061; x_wconf 84' lang='grc' dir='ltr'>νεῶν</span> <span class='ocrx_word' id='word_1_206' title='bbox 1412 2009 1666 2072; x_wconf 87' lang='grc' dir='ltr'>διηκόσιαί</span> <span class='ocrx_word' id='word_1_207' title='bbox 1696 2028 1774 2060; x_wconf 93' lang='grc' dir='ltr'>τοι</span> 
     </span>
     <span class='ocr_line' id='line_1_24' title="bbox 100 2088 1775 2160; baseline 0.001 -18"><span class='ocrx_word' id='word_1_208' title='bbox 100 2089 288 2156; x_wconf 79' lang='grc' dir='ltr'>ἕτοιμοι</span> <span class='ocrx_word' id='word_1_209' title='bbox 331 2089 533 2142; x_wconf 86' lang='grc' dir='ltr'>ἔσονται</span> <span class='ocrx_word' id='word_1_210' title='bbox 572 2088 672 2155; x_wconf 83' lang='grc' dir='ltr'>ἅμα</span> <span class='ocrx_word' id='word_1_211' title='bbox 710 2094 778 2160; x_wconf 79' lang='grc' dir='ltr'>τῷ</span> <span class='ocrx_word' id='word_1_212' title='bbox 818 2090 940 2158; x_wconf 84' lang='grc' dir='ltr'>ἔαρι.</span> <span class='ocrx_word' id='word_1_213' title='bbox 1030 2094 1109 2143; x_wconf 84' lang='grc' dir='ltr'>δεῖ</span> <span class='ocrx_word' id='word_1_214' title='bbox 1148 2094 1201 2144; x_wconf 81' lang='grc' dir='ltr'>δὲ</span> <span class='ocrx_word' id='word_1_215' title='bbox 1239 2091 1462 2144; x_wconf 89' lang='grc' dir='ltr'>τούτοισι</span> <span class='ocrx_word' id='word_1_216' title='bbox 1504 2093 1583 2145; x_wconf 86' lang='grc' dir='ltr'>καὶ</span> <span class='ocrx_word' id='word_1_217' title='bbox 1623 2091 1775 2144; x_wconf 83' lang='grc' dir='ltr'>αὐτὸν</span> 
     </span>
     <span class='ocr_line' id='line_1_25' title="bbox 98 2172 1876 2244; baseline 0.002 -19"><span class='ocrx_word' id='word_1_218' title='bbox 98 2172 324 2239; x_wconf 90' lang='grc' dir='ltr'>βασιλέα</span> <span class='ocrx_word' id='word_1_219' title='bbox 359 2172 659 2227; x_wconf 89' lang='grc' dir='ltr'>συνέπαινον</span> <span class='ocrx_word' id='word_1_220' title='bbox 695 2176 941 2242; x_wconf 90' lang='grc' dir='ltr'>γίνεσθαι.</span> <span class='ocrx_word' id='word_1_221' title='bbox 1030 2177 1058 2227; x_wconf 86' lang='grc' dir='ltr'>ὁ</span> <span class='ocrx_word' id='word_1_222' title='bbox 1091 2177 1185 2241; x_wconf 81' lang='grc' dir='ltr'>μὲν</span> <span class='ocrx_word' id='word_1_223' title='bbox 1220 2175 1278 2240; x_wconf 82' lang='grc' dir='ltr'>δὴ</span> <span class='ocrx_word' id='word_1_224' title='bbox 1310 2175 1672 2244; x_wconf 89' lang='grc' dir='ltr'>Ἀρισταγόρης</span> <span class='ocrx_word' id='word_1_225' title='bbox 1709 2176 1773 2231; x_wconf 83' lang='grc' dir='ltr'>ὥς</span> <span class='ocrx_word' id='word_1_226' title='bbox 1809 2191 1876 2240; x_wconf 82' lang='lat'>32</span> 
     </span>
    </p>

    <p class='ocr_par' dir='ltr' id='par_1_8' title="bbox 26 2257 1770 2497">
     <span class='ocr_line' id='line_1_26' title="bbox 26 2257 1769 2330; baseline 0.002 -21"><span class='ocrx_word' id='word_1_227' title='bbox 26 2278 76 2330; x_wconf 72' lang='lat'>²5</span> <span class='ocrx_word' id='word_1_228' title='bbox 98 2262 251 2310; x_wconf 84' lang='grc' dir='ltr'>ταῦτα</span> <span class='ocrx_word' id='word_1_229' title='bbox 279 2257 479 2324; x_wconf 88' lang='grc' dir='ltr'>ἤκουσε,</span> <span class='ocrx_word' id='word_1_230' title='bbox 506 2258 776 2327; x_wconf 81' lang='grc' dir='ltr'>περιχαρὴς</span> <span class='ocrx_word' id='word_1_231' title='bbox 806 2259 900 2311; x_wconf 83' lang='grc' dir='ltr'>ἐὼν</span> <span class='ocrx_word' id='word_1_232' title='bbox 930 2258 1079 2325; x_wconf 82' lang='grc' dir='ltr'>ἀπήιε</span> <span class='ocrx_word' id='word_1_233' title='bbox 1110 2261 1162 2315; x_wconf 81' lang='grc' dir='ltr'>ἐς</span> <span class='ocrx_word' id='word_1_234' title='bbox 1186 2262 1432 2325; x_wconf 87' lang='grc' dir='ltr'>Μίλητον,</span> <span class='ocrx_word' id='word_1_235' title='bbox 1458 2262 1485 2312; x_wconf 89' lang='grc' dir='ltr'>ὁ</span> <span class='ocrx_word' id='word_1_236' title='bbox 1515 2263 1569 2313; x_wconf 78' lang='grc' dir='ltr'>δὲ</span> <span class='ocrx_word' id='word_1_237' title='bbox 1592 2260 1769 2328; x_wconf 89' lang='grc' dir='ltr'>Ἀρτα-</span> 
     </span>
     <span class='ocr_line' id='line_1_27' title="bbox 100 2340 1770 2412; baseline 0.001 -17"><span class='ocrx_word' id='word_1_238' title='bbox 100 2340 302 2409; x_wconf 88' lang='grc' dir='ltr'>φρένης,</span> <span class='ocrx_word' id='word_1_239' title='bbox 347 2342 413 2397; x_wconf 84' lang='grc' dir='ltr'>ὥς</span> <span class='ocrx_word' id='word_1_240' title='bbox 459 2345 508 2395; x_wconf 84' lang='grc' dir='ltr'>οἱ</span> <span class='ocrx_word' id='word_1_241' title='bbox 551 2341 810 2411; x_wconf 82' lang='grc' dir='ltr'>πέμψαντι</span> <span class='ocrx_word' id='word_1_242' title='bbox 858 2345 908 2398; x_wconf 83' lang='grc' dir='ltr'>ἐς</span> <span class='ocrx_word' id='word_1_243' title='bbox 956 2348 1126 2397; x_wconf 82' lang='grc' dir='ltr'>Σοῦσα</span> <span class='ocrx_word' id='word_1_244' title='bbox 1173 2344 1253 2397; x_wconf 89' lang='grc' dir='ltr'>καὶ</span> <span class='ocrx_word' id='word_1_245' title='bbox 1302 2343 1562 2412; x_wconf 86' lang='grc' dir='ltr'>ὑπερθέντι</span> <span class='ocrx_word' id='word_1_246' title='bbox 1607 2347 1669 2397; x_wconf 86' lang='grc' dir='ltr'>τὰ</span> <span class='ocrx_word' id='word_1_247' title='bbox 1717 2347 1770 2397; x_wconf 84' lang='grc' dir='ltr'>ἐκ</span> 
     </span>
     <span class='ocr_line' id='line_1_28' title="bbox 92 2419 1770 2497; baseline 0.003 -19"><span class='ocrx_word' id='word_1_248' title='bbox 92 2430 186 2495; x_wconf 37' lang='grc' dir='ltr'>,τοῦ</span> <span class='ocrx_word' id='word_1_249' title='bbox 220 2419 592 2496; x_wconf 82' lang='grc' dir='ltr'>Ἀρισταγόρεω</span> <span class='ocrx_word' id='word_1_250' title='bbox 631 2428 882 2495; x_wconf 91' lang='grc' dir='ltr'>λεγόμενα</span> <span class='ocrx_word' id='word_1_251' title='bbox 923 2428 1221 2483; x_wconf 89' lang='grc' dir='ltr'>συνέπαινος</span> <span class='ocrx_word' id='word_1_252' title='bbox 1258 2429 1338 2482; x_wconf 86' lang='grc' dir='ltr'>καὶ</span> <span class='ocrx_word' id='word_1_253' title='bbox 1373 2428 1520 2484; x_wconf 80' lang='grc' dir='ltr'>αὐτὸς</span> <span class='ocrx_word' id='word_1_254' title='bbox 1558 2433 1770 2497; x_wconf 84' lang='grc' dir='ltr'>Δαρεῖος</span> 
     </span>
    </p>
   </div>
   <div class='ocr_carea' id='block_1_3' title="bbox 99 2562 1766 2673">
    <p class='ocr_par' dir='ltr' id='par_1_9' title="bbox 99 2562 1766 2673">
     <span class='ocr_line' id='line_1_29' title="bbox 158 2562 1766 2618; baseline 0.001 -14"><span class='ocrx_word' id='word_1_255' title='bbox 158 2576 177 2604; x_wconf 93' lang='lat'>1</span> <span class='ocrx_word' id='word_1_256' title='bbox 210 2564 463 2618; x_wconf 82' lang='grc' dir='ltr'>ὑποσχέσθαι</span> <span class='ocrx_word' id='word_1_257' title='bbox 485 2562 620 2604; x_wconf 89' lang='lat' dir='ltr'>SVU</span> <span class='ocrx_word' id='word_1_258' title='bbox 775 2575 801 2615; x_wconf 87' lang='lat'>5</span> <span class='ocrx_word' id='word_1_259' title='bbox 826 2569 908 2606; x_wconf 83' lang='grc' dir='ltr'>τῶν</span> <span class='ocrx_word' id='word_1_260' title='bbox 931 2565 1150 2607; x_wconf 80' lang='grc' dir='ltr'>Κυκλάδων</span> <span class='ocrx_word' id='word_1_261' title='bbox 1170 2563 1331 2605; x_wconf 85' lang='lat' dir='ltr'>seclusi</span> <span class='ocrx_word' id='word_1_262' title='bbox 1490 2578 1512 2615; x_wconf 93' lang='lat'><strong>7</strong></span> <span class='ocrx_word' id='word_1_263' title='bbox 1539 2566 1577 2607; x_wconf 75' lang='grc' dir='ltr'>εἴ</span> <span class='ocrx_word' id='word_1_264' title='bbox 1594 2565 1656 2607; x_wconf 86' lang='lat' dir='ltr'>V:</span> <span class='ocrx_word' id='word_1_265' title='bbox 1686 2564 1713 2614; x_wconf 79' lang='grc' dir='ltr'><em>ἧ</em></span> <span class='ocrx_word' id='word_1_266' title='bbox 1734 2565 1766 2606; x_wconf 89' lang='lat' dir='ltr'>S</span> 
     </span>
     <span class='ocr_line' id='line_1_30' title="bbox 99 2617 1764 2673; baseline -0.001 -12"><span class='ocrx_word' id='word_1_267' title='bbox 99 2621 220 2669; x_wconf 80' lang='grc' dir='ltr'>νῆσος</span> <span class='ocrx_word' id='word_1_268' title='bbox 233 2631 315 2660; x_wconf 86' lang='lat' dir='ltr'>om.</span> <span class='ocrx_word' id='word_1_269' title='bbox 327 2618 367 2659; x_wconf 87' lang='lat' dir='ltr'>A</span> <span class='ocrx_word' id='word_1_270' title='bbox 380 2619 416 2659; x_wconf 89' lang='grc' dir='ltr'>Β</span> <span class='ocrx_word' id='word_1_271' title='bbox 432 2618 466 2658; x_wconf 88' lang='lat' dir='ltr'>C</span> <span class='ocrx_word' id='word_1_272' title='bbox 548 2617 624 2669; x_wconf 77' lang='grc' dir='ltr'>μὲν</span> <span class='ocrx_word' id='word_1_273' title='bbox 634 2630 714 2658; x_wconf 87' lang='lat' dir='ltr'>om.</span> <span class='ocrx_word' id='word_1_274' title='bbox 730 2618 764 2658; x_wconf 92' lang='lat' dir='ltr'>C</span> <span class='ocrx_word' id='word_1_275' title='bbox 861 2621 888 2659; x_wconf 90' lang='lat'>8</span> <span class='ocrx_word' id='word_1_276' title='bbox 908 2633 969 2670; x_wconf 81' lang='lat' dir='ltr'>pr.</span> <span class='ocrx_word' id='word_1_277' title='bbox 987 2619 1031 2662; x_wconf 83' lang='grc' dir='ltr'>δὲ</span> <span class='ocrx_word' id='word_1_278' title='bbox 1046 2633 1126 2659; x_wconf 88' lang='lat' dir='ltr'>om.</span> <span class='ocrx_word' id='word_1_279' title='bbox 1143 2620 1181 2658; x_wconf 93' lang='lat' dir='ltr'>V</span> <span class='ocrx_word' id='word_1_280' title='bbox 1197 2620 1236 2659; x_wconf 93' lang='lat' dir='ltr'><strong>U</strong></span> <span class='ocrx_word' id='word_1_281' title='bbox 1335 2633 1362 2670; x_wconf 91' lang='lat'>9</span> <span class='ocrx_word' id='word_1_282' title='bbox 1382 2618 1462 2672; x_wconf 78' lang='grc' dir='ltr'>ἔνι]</span> <span class='ocrx_word' id='word_1_283' title='bbox 1478 2620 1567 2673; x_wconf 77' lang='grc' dir='ltr'>ἔχει</span> <span class='ocrx_word' id='word_1_284' title='bbox 1581 2620 1615 2659; x_wconf 91' lang='grc' dir='ltr'>Ρ</span> <span class='ocrx_word' id='word_1_285' title='bbox 1629 2620 1659 2660; x_wconf 90' lang='lat' dir='ltr'>S</span> <span class='ocrx_word' id='word_1_286' title='bbox 1674 2620 1709 2659; x_wconf 97' lang='lat' dir='ltr'>V</span> <span class='ocrx_word' id='word_1_287' title='bbox 1724 2620 1764 2660; x_wconf 92' lang='lat' dir='ltr'><strong>U</strong></span> 
     </span>
    </p>
   </div>
   <div class='ocr_carea' id='block_1_4' title="bbox 102 2673 1763 2729">
    <p class='ocr_par' dir='ltr' id='par_1_10' title="bbox 102 2673 1763 2729">
     <span class='ocr_line' id='line_1_31' title="bbox 102 2673 1763 2729; baseline 0 -15"><span class='ocrx_word' id='word_1_288' title='bbox 102 2686 154 2715; x_wconf 85' lang='lat'>10</span> <span class='ocrx_word' id='word_1_289' title='bbox 182 2675 225 2727; x_wconf 80' lang='grc' dir='ltr'>ἐξ</span> <span class='ocrx_word' id='word_1_290' title='bbox 244 2676 375 2716; x_wconf 80' lang='grc' dir='ltr'>αὐτῶν</span> <span class='ocrx_word' id='word_1_291' title='bbox 395 2673 453 2714; x_wconf 86' lang='lat' dir='ltr'>C:</span> <span class='ocrx_word' id='word_1_292' title='bbox 484 2674 568 2715; x_wconf 90' lang='lat' dir='ltr'><strong>del.</strong></span> <span class='ocrx_word' id='word_1_293' title='bbox 591 2673 789 2725; x_wconf 87' lang='lat' dir='ltr'><strong>Krueger</strong></span> <span class='ocrx_word' id='word_1_294' title='bbox 927 2687 977 2713; x_wconf 84' lang='lat'>12</span> <span class='ocrx_word' id='word_1_295' title='bbox 1004 2674 1113 2726; x_wconf 74' lang='grc' dir='ltr'>μέγα</span> <span class='ocrx_word' id='word_1_296' title='bbox 1135 2674 1281 2728; x_wconf 84' lang='lat' dir='ltr'>(etiam</span> <span class='ocrx_word' id='word_1_297' title='bbox 1304 2674 1392 2726; x_wconf 73' lang='grc'>[12)</span> <span class='ocrx_word' id='word_1_298' title='bbox 1415 2675 1605 2729; x_wconf 79' lang='grc' dir='ltr'>χρήματα</span> <span class='ocrx_word' id='word_1_299' title='bbox 1627 2675 1657 2714; x_wconf 93' lang='lat' dir='ltr'>S</span> <span class='ocrx_word' id='word_1_300' title='bbox 1671 2674 1709 2714; x_wconf 93' lang='lat' dir='ltr'>V</span> <span class='ocrx_word' id='word_1_301' title='bbox 1723 2675 1763 2715; x_wconf 91' lang='lat' dir='ltr'><strong>U</strong></span> 
     </span>
    </p>
   </div>
   <div class='ocr_carea' id='block_1_5' title="bbox 93 2728 1765 2890">
    <p class='ocr_par' dir='ltr' id='par_1_11' title="bbox 93 2728 1765 2890">
     <span class='ocr_line' id='line_1_32' title="bbox 100 2728 1764 2782; baseline -0.001 -12"><span class='ocrx_word' id='word_1_302' title='bbox 100 2728 314 2780; x_wconf 77' lang='grc' dir='ltr'>-μωτάτων</span> <span class='ocrx_word' id='word_1_303' title='bbox 349 2728 437 2768; x_wconf 91' lang='lat' dir='ltr'>CV</span> <span class='ocrx_word' id='word_1_304' title='bbox 657 2741 704 2778; x_wconf 86' lang='lat'>13</span> <span class='ocrx_word' id='word_1_305' title='bbox 745 2729 897 2771; x_wconf 83' lang='grc' dir='ltr'>δίκαιον</span> <span class='ocrx_word' id='word_1_306' title='bbox 929 2729 970 2768; x_wconf 94' lang='grc' dir='ltr'><strong>Α</strong></span> <span class='ocrx_word' id='word_1_307' title='bbox 995 2730 1031 2769; x_wconf 94' lang='grc' dir='ltr'>Β</span> <span class='ocrx_word' id='word_1_308' title='bbox 1053 2730 1088 2768; x_wconf 91' lang='lat' dir='ltr'>C</span> <span class='ocrx_word' id='word_1_309' title='bbox 1253 2728 1450 2782; x_wconf 86' lang='grc' dir='ltr'>παρέχειν</span> <span class='ocrx_word' id='word_1_310' title='bbox 1489 2731 1581 2772; x_wconf 83' lang='grc' dir='ltr'>ἐστί</span> <span class='ocrx_word' id='word_1_311' title='bbox 1617 2731 1656 2769; x_wconf 93' lang='grc' dir='ltr'>Α</span> <span class='ocrx_word' id='word_1_312' title='bbox 1674 2729 1709 2768; x_wconf 92' lang='grc' dir='ltr'>Β</span> <span class='ocrx_word' id='word_1_313' title='bbox 1730 2730 1764 2769; x_wconf 93' lang='lat' dir='ltr'>C</span> 
     </span>
     <span class='ocr_line' id='line_1_33' title="bbox 101 2782 1763 2838; baseline 0.001 -15"><span class='ocrx_word' id='word_1_314' title='bbox 101 2796 151 2834; x_wconf 84' lang='lat'>14</span> <span class='ocrx_word' id='word_1_315' title='bbox 179 2784 454 2838; x_wconf 84' lang='grc' dir='ltr'>προσκτήσεαι</span> <span class='ocrx_word' id='word_1_316' title='bbox 476 2783 578 2835; x_wconf 87' lang='grc' dir='ltr'>(-αιε</span> <span class='ocrx_word' id='word_1_317' title='bbox 596 2782 636 2823; x_wconf 90' lang='lat' dir='ltr'>V</span> <span class='ocrx_word' id='word_1_318' title='bbox 653 2783 714 2836; x_wconf 92' lang='lat' dir='ltr'>U)</span> <span class='ocrx_word' id='word_1_319' title='bbox 738 2789 834 2832; x_wconf 86' lang='grc' dir='ltr'>βασ.</span> <span class='ocrx_word' id='word_1_320' title='bbox 860 2784 895 2823; x_wconf 91' lang='grc' dir='ltr'>Ρ</span> <span class='ocrx_word' id='word_1_321' title='bbox 911 2784 942 2824; x_wconf 89' lang='lat' dir='ltr'>S</span> <span class='ocrx_word' id='word_1_322' title='bbox 955 2784 994 2824; x_wconf 97' lang='lat' dir='ltr'>V</span> <span class='ocrx_word' id='word_1_323' title='bbox 1009 2784 1049 2824; x_wconf 92' lang='lat' dir='ltr'>U</span> <span class='ocrx_word' id='word_1_324' title='bbox 1274 2786 1324 2823; x_wconf 90' lang='lat'>16</span> <span class='ocrx_word' id='word_1_325' title='bbox 1352 2783 1602 2836; x_wconf 84' lang='grc' dir='ltr'>καλεομένας</span> <span class='ocrx_word' id='word_1_326' title='bbox 1624 2785 1656 2825; x_wconf 90' lang='lat' dir='ltr'>S</span> <span class='ocrx_word' id='word_1_327' title='bbox 1669 2784 1708 2824; x_wconf 97' lang='lat' dir='ltr'>V</span> <span class='ocrx_word' id='word_1_328' title='bbox 1724 2785 1763 2825; x_wconf 94' lang='lat' dir='ltr'>U</span> 
     </span>
     <span class='ocr_line' id='line_1_34' title="bbox 93 2837 1765 2890; baseline 0.001 -12"><span class='ocrx_word' id='word_1_329' title='bbox 93 2851 151 2890; x_wconf 67' lang='lat'>‚17</span> <span class='ocrx_word' id='word_1_330' title='bbox 181 2840 246 2881; x_wconf 79' lang='grc' dir='ltr'>καὶ</span> <span class='ocrx_word' id='word_1_331' title='bbox 269 2841 341 2880; x_wconf 80' lang='grc' dir='ltr'>οὐκ</span> <span class='ocrx_word' id='word_1_332' title='bbox 359 2839 400 2879; x_wconf 92' lang='grc' dir='ltr'><strong>Α</strong></span> <span class='ocrx_word' id='word_1_333' title='bbox 413 2839 448 2878; x_wconf 88' lang='grc' dir='ltr'>Β</span> <span class='ocrx_word' id='word_1_334' title='bbox 465 2838 499 2878; x_wconf 94' lang='lat' dir='ltr'>C</span> <span class='ocrx_word' id='word_1_335' title='bbox 632 2839 681 2877; x_wconf 90' lang='lat'>18</span> <span class='ocrx_word' id='word_1_336' title='bbox 710 2838 892 2880; x_wconf 80' lang='grc' dir='ltr'>ἔλασσον</span> <span class='ocrx_word' id='word_1_337' title='bbox 911 2839 946 2878; x_wconf 91' lang='lat' dir='ltr'>C</span> <span class='ocrx_word' id='word_1_338' title='bbox 1059 2837 1231 2890; x_wconf 82' lang='grc' dir='ltr'>εὐπετέη</span> <span class='ocrx_word' id='word_1_339' title='bbox 1250 2837 1308 2878; x_wconf 86' lang='grc' dir='ltr'>Α1</span> <span class='ocrx_word' id='word_1_340' title='bbox 1324 2839 1359 2878; x_wconf 94' lang='grc' dir='ltr'>Β</span> <span class='ocrx_word' id='word_1_341' title='bbox 1489 2852 1545 2879; x_wconf 84' lang='lat'>20</span> <span class='ocrx_word' id='word_1_342' title='bbox 1571 2843 1712 2881; x_wconf 80' lang='grc' dir='ltr'>τοῖσδε</span> <span class='ocrx_word' id='word_1_343' title='bbox 1731 2840 1765 2879; x_wconf 95' lang='lat' dir='ltr'>L</span> 
     </span>
    </p>
   </div>
   <div class='ocr_carea' id='block_1_6' title="bbox 99 2892 1766 3057">
    <p class='ocr_par' dir='ltr' id='par_1_12' title="bbox 99 2892 1766 3057">
     <span class='ocr_line' id='line_1_35' title="bbox 99 2892 1766 2949; baseline 0.001 -14"><span class='ocrx_word' id='word_1_344' title='bbox 99 2895 307 2947; x_wconf 73' lang='grc' dir='ltr'>ἐσηγητὴς</span> <span class='ocrx_word' id='word_1_345' title='bbox 328 2893 600 2934; x_wconf 88' lang='lat' dir='ltr'>Herwerden</span> <span class='ocrx_word' id='word_1_346' title='bbox 622 2898 666 2932; x_wconf 84' lang='lat' dir='ltr'>et</span> <span class='ocrx_word' id='word_1_347' title='bbox 687 2892 858 2943; x_wconf 87' lang='lat' dir='ltr'>Madvig</span> <span class='ocrx_word' id='word_1_348' title='bbox 876 2907 886 2934; x_wconf 71' lang='grc' dir='ltr'><strong>ε</strong></span> <span class='ocrx_word' id='word_1_349' title='bbox 916 2895 1115 2948; x_wconf 72' lang='grc' dir='ltr'>ἐξηγητὴς</span> <span class='ocrx_word' id='word_1_350' title='bbox 1137 2893 1172 2933; x_wconf 95' lang='lat' dir='ltr'>L</span> <span class='ocrx_word' id='word_1_351' title='bbox 1320 2906 1372 2932; x_wconf 83' lang='lat'>22</span> <span class='ocrx_word' id='word_1_352' title='bbox 1402 2894 1451 2936; x_wconf 79' lang='grc' dir='ltr'>ἄν</span> <span class='ocrx_word' id='word_1_353' title='bbox 1471 2893 1505 2934; x_wconf 92' lang='lat' dir='ltr'>C</span> <span class='ocrx_word' id='word_1_354' title='bbox 1602 2893 1666 2945; x_wconf 83' lang='grc' dir='ltr'>δὲ]</span> <span class='ocrx_word' id='word_1_355' title='bbox 1686 2897 1766 2949; x_wconf 77' lang='grc' dir='ltr'>γὰρ</span> 
     </span>
     <span class='ocr_line' id='line_1_36' title="bbox 101 2946 1764 3000; baseline 0.003 -13"><span class='ocrx_word' id='word_1_356' title='bbox 101 2947 283 2988; x_wconf 92' lang='lat' dir='ltr'>PSVU</span> <span class='ocrx_word' id='word_1_357' title='bbox 409 2961 461 2998; x_wconf 84' lang='lat'>23</span> <span class='ocrx_word' id='word_1_358' title='bbox 491 2947 556 3000; x_wconf 78' lang='grc' dir='ltr'>δὲ]</span> <span class='ocrx_word' id='word_1_359' title='bbox 577 2947 621 2990; x_wconf 85' lang='grc' dir='ltr'>δὲ</span> <span class='ocrx_word' id='word_1_360' title='bbox 641 2949 706 2991; x_wconf 79' lang='grc' dir='ltr'>καὶ</span> <span class='ocrx_word' id='word_1_361' title='bbox 728 2947 811 2989; x_wconf 85' lang='lat' dir='ltr'>SV</span> <span class='ocrx_word' id='word_1_362' title='bbox 824 2948 865 2990; x_wconf 92' lang='lat' dir='ltr'><strong>U</strong></span> <span class='ocrx_word' id='word_1_363' title='bbox 976 2948 1160 2991; x_wconf 82' lang='grc' dir='ltr'>τούτοισι</span> <span class='ocrx_word' id='word_1_364' title='bbox 1181 2959 1264 2990; x_wconf 86' lang='lat' dir='ltr'>om.</span> <span class='ocrx_word' id='word_1_365' title='bbox 1286 2946 1404 2990; x_wconf 90' lang='lat' dir='ltr'>Suid.</span> <span class='ocrx_word' id='word_1_366' title='bbox 1425 2961 1513 2990; x_wconf 84' lang='lat' dir='ltr'><strong>s.v.</strong></span> <span class='ocrx_word' id='word_1_367' title='bbox 1535 2949 1764 2993; x_wconf 78' lang='grc' dir='ltr'>συνέπαινοι</span> 
     </span>
     <span class='ocr_line' id='line_1_37' title="bbox 99 3003 560 3057; baseline 0.004 -15"><span class='ocrx_word' id='word_1_368' title='bbox 99 3014 153 3054; x_wconf 83' lang='lat'>25</span> <span class='ocrx_word' id='word_1_369' title='bbox 181 3003 357 3057; x_wconf 72' lang='grc' dir='ltr'>ἆπή(ι)ει</span> <span class='ocrx_word' id='word_1_370' title='bbox 378 3004 412 3043; x_wconf 93' lang='grc' dir='ltr'>Ρ</span> <span class='ocrx_word' id='word_1_371' title='bbox 424 3004 455 3045; x_wconf 88' lang='lat' dir='ltr'>S</span> <span class='ocrx_word' id='word_1_372' title='bbox 470 3004 506 3044; x_wconf 96' lang='lat' dir='ltr'>V</span> <span class='ocrx_word' id='word_1_373' title='bbox 520 3003 560 3044; x_wconf 92' lang='lat' dir='ltr'>U</span> 
     </span>
    </p>
   </div>
  </div>
 </body>
</html>
