2132 3340
154 74 248 129 Ix„
268 87 333 139 37

989 77 1410 128 HPOAOTOT

370 209 594 275 σιδηρίου
625 208 883 275 ἐκράτησε,
915 209 1087 262 αὐτίκα
1117 213 1171 263 δὲ
1194 213 1480 280 ἐμηχανᾶτο
1506 212 1856 279 ἀνδρηιότατον
1879 212 2026 280 ἔργον

369 292 569 345 πάντων
598 299 696 345 τῶν
725 294 867 358 ἡμεις
896 297 1052 359 ἴδμεν·
1101 295 1519 361 σταθμησάμενος
1548 298 1645 363 γὰρ
1675 297 1799 350 ὅκως
1829 295 2025 361 ἐξελεύ-

371 378 517 428 σεταί
542 379 589 429 οἱ
618 377 675 429 τὸ
704 378 884 430 λοιπὸν
920 383 1006 430 τοῦ
1041 379 1209 438 ποδός,
1243 377 1464 445 ἀπέταμε
1493 379 1580 431 τὸν
1610 380 1798 446 ταρσὸν
1826 383 2022 433 ἑωυτοῦ.

368 465 521 512 ταῦτα
555 464 607 513 δὲ
644 460 874 526 ποιήσας,
907 463 1040 514 ὥστε
1080 464 1471 531 φυλασσόμενος
1505 463 1599 516 ὑπὸ
1636 463 1890 531 φυλάκων,
1921 467 2021 516 διο-

368 543 516 610 ρύξας
544 545 632 596 τὸν
661 551 836 614 τοῖχον
859 546 1044 613 ἀπέδρη
1078 549 1128 600 ἐς
1148 547 1356 614 Τεγέην,
1384 549 1470 601 τὰς
1499 550 1592 612 μὲν
1613 548 1792 602 νύκτας
1819 548 2021 616 πορευό-

367 644 532 693 μενος,
568 632 656 684 τὰς
691 633 745 682 δὲ
781 629 966 697 ἡμέρας
1001 632 1282 683 καταδύνων
1318 634 1368 685 ἐς
1406 633 1533 696 ὕλην
1569 633 1649 684 καὶ
1688 632 2021 698 αὐλιζόμενος,

367 714 492 764 οὕτω
513 713 644 766 ὥστε
664 717 1065 780 Λακεδαιμονίων
1084 717 1327 780 πανδημεὶ
1352 715 1622 781 διζημένων
1645 717 1782 789 τρίτῃ
1806 717 2023 789 εὐφρόνῃ

366 797 604 864 γενέσθαι
645 800 699 850 ἐν
738 798 918 871 Τεγέῃ,
958 799 1072 852 τοὺς
1107 803 1160 852 δὲ
1202 802 1255 851 ἐν
1297 800 1484 865 θώματι
1518 800 1721 870 μεγάλῳ
1758 800 2024 869 ἐνέχεσθαι

366 885 454 946 τῆς
488 904 544 934 τε
588 883 790 948 τόλμης,
834 883 1049 950 ὁρῶντας
1092 883 1150 935 τὸ
1193 884 1434 949 ἡμίτομον
1477 889 1562 935 τοῦ
1607 885 1757 939 ποδὸς
1803 886 2024 950 κείμενον

368 967 593 1018 κάκεῖνον
634 968 692 1019 οὗ
726 967 1024 1033 δυναμένους
1066 970 1240 1035 εὑρεῖν.
1315 969 1429 1021 τότε
1467 971 1559 1034 μὲν
1600 969 1726 1021 οὕτω
1767 970 2025 1037 διαφυγὼν

367 1053 783 1116 Λακεδαιμονίους
820 1053 1121 1120 καταφεύγει
1155 1055 1206 1106 ἐς
1234 1052 1443 1119 Τεγέην,
1479 1055 1660 1106 ἐοῦσαν
1690 1053 1776 1105 οὐκ
1813 1054 2024 1121 ἀρθμίην

367 1138 801 1201 Λακεδαιμονίοισι
831 1141 1005 1189 τοῦτον
1033 1137 1121 1189 τὸν
1151 1138 1349 1205 χρόνον·
1395 1136 1535 1204 ὑγιὴς
1566 1141 1620 1190 δὲ
1650 1138 1914 1205 γενόμενος
1946 1138 2024 1190 καὶ

366 1220 838 1286 προσποιησάμενος
886 1219 1090 1286 ξύλινον
1141 1219 1269 1274 πόδα
1322 1220 1617 1286 κατεστήκεε
1660 1225 1715 1274 ἐκ
1758 1225 1846 1291 τῇς
1890 1221 2023 1287 ἰθέης

365 1307 800 1370 Λακεδαιμονίοισι
829 1305 1082 1371 πολέμιος.
1158 1306 1214 1357 οὐ
1243 1305 1413 1371 μέντοι
1445 1306 1495 1359 ἔς
1524 1327 1583 1373 γε
1613 1305 1757 1360 τέλος
1786 1309 1832 1359 οἱ
1869 1304 2020 1371 συνή-

365 1410 495 1441 νεικε
529 1388 587 1440 τὸ
623 1389 769 1457 ἔχθος
807 1388 864 1441 τὸ
905 1392 954 1442 ἐς
996 1392 1411 1455 Λακεδαιμονίους
1454 1389 1870 1457 συγκεκρημένον·
1914 1391 2022 1455 ἥλω

363 1474 458 1540 γὰρ
493 1475 851 1538 μαντευόμενος
889 1475 942 1526 ἐν
982 1474 1217 1543 Ζακύνθῳ
1257 1474 1338 1526 ὑπ’
1370 1474 1530 1526 αὐτῶν
1573 1475 1652 1526 καὶ
1687 1473 1922 1527 ἀπέθανε.
1996 1475 2023 1525 ὁ

362 1556 453 1622 μέν
502 1579 587 1609 νυν
636 1557 844 1612 θάνατος
891 1559 918 1608 ὁ
963 1557 1372 1625 εΗγησιστράτου
1420 1559 1632 1625 ὕστερον
1679 1557 1878 1626 ἐγένετο
1925 1563 2023 1611 τῶν

364 1646 700 1701 Πλαταιικῶν,
735 1643 848 1694 τότε
885 1645 939 1694 δὲ
976 1643 1058 1694 ἐπὶ
1095 1648 1162 1712 τῷ
1200 1643 1418 1713 Ἀσωπῷ
1463 1645 1728 1713 Μαρδονίῳ
1769 1645 2018 1709 μεμισθω-

360 1725 509 1791 μένος
532 1727 617 1778 οὐκ
642 1728 815 1793 ὀλίγου
839 1727 1009 1778 ἐθύετό
1030 1749 1085 1779 τε
1110 1727 1188 1778 καὶ
1214 1726 1542 1793 προεθυμέετο
1576 1727 1698 1779 κατά
1719 1749 1774 1780 τε
1795 1727 1852 1779 τὸ
1875 1728 2023 1796 ἔχθος

360 1810 417 1861 τὸ
446 1811 848 1876 Λακεδαιμονίων
872 1811 950 1862 καὶ
976 1813 1099 1862 κατὰ
1122 1815 1175 1863 τὸ
1202 1810 1385 1877 κέρδος.
1462 1811 1526 1864 ὡς
1551 1814 1605 1863 δὲ
1628 1811 1713 1863 οὐκ
1737 1811 2022 1879 ἐκαλλιέρεε

361 1894 493 1946 ὥστε
514 1894 766 1963 μάχεσθαι
790 1895 902 1948 οὔτε
924 1895 1120 1947 αὐτοῖσι
1146 1894 1381 1967 Πέρσῃσι
1404 1894 1516 1947 οὔτε
1538 1901 1671 1947 τοῖσι
1692 1896 1797 1961 μετ’
1822 1896 2021 1948 ἐκείνων

362 1979 502 2030 ἐοῦσι
539 1978 804 2043 Ἑλλήνων
841 1979 1000 2046 (εἶχον
1044 1981 1139 2046 γὰρ
1185 1979 1263 2031 καὶ
1309 1980 1442 2030 οὗτοι
1487 1978 1564 2031 ἐπ’
1609 1982 1800 2031 ἑωυτῶν
1843 1979 2020 2045 μάντιν

359 2062 668 2130 Ἱππόμαχον
700 2063 970 2115 Λευκάδιον
1001 2061 1184 2130 ἄνδρα),
1214 2064 1539 2131 ἐπιρρεόντων
1564 2066 1617 2116 δὲ
1639 2069 1737 2116 τῶν
1758 2063 2019 2128 Ἑλλήνων

361 2146 441 2198 καὶ
464 2146 738 2214 γινομένων
756 2148 982 2199 πλεύνων
1001 2149 1333 2214 Τιμηγενίδης
1354 2146 1613 2214 ὁ”Ερπυος
1638 2148 1759 2215 ἀνὴρ
1787 2151 2029 2213 Θηβαῖος,

361 2232 733 2296 συνεβούλευσε
807 2232 1072 2301 Μαρδονίῳ
1137 2233 1224 2285 τὰς
1289 2233 1509 2296 ἐκβολὰς
1570 2236 1656 2283 τοῦ
1717 2235 2020 2298 Κιθαιρῶνος

360 2314 594 2380 φυλάξαι,
626 2315 791 2382 λέγων
822 2316 887 2369 ὡς
919 2315 1201 2388 ἐπιρρέουσι
1237 2318 1283 2367 οἱ
1305 2314 1559 2380 ’Έλληνες
1595 2315 1690 2367 αἰεὶ
1726 2317 1820 2367 ἀνὰ
1848 2319 2018 2368 πᾶσαν

358 2399 542 2465 ἡμέρην
568 2400 645 2451 καὶ
677 2400 742 2456 ὡς
772 2400 1125 2472 ἀπολάμψοιτο
1151 2399 1381 2467 συχνούς.
1459 2398 1637 2465 ἡμέραι
1669 2399 1723 2451 δέ
1753 2406 1850 2467 σφι
1881 2401 2015 2451 ἀντι-

418 2555 435 2580 1
469 2543 516 2591 δὴ
539 2542 579 2580 R
593 2542 673 2582 SV
769 2540 1051 2595 ἀνδρειότατον
1075 2540 1107 2578 L
1219 2537 1380 2579 πάντων
1401 2538 1520 2589 ἔργον
1541 2538 1580 2577 R
1595 2537 1625 2576 S
1639 2538 1677 2576 V
1812 2551 1838 2588 3
1868 2540 2018 2579 ἑωυτοῦ

358 2597 440 2635 del.
468 2597 665 2646 Krueger
847 2610 871 2644 4
902 2598 951 2637 ὡς
972 2594 1011 2632 Α
1025 2594 1059 2633 Β
1074 2593 1108 2632 C
1126 2592 1159 2631 P
1354 2605 1374 2641 7
1406 2595 1456 2632 ὡς
1475 2591 1514 2630 Α
1527 2592 1561 2630 Β
1577 2591 1611 2630 C
1733 2595 1904 2642 πανδημὶ
1925 2592 1964 2631 Α
1979 2593 2015 2631 Β

357 2664 384 2699 9
407 2651 475 2703 τε]
498 2651 595 2692 τότε
619 2652 657 2690 R
673 2651 753 2690 SV
923 2662 967 2688 11
1001 2647 1272 2700 καταφεύγειν
1293 2646 1383 2684 RV
1529 2659 1575 2696 13
1607 2649 1669 2688 ἐπὶ
1694 2646 1728 2686 C
1840 2647 1962 2696 ἰθείης
1985 2648 2018 2686 L

362 2718 409 2753 14
458 2723 507 2758 γε
549 2710 588 2748 ἐς
632 2708 666 2745 R
695 2706 726 2745 S
749 2707 789 2744 V
982 2715 1029 2752 15
1081 2702 1405 2754 συγκεκρημένον
1446 2700 1606 2739 Reiske
1624 2715 1634 2740 ε
1669 2701 2018 2756 συγκεκυρημένον

358 2759 397 2797 Α
412 2760 446 2797 Β
462 2760 495 2799 C
513 2761 546 2799 P
564 2776 572 2799 :
603 2757 993 2813 συγκεχωρησμένον
1015 2757 1055 2795 R
1074 2771 1084 2796 t
1113 2754 1477 2808 συγκεχωρημένον
1499 2756 1579 2793 SV
1755 2768 1801 2805 17
1831 2756 1904 2807 μέν
1925 2756 2012 2807 νυν]

357 2813 494 2863 μέντοι
534 2815 573 2852 Α
599 2815 633 2853 Β
656 2816 688 2853 C
713 2815 745 2852 P
915 2814 961 2851 18
1001 2814 1241 2852 Πλαταΐκῶν
1280 2809 1314 2847 C
1482 2821 1532 2858 19
1574 2810 1816 2862 προθυμέετο
1854 2810 1893 2848 Α
1919 2810 1953 2848 Β
1979 2810 2013 2848 C

358 2868 427 2907 alt.
450 2886 495 2909 τε
515 2882 598 2909 om.
622 2869 655 2906 P
674 2869 710 2906 R
730 2868 761 2907 S
777 2868 815 2905 V
939 2879 992 2905 20
1020 2878 1082 2915 pr.
1107 2865 1176 2915 τὸ]
1197 2867 1280 2905 τῶν
1301 2863 1341 2901 R
1463 2876 1515 2912 24
1545 2865 1804 2915 Τιμογενίδης
1824 2864 1862 2901 Α
1876 2865 1910 2901 Β
1929 2865 1963 2902 C
1982 2864 2016 2902 P

359 2934 409 2971 25
442 2928 655 2976 Κιθερῶνος
676 2922 716 2959 Α
730 2922 765 2959 Β
932 2933 982 2969 27
1014 2918 1295 2970 ἆπολάμψαιτὸ
1319 2918 1355 2955 R
1375 2917 1404 2955 S
1417 2917 1454 2954 V

2046 572 2070 615 5

2051 992 2101 1025 10

2050 1414 2096 1457 ¹5

2047 1836 2098 1865 20

2043 2253 2092 2294 25
