2034 3328
684 544 1246 615 ΗΡΟΔΟΤΟΤ

710 754 1072 815 ΙΣΤΟΡΙΩΝ
1147 727 1206 814 Ἐ

205 931 272 982 Οἱ
308 931 363 982 δὲ
398 929 453 982 ἐν
487 935 549 1002 τῇ
581 928 795 1001 Εὐρώπῃ
831 934 930 981 τῶν
962 929 1201 997 Περσέων
1242 931 1660 999 καταλειφθέντες
1694 934 1786 984 ὑπὸ
1824 947 1846 981 1

125 1014 354 1082 Δαρείου,
394 1018 493 1066 τῶν
531 1015 557 1064 6
595 1013 901 1082 Μεγάβαζος
937 1013 1075 1083 ἧρχε,
1115 1015 1335 1083 πρώτους
1370 1019 1463 1081 μὲν
1501 1017 1789 1083 Περινθίους

121 1099 539 1164 “Ελλησποντίων
592 1098 649 1150 οὐ
705 1098 1044 1165 βουλομένους
1102 1100 1346 1164 ὑπηκόους
1398 1100 1522 1152 εἶναι
1576 1102 1787 1162 Δαρείου

127 1181 551 1250 κατεστρέψαντο,
598 1183 958 1252 περιεφθέντας
1002 1185 1243 1251 πρότερον
1290 1184 1369 1235 καὶ
1414 1184 1509 1236 ὑπὸ
1555 1188 1788 1237 Παιόνων
1810 1193 2034 1308 um:

77 1293 99 1333 5
124 1266 362 1338 τρηχέως.
450 1269 498 1319 οἳ
540 1268 635 1335 γὰρ
672 1265 740 1320 ὧν
784 1267 880 1320 ἀπὸ
926 1269 1203 1335 Στρυμόνος
1246 1269 1460 1322 Παίονες
1505 1268 1788 1336 χρήσαντος
1826 1288 1851 1319 2

124 1356 212 1404 τοῦ
242 1355 356 1403 θεοῦ
387 1352 749 1419 στρατεύεσθαι
779 1351 859 1404 ἐπὶ
887 1354 1194 1420 Περινθίους,
1223 1354 1300 1403 καὶ
1332 1348 1391 1415 ἢν
1422 1355 1513 1415 μὲν
1543 1354 1785 1404 ἀντικατι-

128 1436 322 1502 ζόμενοι
364 1435 768 1489 ἐπικαλέσωνταί
810 1444 973 1504 σφεας
1018 1439 1064 1488 οἱ
1107 1438 1361 1503 Περίνθιοι
1404 1437 1644 1501 ὀνομαστὶ
1683 1438 1786 1502 βώ-

126 1540 323 1580 σαντες,
372 1519 486 1574 τοὺς
531 1523 586 1573 δὲ
634 1520 945 1589 ἐπιχειρέειν,
994 1516 1054 1585 ἢν
1099 1523 1153 1572 δὲ
1198 1520 1265 1585 μὴ
1310 1521 1677 1586 ἐπιβώσωνται,
1722 1522 1787 1587 μὴ

125 1604 438 1673 ἐπιχειρέειν,
494 1606 691 1658 ἐποίεον
737 1607 784 1658 οἱ
833 1607 1046 1659 Παίονες
1094 1609 1261 1657 ταῦτα.
1351 1605 1790 1671 ἀντικατιζομένων

53 1712 103 1740 10
125 1691 179 1741 δὲ
224 1693 323 1741 τῶν
368 1690 647 1757 Περινθίων
697 1692 750 1742 ἐν
793 1694 860 1760 τῷ
907 1690 1178 1759 προαστίῳ,
1228 1691 1436 1740 ἐνθαῦτα
1482 1691 1788 1757 μουνομαχίη

124 1773 367 1840 τριφασίη
401 1775 454 1825 ἐκ
490 1773 798 1841 προκλήσιός
834 1781 932 1842 σφι
968 1773 1184 1841 ἐγένετο·
1232 1774 1309 1825 καὶ
1340 1775 1435 1840 γὰρ
1464 1772 1617 1840 ἄνδρα
1653 1773 1790 1840 ἀνδρὶ

127 1857 207 1909 καὶ
237 1858 392 1911 ἵππον
421 1859 555 1929 ἵππῳ
588 1858 876 1924 συνέβαλον
906 1859 985 1911 καὶ
1019 1858 1137 1910 κύνα
1168 1859 1294 1929 κυνί.
1370 1858 1619 1910 νικώντων
1649 1860 1701 1909 δὲ
1730 1860 1790 1909 τὰ
1826 1871 1851 1916 3

125 1941 213 2000 δύο
269 1946 370 1995 τῶν
421 1943 717 2010 Περινθίων,
773 1943 838 1997 ὡς
897 1943 1189 2006 ἐπαιώνιζον
1248 1942 1589 2010 κεχαρηκότες,
1645 1963 1787 1994 συνε-

125 2024 352 2092 βάλοντο
394 2029 441 2080 οἱ
483 2029 701 2081 Παίονες
743 2027 800 2079 τὸ
845 2025 1151 2095 χρηστήριον
1192 2026 1310 2077 αὐτὸ
1353 2031 1497 2077 τοῦτο
1543 2026 1668 2078 εἶναι
1713 2026 1790 2077 καὶ

52 2131 101 2173 15
127 2109 272 2163 εἶπάν
319 2131 404 2163 κου
452 2114 585 2179 παρὰ
632 2112 788 2180 σφίσι
837 2111 1047 2163 αὐτοῖσι·
1110 2115 1218 2162 Νῦν
1265 2110 1326 2162 ἂν
1373 2112 1446 2174 εἴη
1495 2111 1521 2160 6
1566 2109 1792 2178 χρησμὸς

127 2196 503 2262 ἐπιτελεόμενος
545 2196 678 2262 ἡμῖν,
727 2201 813 2248 νῦν
857 2194 1094 2262 ἡμέτερον
1138 2194 1196 2246 τὸ
1243 2195 1403 2261 ἔργον.
1491 2195 1615 2245 οὕτω
1658 2198 1790 2246 τοῖσι

127 2281 442 2347 Περινθίοισι
471 2281 781 2333 παιωνίσασι
813 2278 1149 2347 ἐπιχειρέουσι
1179 2281 1225 2330 οἱ
1252 2279 1465 2331 Παίονες
1496 2278 1574 2329 καὶ
1597 2279 1791 2330 πολλόν

125 2383 179 2416 τε
214 2363 494 2431 ἐκράτησαν
530 2365 610 2416 καὶ
649 2365 826 2417 ἔλιπόν
866 2370 1042 2431 σφεων
1079 2364 1295 2429 ὀλίγους.
1383 2363 1444 2412 τὰ
1479 2364 1570 2427 μὲν
1601 2360 1659 2425 δὴ
1692 2360 1789 2413 ἀπὸ
1824 2375 1856 2411 2

126 2448 360 2500 Παιόνων
396 2449 637 2516 πρότερον
671 2449 917 2517 γενόμενα
954 2449 1049 2499 ὧδε
1091 2445 1304 2513 ἐγένετο·
1357 2446 1467 2498 τότε
1507 2448 1560 2497 δὲ
1599 2446 1790 2512 ἀνδρῶν

53 2558 104 2587 20
125 2531 326 2598 ἆγαθῶν
363 2532 477 2600 περὶ
519 2536 607 2598 τῆς
650 2534 933 2599 ἐλευθερίης
974 2530 1248 2599 γινομένων
1286 2534 1384 2581 τῶν
1425 2531 1704 2596 Περινθίων
1745 2531 1791 2581 οἱ

97 2613 324 2683 ’Πέρσαι
359 2637 414 2668 τε
451 2618 530 2670 καὶ
567 2618 593 2668 6
629 2616 936 2685 Μεγάβαζος
975 2613 1317 2681 ἐπεκράτησαν
1353 2612 1548 2677 πλήθεϊ.
1638 2613 1702 2666 ὦς
1738 2614 1790 2664 δὲ
1826 2631 1852 2663 2

177 2765 203 2792 2
230 2756 314 2795 τῶν
334 2766 415 2794 om.
439 2753 475 2794 C
641 2767 667 2804 3
697 2753 850 2808 Δαρείω
872 2752 952 2792 SV
967 2751 1005 2791 U
1171 2764 1194 2800 4
1227 2751 1292 2792 καὶ
1312 2763 1394 2789 om.
1416 2749 1450 2788 C
1599 2760 1625 2798 5
1656 2751 1691 2789 οἵ
1708 2749 1790 2800 γὰρ

121 2805 198 2858 ὧν]
236 2809 287 2851 ὡς
323 2809 403 2863 γὰρ
440 2812 477 2851 οἱ
516 2808 547 2849 S
566 2809 605 2848 V
627 2809 667 2848 U
918 2819 940 2855 7
985 2805 1298 2847 ἐπικαλέσανται
1334 2805 1369 2843 Β
1391 2818 1400 2843 z
1442 2802 1595 2844 -έονται
1637 2802 1667 2842 S
1688 2802 1726 2841 V
1748 2802 1787 2842 U

122 2862 150 2900 8
175 2863 228 2912 ἢν
242 2893 252 2903 .
273 2892 283 2902 .
303 2893 314 2903 .
334 2862 577 2918 ἐπιχειρέειν
595 2876 678 2904 om.
705 2863 736 2902 S
892 2874 920 2912 9
950 2861 1108 2902 ἐποίευν
1129 2859 1159 2899 S
1173 2859 1210 2898 V
1226 2859 1263 2898 U
1421 2870 1472 2898 10
1499 2857 1706 2911 προαστίω
1725 2857 1787 2896 V:

121 2917 348 2970 προαστείῳ
386 2919 479 2958 rell.
519 2918 666 2971 (etiam
706 2918 759 2967 S)
947 2927 993 2954 11
1040 2923 1114 2967 σφι
1147 2926 1229 2953 om.
1266 2912 1306 2951 A
1322 2913 1356 2952 B
1371 2912 1405 2952 C
1602 2922 1651 2961 15
1690 2919 1789 2963 σφιν

98 2969 260 3011 χΞἿῘΠ
375 2973 425 3012 16
451 2974 500 3014 τὸ
528 2985 610 3014 om.
639 2971 779 3024 ABG
896 2972 944 3009 18
973 2969 1047 3022 τὰ]
1075 2972 1203 3011 ταῦτα
1225 2967 1259 3007 C

178 3067 279 3095 nm:
303 3068 349 3095 11.
1603 3050 1625 3088 1
