2132 3340
693 189 700 200 ἱ
735 118 1111 167 ιΣΤοΡΙΩΝ
1174 118 1195 166 1
1838 118 1928 166 lx,
1950 130 2016 179 23

131 258 293 304 λεσαν
321 255 420 302 τῶν
451 248 658 303 ἱππέων.
747 246 1130 313 ἀποστήσαντες
1160 244 1228 300 ὧν
1258 247 1385 299 ὅσον
1413 267 1468 300 τε
1498 247 1586 299 δύο
1617 245 1797 299 στάδια
1817 221 2132 311 wQffi

133 334 464 404 ἐβουλεύοντο
494 335 523 385 ὅ
551 355 598 386 τι
628 332 779 403 χρεὸν
802 335 875 398 εἵη
909 332 1112 386 ποιέειν·
1157 333 1324 385 ἐδόκεε
1348 331 1403 403 δέ
1434 338 1532 400 σφι
1554 332 1797 400 ἀναρχίης
2003 319 2089 373 'n''

131 419 312 485 ἐούσης
355 419 656 472 ἀπελαύνειν
700 420 833 485 παρὰ
878 418 1180 485 Μαρδόνιον.
1269 415 1571 482 ἀπικομένης
1616 418 1669 468 δὲ
1710 419 1797 480 τῆς
1833 429 1900 477 24

130 505 283 557 ἵππου
333 505 384 557 ἐς
433 503 490 555 τὸ
535 503 873 570 στρατόπεδον
924 501 1105 556 πένθος
1150 499 1454 566 ἐποιήσαντο
1508 501 1798 553 Μασιστίου
1967 494 1972 499 ’

81 612 106 655 5
131 587 271 641 πᾶσά
317 610 370 640 τε
412 588 442 653 ἡ
489 587 694 655 στρατιὴ
747 587 827 639 καὶ
879 587 1164 654 Μαρδόνιος
1213 585 1476 653 μέγιστον,
1524 584 1691 654 σφέας
1742 607 1796 638 τε

130 672 303 727 αὐτοὺς
334 673 577 740 κείροντες
612 672 692 724 καὶ
731 671 845 727 τοὺς
885 672 1063 726 ἵππους
1106 671 1185 723 καὶ
1225 673 1287 722 τὰ
1326 671 1567 738 ὑποζύγια
1603 670 1794 742 οἰμωγῇ

129 779 184 810 τε
223 757 495 826 χρεώμενοι
534 756 750 827 ἀπλέτῳ·
797 756 1002 809 ἅπασαν
1041 758 1137 823 γὰρ
1177 755 1269 820 τὴν
1311 756 1554 820 Βοιωτίην
1594 760 1795 823 κατεῖχε

127 842 236 910 ἠχὼ
268 841 333 896 ὡς
363 841 538 909 ἀνδρὸς
570 840 884 907 ἀπολομένου
905 840 1029 907 μετά
1053 862 1111 908 γε
1143 840 1428 908 Μαρδόνιον
1449 838 1796 907 λογιμωτάτου

128 925 260 994 παρά
289 947 342 979 τε
373 925 611 998 Πέρσῃσι
641 927 720 978 καὶ
750 924 987 1003 βασιλέἰᾆ
1016 964 1018 967 v

56 1034 104 1063 ιο
211 1013 277 1083 Οἱ
320 1009 412 1077 μέν
457 1031 544 1063 νυν
587 1010 845 1078 βάρβαροι
888 1010 1053 1080 τρόπῳ
1097 1014 1164 1080 τῷ
1207 1008 1438 1080 σφετέρῳ
1476 1009 1795 1062 ἀποθανόντα

128 1096 309 1161 ἐτίμων
339 1095 646 1148 Μασίστιον·
693 1098 739 1148 οἱ
775 1098 827 1147 δὲ
850 1093 1105 1159 “Ελληνες
1136 1094 1202 1148 ὡς
1234 1094 1326 1159 τὴν
1367 1095 1520 1147 ἵππον
1560 1092 1794 1159 ἐδέξαντο
1832 1110 1895 1160 25

127 1179 561 1246 προσβάλλουσαν
604 1181 684 1233 καὶ
725 1178 985 1246 δεξάμενοι
1025 1179 1240 1238 ὤσαντο,
1266 1178 1583 1246 ’ἐθάρσησαν
1617 1184 1793 1249 πολλῷ

125 1267 338 1330 μᾶλλον.
427 1265 506 1317 καὶ
548 1269 718 1332 πρῶτα
757 1266 850 1330 μὲν
890 1265 942 1318 ἐς
984 1262 1177 1329 ἅμαξαν
1218 1262 1453 1318 ἐσθέντες
1490 1262 1579 1315 τὸν
1618 1262 1794 1331 νεκρὸν

126 1350 258 1415 παρὰ
280 1350 368 1403 τὰς
398 1347 537 1414 τάξις
559 1350 801 1415 ἐκόμιζον·
849 1349 875 1399 6
898 1351 953 1402 δὲ
975 1347 1146 1415 νεκρὸς
1170 1347 1230 1412 ἧν
1254 1347 1368 1413 θέης
1390 1347 1528 1413 ἄξιος
1549 1348 1794 1416 μεγάθεος

52 1453 100 1495 15
127 1434 290 1486 εἵνεκα
320 1434 400 1487 καὶ
432 1432 659 1488 κάλλεος·
707 1438 804 1486 τῶν
829 1436 883 1486 δὲ
907 1435 1073 1486 εἵνεκα
1104 1434 1183 1485 καὶ
1213 1437 1366 1485 ταῦτα
1397 1434 1609 1486 ἐποίευν·
1656 1435 1789 1485 ἐκλι-

127 1517 305 1573 πόντες
333 1521 422 1572 τὰς
450 1517 589 1583 τάξις
619 1520 839 1586 ἐφοίτων
869 1518 1166 1584 θεησόμενοι
1202 1518 1512 1570 Μασίστιον.
1549 1525 1555 1536 ’
1586 1519 1710 1584 μετὰ
1741 1521 1793 1571 δὲ
1829 1539 1857 1571 2

126 1601 264 1667 ἔδοξέ
289 1610 387 1671 σφι
410 1604 774 1670 ἐπικαταβῆναι
799 1605 850 1658 ἐς
875 1602 1151 1656 Πλαταιάς·
1197 1603 1224 1654 6
1247 1604 1343 1670 γὰρ
1366 1608 1529 1671 χῶρος
1560 1604 1794 1671 ἐφαίνετο
1807 1600 1904 1659 ⁸⁸3·
1915 1584 2132 1683 W‘Zt:

126 1693 300 1758 πολλῷ
338 1688 433 1740 ἐὼν
471 1689 840 1756 ἐπιτηδεότερός
879 1695 976 1755 σφι
1015 1688 1559 1755 ἐνστρατοπεδεύεσθαι
1589 1690 1616 1739 6
1649 1692 1791 1740 Πλα-

125 1771 312 1826 ταιικὸς
354 1777 439 1824 τοῦ
486 1772 779 1841 Ἐρυθραίου
808 1772 870 1825 τά
916 1793 970 1826 τε
1015 1772 1151 1825 ἄλλα
1199 1773 1277 1825 καὶ
1326 1772 1652 1839 εὐυδρότερος.
1744 1774 1795 1827 ἐς

52 1883 103 1911 20
125 1861 298 1909 τοῦτον
338 1856 395 1922 δὴ
437 1856 520 1910 τὸν
565 1863 731 1926 χῶρον
771 1859 849 1910 καὶ
894 1859 977 1911 ἐπὶ
1016 1857 1106 1922 τὴν
1148 1856 1330 1925 κρήνην
1370 1856 1458 1922 τὴν
1499 1859 1795 1926 Γαργαφίην

125 1940 217 2006 τὴν
247 1943 300 1993 ἐν
330 1947 396 2012 τῷ
427 1943 572 2012 χώρῳ
605 1942 760 2012 τούτῳ
794 1945 977 1995 ἐοῦσαν
1013 1941 1154 2009 ἔδοξέ
1195 1949 1293 2009 σφι
1329 1941 1479 2010 χρεὸν
1516 1943 1641 1994 εἶναι
1678 1944 1791 1994 ἀπι-

129 2025 305 2078 κέσθαι
335 2027 414 2079 καὶ
455 2026 815 2095 διαταχθέντας
858 2027 1359 2097 στρατοπεδεύεσθαι.
1449 2028 1794 2092 ἀναλαβόντες
1832 2052 1858 2094 3

127 2112 179 2162 δὲ
215 2112 276 2162 τὰ
315 2112 449 2164 ὅπλα
488 2111 638 2177 ἤισαν
680 2114 760 2164 διὰ
803 2115 890 2177 τῆς
921 2111 1145 2179 ὑπωρέης
1189 2117 1276 2163 τοῦ
1318 2115 1622 2180 Κιθαιρῶνος
1662 2114 1794 2178 παρὰ

125 2194 301 2249 Ὑσιὰς
354 2198 404 2250 ἐς
454 2195 545 2269 τὴν
590 2198 875 2249 Πλαταιίδα
920 2199 1032 2264 γῆν,
1080 2197 1372 2262 ἀπικόμενοι
1414 2199 1468 2249 δὲ
1513 2195 1793 2248 ἐτάσσοντο

53 2306 100 2345 25
128 2281 251 2331 κατὰ
280 2279 426 2332 ἔθνεα
457 2282 677 2346 πλησίον
710 2284 796 2346 τῆς
833 2303 887 2333 τε
922 2279 1100 2348 κρήνης
1136 2284 1224 2346 τῆς
1262 2282 1552 2348 Γαργαφίης
1595 2282 1674 2333 καὶ
1708 2285 1793 2332 τοῦ

125 2363 356 2429 τεμένεος
396 2370 483 2417 τοῦ
526 2364 912 2433 Ἀνδροκράτεος
956 2370 1046 2418 τοῦ
1084 2365 1244 2432 ἥρωος
1285 2368 1366 2417 διὰ
1405 2366 1572 2433 ὄχθων
1612 2387 1666 2418 τε
1706 2366 1792 2417 οὐκ

124 2448 337 2515 ὑψηλῶν
368 2449 447 2501 καὶ
479 2448 662 2523 ἀπέδου
694 2451 874 2518 χώρου.
963 2451 1176 2502 ἐνθαῦτα
1204 2452 1259 2503 ἐν
1282 2451 1341 2521 τῇ
1372 2449 1564 2514 διατάξι
1596 2448 1794 2516 ἐγένετο
1831 2451 1901 2500 26

125 2532 294 2599 λόγων
328 2533 518 2588 πολλὸς
556 2533 775 2599 ὠθισμὸς
810 2532 1103 2602 Τεγεητέων
1138 2555 1192 2587 τε
1234 2535 1312 2586 καὶ
1351 2533 1646 2599 Ἀθηναίων·
1693 2535 1790 2586 ἐδι-

180 2685 205 2720 4
237 2671 453 2720 ἐποιήσατο
476 2671 515 2710 R
678 2673 705 2711 8
733 2689 783 2724 γε
804 2686 886 2713 om.
914 2671 952 2710 R
970 2672 1050 2712 SV
1209 2685 1336 2712 10·11
1373 2673 1521 2722 ἐτίμων
1543 2670 1796 2714 ἀποθανόντα

129 2726 168 2766 R
183 2726 263 2766 SV
438 2739 486 2766 12
516 2730 833 2779 προσβαλοῦσαν
855 2727 895 2765 R
910 2726 940 2766 S
954 2727 992 2766 V
1133 2726 1356 2781 ἐθάρρησαν
1377 2727 1410 2766 C
1427 2726 1460 2765 P
1474 2727 1513 2766 R
1528 2726 1610 2767 SV
1747 2745 1793 2768 τε

125 2785 269 2833 πολλῷ
289 2781 328 2820 Α
342 2780 376 2819 Β
392 2781 426 2821 C
440 2781 473 2820 P
602 2794 649 2831 14
681 2781 911 2832 ἐκομίζοντο
934 2781 971 2819 R
989 2782 1018 2820 S
1032 2781 1071 2820 V
1197 2794 1244 2831 15
1275 2781 1342 2834 δὲ]
1364 2783 1413 2831 δὴ
1435 2781 1634 2832 Krueger
1729 2783 1793 2823 καὶ

128 2848 209 2876 om.
238 2836 276 2873 R
292 2835 373 2875 SV
513 2836 669 2877 ἐποίεον
690 2836 777 2875 PR
793 2836 874 2876 SV
993 2837 1252 2878 ἐκλείποντες
1274 2836 1311 2875 Α
1328 2836 1362 2875 Β
1379 2837 1412 2875 C
1429 2836 1462 2875 P
1605 2839 1655 2875 16
1686 2837 1792 2887 ἐφοί-

127 2908 221 2932 τεον
256 2890 295 2928 R
319 2890 350 2930 S
370 2890 410 2929 V
616 2893 664 2930 18
705 2892 1019 2943 ἐπιτηδειότερός
1054 2891 1088 2930 C
1111 2891 1143 2930 P
1168 2891 1206 2929 R
1374 2893 1605 2933 Πλαταϊκὸς
1638 2891 1677 2930 Α
1702 2892 1736 2930 Β
1759 2891 1792 2930 C

128 2958 181 2994 23
210 2946 399 2999 ὑπωρείης
424 2946 456 2985 L
582 2959 635 2996 24
666 2947 825 2988 Ὓασιὰς
847 2946 886 2984 R
903 2945 984 2986 SV
1108 2959 1158 2995 27
1190 2947 1341 3000 χωρίου
1361 2947 1395 2986 C
1412 2946 1445 2986 P
1556 2946 1710 2999 διατάξι
1732 2946 1794 2987 P:

127 3005 201 3051 ·ξει
221 2999 309 3039 rell.
478 3002 530 3040 28
559 3004 727 3042 πολλῶν
749 3000 787 3040 Α
804 3001 838 3039 Β
853 3001 886 3039 C
903 3000 952 3039 P1
1067 3001 1262 3043 ἐδικαίουν
1281 3000 1321 3039 Α
1334 3001 1369 3040 Β
