2132 3340
682 55 1060 105 ΙΣΤΟΡΙΩΝ
1123 55 1172 105 Η

91 189 339 244 πάντοθεν
373 185 679 256 ὑπερμήκεσι
719 189 875 256 ὄρεσι.
963 189 1026 239 τὰ
1064 190 1158 254 μὲν
1196 190 1293 256 γὰρ
1327 187 1478 253 αὐτῆς
1517 186 1639 255 πρὸς
1673 186 1762 251 τὴν

90 275 162 341 ἠῶ
188 338 191 344 .
214 274 399 344 ἔχοντα
447 273 508 326 τό
552 294 608 327 τε
659 271 856 338 Πήλιον
907 275 1022 340 ὄρος
1068 273 1148 326 καὶ
1197 273 1228 339 ἡ
1271 271 1448 325 Ὄσσα
1499 271 1763 336 ἀποκληίει

91 360 442 427 συμμίσγοντα
482 360 572 412 τὰς
615 356 838 426 ὑπωρέας
884 355 1176 423 ἀλλήλοισι,
1222 359 1285 409 τὰ
1332 359 1384 410 δὲ
1428 361 1550 424 πρὸς
1596 356 1761 424 βορέω

92 443 276 511 ἀνέμου
297 442 577 509 “Ὀλυμπος,
609 444 670 495 τὰ
707 444 761 496 δὲ
797 441 920 510 πρὸς
957 441 1175 510 ἑσπέρην
1213 444 1414 502 Πίνδος,
1453 444 1514 493 τὰ
1550 443 1603 495 δὲ
1639 441 1763 510 πρὸς

42 548 64 591 5
90 529 413 596 μεσαμβρίην
456 549 511 580 τε
557 527 637 580 καὶ
681 526 864 594 ἄνεμον
908 527 1056 580 νότον
1095 527 1125 592 ἡ
1158 526 1364 594 Ὄθρυς·
1408 526 1465 579 τὸ
1507 525 1669 592 μέσον
1708 529 1761 579 δὲ

91 613 280 666 τούτων
303 618 400 666 τῶν
421 611 708 680 λεχθέντων
736 611 892 679 ὀρέων
914 612 945 678 ἡ
971 613 1245 676 Θεσσαλίη
1272 611 1384 663 ἐστὶ
1413 612 1568 663 ἐοῦσα
1601 613 1760 676 κοίλη.

92 699 227 752 ὥστε
247 695 316 750 ῶν
339 701 574 762 ποταμῶν
596 699 648 751 ἐς
670 695 825 761 αὐτὴν
849 696 928 748 καὶ
949 695 1123 748 ἄλλων
1147 700 1350 764 συχνῶν
1376 695 1758 761 ἐσβαλλόντων,

93 781 242 835 πέντε
264 785 318 835 δὲ
340 786 440 834 τῶν
462 782 675 852 δοκίμων
699 779 921 854 μάλιστα
943 783 1113 840 τῶνδε,
1141 785 1360 845 Πηνειοῦ
1391 780 1470 831 καὶ
1491 778 1764 832 Ἀπιδανοῦ

94 867 172 919 καὶ
202 866 491 936 Ὀνοχώνου
522 867 602 918 καὶ
632 863 870 919 Ἐνιπέος
910 865 989 917 καὶ
1020 866 1272 930 Παμίσου,
1304 867 1352 917 οἱ
1384 863 1479 930 μέν
1509 885 1594 916 νυν
1625 866 1677 918 ἐς
1707 863 1762 915 τὸ

20 974 70 1002 ιο
94 952 264 1005 πεδίον
293 955 436 1003 τοῦτο
469 950 835 1017 συλλεγόμενοι
866 951 920 1001 ἐκ
952 955 1051 1001 τῶν
1074 948 1228 1017 ὀρέων
1250 953 1349 1002 τῶν
1372 949 1762 1016 περικληιόντων

92 1035 183 1101 τὴν
219 1035 521 1100 Θεσσαλίην
558 1034 914 1100 ὀνομαζόμενοι
955 1033 1016 1086 δι’
1054 1033 1162 1087 ἑνὸς
1202 1034 1428 1088 αὐλῶνος
1468 1033 1548 1085 καὶ
1587 1034 1763 1086 τούτου

94 1124 294 1173 στεινοῦ
335 1120 506 1187 ἔκροον
547 1119 725 1187 ἔχουσι
766 1120 818 1172 ἐς
864 1118 1151 1182 θάλασσαν,
1195 1111 1663 1186 προσυμμίσγοντες
1705 1118 1763 1169 τὸ

91 1206 222 1272 ὕδωρ
257 1203 439 1258 πάντες
478 1204 528 1258 ἐς
562 1203 736 1255 τώυτό.
824 1204 976 1255 ἐπεὰν
1012 1205 1067 1255 δὲ
1109 1202 1484 1271 συμμειχθέωσι
1524 1201 1758 1271 τάχιστα,

94 1292 319 1342 ἐνθεῦτεν
340 1287 431 1354 ἤδη
457 1289 483 1339 ὁ
508 1287 723 1354 Πηνειὸς
745 1292 812 1358 τῷ
843 1287 1080 1354 οὐνόματι
1112 1286 1454 1356 κατακρατέων
1479 1287 1763 1352 ἀνωνύμους

19 1397 67 1439 15
92 1373 206 1429 τοὺς
234 1373 420 1427 ἄλλους
449 1373 575 1426 εἶναι
599 1372 771 1426 ποιέει.
838 1372 897 1424 τὸ
920 1375 974 1426 δὲ
997 1372 1214 1425 παλαιὸν
1236 1372 1456 1439 λέγεται,
1482 1371 1567 1424 οὐκ
1593 1372 1763 1426 ἐόντος

93 1481 161 1511 κω
191 1463 278 1511 τοῦ
306 1458 529 1513 αὐλῶνος
560 1457 639 1510 καὶ
670 1457 894 1524 διεκρόου
921 1457 1112 1518 τούτου,
1137 1456 1252 1511 τοὺς
1283 1456 1533 1523 ποταμοὺς
1562 1458 1763 1511 τούτους

94 1543 173 1596 καὶ
195 1542 318 1612 πρὸς
339 1547 474 1596 τοῖσι
504 1547 774 1609 ποταμοῖσι
797 1543 1020 1594 τούτοισι
1048 1542 1139 1607 τὴν
1165 1542 1408 1608 Βοιβηίδα
1436 1543 1622 1608 λίμνην
1650 1542 1763 1594 οὔτε

79 1627 426 1694 ,ὀνομάζεσθαι
474 1627 598 1680 κατά
645 1650 737 1694 περ
780 1631 867 1680 νῦν
910 1626 1043 1695 ῥέειν
1086 1648 1140 1679 τε
1188 1627 1331 1679 οὐδὲν
1373 1626 1539 1692 ἧσσον
1580 1622 1610 1690 ἢ
1657 1631 1759 1685 νῦν,

91 1711 295 1780 ῥέοντας
330 1715 385 1766 δὲ
418 1711 606 1766 ποιέειν
635 1712 726 1777 τὴν
757 1713 1064 1777 Θεσσαλίην
1094 1715 1264 1764 πᾶσαν
1294 1710 1534 1779 πέλαγος.
1623 1711 1762 1763 αὐτοὶ

19 1825 71 1854 20
92 1796 186 1864 μέν
205 1819 294 1851 νυν
319 1798 592 1850 Θεσσαλοί
611 1803 742 1865 φασι
769 1795 1096 1849 Ποσειδέωνα
1119 1799 1327 1861 ποιῆσαι
1355 1795 1443 1848 τὸν
1466 1796 1668 1848 αὐλῶνα
1700 1795 1762 1847 δι’

94 1882 151 1934 οὗ
193 1882 295 1950 ῥέει
338 1883 365 1932 ὁ
411 1883 641 1947 Πηνειός,
690 1882 862 1934 οἰκότα
903 1880 1165 1948 λέγοντες.
1249 1882 1390 1935 ὅστις
1435 1883 1531 1948 γὰρ
1574 1881 1762 1946 νομίζει

1804 57 1917 106 VII.
1941 69 2036 120 129

1772 719 2132 807 ῴὲκμὴὴμι

1775 799 2132 917 ῗῶἲῦῗῗ

1802 1222 1826 1266 3

96 1965 419 2019 Ποσειδέωνα
437 1966 528 2031 τὴν
550 1970 645 2035 γῆν
666 1966 823 2018 σείειν
848 1967 927 2018 καὶ
946 1967 1007 2017 τὰ
1032 1969 1300 2018 διεστεῶτα
1322 1965 1417 2017 ὑπὸ
1442 1969 1656 2030 σεισμοῦ
1674 1970 1779 2015 τοῦ

94 2055 211 2104 θεοῦ
237 2051 411 2103 τούτου
442 2051 562 2118 ἔργα
593 2052 734 2110 εἶναι,
763 2050 842 2102 καὶ
871 2049 933 2103 ἂν
956 2052 1116 2102 ἐκεῖνο
1149 2051 1264 2102 ἰδὼν
1288 2052 1410 2117 φαίη
1438 2049 1762 2101 Ποσειδέωνα

95 2138 318 2200 ποιῆσαι·
364 2135 475 2187 ἔστι
505 2137 600 2203 γὰρ
625 2139 838 2200 σεισμοῦ
866 2135 1029 2202 ἔργον,
1059 2135 1124 2189 ὡς
1154 2134 1264 2199 ἐμοὶ
1295 2135 1530 2201 ἐφαίνετο
1562 2134 1704 2193 εἶναι,
1730 2134 1760 2198 ἡ

20 2219 357 2287 25-διάστασις
385 2225 484 2272 τῶν
515 2219 686 2287 ὀρέων.

176 2307 243 2356 Οἱ
267 2306 322 2356 δὲ
345 2305 700 2372 κατηγεόμενοι
723 2302 977 2371 εἰρομένου
1004 2303 1203 2372 Ξέρξεω
1229 2306 1272 2356 εἶ
1301 2303 1411 2356 ἔστι
1434 2302 1567 2368 ἄλλη
1593 2302 1763 2368 ἔξοδος

93 2390 145 2443 ἐς
187 2387 456 2441 θάλασσαν
499 2393 566 2459 τῷ
615 2393 828 2459 Πηνειῷ,
876 2388 1257 2455 ἐξεπιστάμενοι
1308 2387 1550 2456 ἀτρεκέως
1603 2387 1761 2440 εἶπον·

96 2477 331 2534 Βασιλεῦ,
353 2478 557 2544 ποταμῷ
576 2474 733 2543 τούτῳ
759 2474 847 2525 οὐκ
870 2474 980 2526 ἔστι
1001 2473 1134 2538 ἄλλη
1161 2471 1396 2538 ἐξήλυσις
1419 2474 1469 2527 ἐς
1492 2471 1762 2524 θάλασσαν

149 2625 175 2651 2
215 2629 264 2654 τε
300 2623 381 2652 om.
421 2611 461 2650 A
478 2610 513 2650 Β
533 2610 567 2650 C
787 2624 813 2661 3
861 2611 1051 2665 ὑπωρείας
1090 2610 1131 2649 Α
1154 2611 1188 2650 Β
1211 2611 1245 2650 C
1268 2610 1302 2650 P
1325 2610 1392 2649 R:
1442 2610 1635 2664 ἀπωρείας
1675 2609 1706 2649 S
1722 2609 1761 2648 V

95 2667 306 2716 ἆλλήλησι
342 2667 381 2706 R
605 2680 628 2716 4
672 2669 693 2706 ὁ
720 2666 933 2717 ’Ὄλυμπος
968 2667 1006 2705 R
1025 2666 1056 2705 S
1073 2666 1112 2705 V
1333 2678 1355 2715 7
1400 2665 1473 2718 ὧν]
1505 2669 1588 2706 τῶν
1618 2665 1657 2704 R
1676 2664 1706 2704 S
1723 2665 1762 2703 V

94 2735 123 2774 9
151 2722 378 2774 Ὀνοχῶρου
399 2721 429 2760 S
442 2721 480 2760 V
616 2734 726 2771 9-10
756 2724 801 2762 ἐκ
820 2724 903 2762 τῶν
922 2721 1069 2762 πεδίων
1089 2730 1265 2773 συλλεγ.
1293 2721 1331 2759 R
1348 2720 1378 2760 S
1393 2720 1432 2759 V
1583 2733 1630 2759 12
1656 2735 1762 2773 προσ

96 2777 395 2829 συμμίσγοντες
418 2776 457 2815 R
677 2789 725 2825 13
757 2777 813 2817 εἷς
836 2775 875 2813 R
892 2775 931 2814 V
1079 2774 1359 2827 συμμιχθέωσι
1381 2775 1420 2814 Α
1440 2775 1472 2814 Β
1489 2775 1522 2813 C
1547 2775 1673 2828 (ξυμ.)
1699 2775 1760 2813 P:

96 2835 351 2883 συμμιχθῶσι
374 2831 414 2870 R
430 2831 510 2871 SV
654 2843 701 2880 15
731 2830 880 2871 ποιέειν
903 2830 938 2868 C
1050 2830 1177 2871 πάλαι
1202 2830 1239 2868 R
1257 2830 1287 2868 S
1302 2830 1339 2868 V
1486 2843 1534 2868 21
1570 2829 1707 2871 εἰκότα
1729 2829 1761 2868 S

94 2897 148 2924 22
194 2889 394 2926 διεστῶτα
433 2887 467 2924 C
492 2886 526 2924 P
548 2886 584 2923 R
609 2885 640 2924 S
661 2886 700 2923 V
884 2898 935 2935 23
977 2887 1052 2926 κᾶν
1080 2885 1121 2923 Α
1143 2886 1176 2923 Β
1202 2885 1235 2923 C
1259 2885 1293 2923 P
1477 2898 1528 2935 24
1574 2885 1760 2937 φαίνεται

93 2939 280 2995 ᾼΒΕΡ

1797 2317 1890 2364 130
