2132 3340
789 99 1166 147 ΙΣΤΟΡΙΩΝ
1228 99 1277 146 Η

188 231 490 297 Ἀλπηνοῖσι
520 232 902 299 ὀφθαλμιῶντες
940 234 990 286 ἐς
1027 231 1084 283 τὸ
1116 232 1355 301 ἔσχατον,
1388 227 1418 296 ἢ
1452 234 1499 284 εἵ
1525 254 1583 299 γε
1613 232 1680 298 μὴ
1712 233 1862 298 ἐβού-

187 324 340 368 λοντο
375 319 637 380 νοστῆσαι,
672 317 945 368 ἀποθανεῖν
981 315 1083 382 ἅμα
1118 323 1252 368 τοῖσι
1288 316 1513 374 ἄλλοισι,
1547 318 1733 383 παρεόν
1766 325 1864 384 σφι

189 402 375 453 τούτων
414 403 475 453 τὰ
516 401 659 467 ἕτερα
701 400 890 452 ποιέειν
931 401 1018 452 οὐκ
1059 403 1302 465 ἐθελῆσαι
1345 400 1690 468 ὁμοφρονέειν,
1729 403 1863 453 ἀλλὰ

189 486 360 557 γνώμῃ
393 484 755 552 διενειχθέντας
788 485 1008 551 Εὔρυτον
1043 487 1135 550 μὲν
1174 486 1449 549 πυθόμενον
1485 490 1585 537 τῶν
1619 485 1862 552 Περσέων

142 595 164 637 5
189 570 280 634 τὴν
324 570 555 637 περίοδον
603 567 879 633 αἰτήσαντά
930 591 984 621 τε
1035 572 1095 620 τὰ
1148 571 1284 622 ὅπλα
1331 570 1411 622 καὶ
1460 570 1668 621 ἐνδύντα
1721 570 1861 637 ἄγειν

191 653 340 706 αὐτὸν
387 658 620 706 κελεῦσαι
659 652 747 705 τὸν
791 654 971 704 εἵλωτα
1012 655 1062 707 ἐς
1104 653 1217 706 τοὺς
1265 653 1596 722 μαχομένους,
1641 655 1768 708 ὅκως
1807 658 1861 707 δὲ

190 738 339 790 αὐτὸν
382 738 556 806 ἤγαγε,
604 737 688 792 τὸν
740 740 832 803 μὲν
878 739 1132 805 ἀγαγόντα
1176 740 1410 807 οἴχεσθαι
1455 739 1726 806 φεύγοντα,
1774 739 1861 791 τὸν

115 876 117 879 ,
190 825 243 875 δὲ
288 824 575 875 ἐσπεσόντα
627 825 680 877 ἐς
732 822 820 874 τὸν
871 824 1050 888 ὅμιλον
1095 826 1444 890 διαφθαρῆναι,
1494 823 1860 890 Ἀριστόδημον

0 914 168 1013 stan*-
189 892 243 959 δὲ
272 905 656 974 λιποψῃχέοντα
686 910 972 974 λειφθῆναι.
1049 909 1092 959 εἰ
1122 906 1214 972 μέν
1245 929 1332 959 νυν
1351 930 1380 972 η
1411 913 1593 973 μοῦνον
1626 908 1857 975 Ἀριστό-

114 1016 164 1046 10
188 994 342 1057 δημον
395 990 693 1059 ἀλγήσαντα
740 993 1087 1056 ἀπονοστῆσαι
1139 994 1190 1046 ἐς
1241 991 1477 1059 Σπάρτην
1527 989 1557 1056 ἢ
1606 993 1684 1044 καὶ
1737 995 1861 1059 ὁμοῦ

189 1082 366 1144 σφεων
407 1075 706 1143 ἀμφοτέρων
742 1098 832 1141 την
872 1077 1075 1142 κομιδην
1111 1075 1365 1144 γενέσθαι,
1400 1076 1588 1129 δοκέειν
1626 1078 1735 1143 ἐμοὶ
1771 1077 1858 1130 οὐκ

187 1160 248 1213 ἄν
281 1167 378 1228 σφι
408 1159 721 1228 Σπαρτιήτας
750 1164 897 1226 μῆνιν
927 1162 1157 1227 οὐδεμίαν
1181 1161 1514 1228 προσθέσθαι·
1568 1167 1655 1214 νῦν
1687 1165 1740 1214 δὲ
1771 1167 1859 1214 τοῦ

185 1247 277 1312 μὲν
320 1246 481 1297 αὐτῶν
526 1245 854 1311 ἀπολομένου,
902 1251 988 1298 τοῦ
1042 1249 1095 1298 δὲ
1146 1249 1234 1311 τῆς
1283 1248 1375 1311 μὲν
1419 1246 1570 1311 αὐτῆς
1616 1246 1857 1315 ἐχομένου

187 1329 487 1398 προφάσιος,
514 1330 598 1381 οὐκ
622 1329 956 1394 ἐθελήσαντος
988 1334 1041 1383 δὲ
1073 1328 1427 1402 ἀποθνῄσκειν,
1456 1332 1736 1398 ἀναγκαίως
1761 1339 1859 1399 σφι

114 1439 160 1481 ¹5
188 1413 323 1483 ἔχειν
366 1419 574 1480 μηνῖσαι
616 1414 849 1482 μεγάλως
902 1414 1265 1484 Ἀριστοδήμῳ.
1373 1418 1418 1467 οἱ
1463 1415 1555 1481 μέν
1600 1438 1686 1468 νυν
1732 1418 1857 1468 οὕτω

188 1501 410 1563 σωθῆναι
439 1498 650 1566 λέγουσι
673 1498 1035 1566 Ἀριστόδημον
1061 1502 1110 1552 ἐς
1135 1498 1369 1566 Σπάρτην
1394 1501 1472 1551 καὶ
1493 1503 1572 1551 διὰ
1596 1501 1858 1568 πρόφασιν

139 1606 144 1610 ·
187 1581 397 1647 τοιήνδε,
450 1585 496 1635 οἱ
548 1586 601 1635 δὲ
649 1582 867 1650 ἄγγελον
914 1583 1209 1652 πεμφθέντα
1258 1585 1312 1635 ἐκ
1358 1589 1444 1636 τοῦ
1497 1584 1855 1651 στρατοπέδου,

132 1671 138 1676 ’
189 1666 327 1732 ἐξεὸν
357 1668 485 1737 αὐτῷ
518 1673 828 1734 καταλαβεῖν
858 1668 948 1732 τὴν
977 1667 1146 1737 μάχην
1176 1667 1445 1735 γινομένην
1476 1670 1563 1721 οὐκ
1594 1672 1853 1735 ἐθελῆσαι,

187 1752 302 1804 ἀλλ’
333 1753 667 1818 ὑπομείναντα
698 1754 753 1804 ἐν
783 1760 843 1825 τῇ
874 1754 969 1823 ὁδῷ
1001 1753 1371 1820 περιγενέσθαι,
1407 1759 1490 1805 τὸν
1522 1757 1575 1806 δὲ
1608 1754 1854 1822 συνάγγε-

113 1862 163 1890 20
184 1842 278 1888 λον
296 1837 444 1888 αὐτοῦ
464 1837 766 1902 ἀπικόμενον
791 1838 840 1890 ἐς
862 1836 952 1901 τὴν
975 1837 1142 1905 μάχην
1166 1838 1450 1890 ἀποθανεῖν.
1480 1838 1857 1903 ἀπονοστήσας

185 1923 239 1972 δὲ
292 1923 342 1974 ἐς
392 1922 739 1986 Λακεδαίμονα
785 1923 812 1972 ὁ
863 1921 1226 1988 Ἀριστόδημος
1274 1923 1465 1976 ὄνειδός
1516 1945 1570 1989 τε
1619 1922 1726 1992 εἶχε
1780 1924 1858 1975 καὶ

0 2051 32 2095 ι
185 2006 400 2071 ἀτιμίην·
464 2004 678 2074 πάσχων
720 2008 774 2058 δὲ
809 2005 975 2058 τοιάδε
1010 2005 1244 2071 ἠτίμωτο·
1332 2007 1444 2058 οὔτε
1482 2010 1527 2059 οἱ
1565 2012 1661 2074 πῦρ
1698 2007 1858 2062 οὐδεὶς

1909 99 2022 149 VII.
2050 113 2132 159 22!

1896 1431 2001 1478 230

1895 1855 1986 1902 231

0 2097 129 2157 Μ
185 2089 328 2155 ἔναυε
359 2089 707 2157 Σπαρτιητέων
738 2090 850 2142 οὔτε
876 2090 1145 2158 διελέγετο,
1179 2092 1367 2143 ὄνειδός
1397 2113 1451 2143 τε
1483 2092 1588 2160 εἶχε
1619 2093 1646 2142 ὁ
1675 2092 1858 2159 τρεζσας
1877 2111 2132 2142 maneum·

185 2173 545 2240 Ἀριστόδημος
577 2175 892 2240 καλεόμενος.
975 2174 1091 2226 ἀλλ’
1124 2176 1150 2225 ὁ
1179 2178 1270 2240 μὲν
1303 2177 1356 2227 ἐν
1387 2176 1446 2247 τῇ
1480 2178 1532 2228 ἐν
1565 2178 1856 2248 Πλαταιῇσι

3 2258 159 2323 tan-‘25
183 2257 319 2330 μάχῃ
350 2258 573 2329 ἀνέλαβε
603 2262 773 2311 πᾶσαν
803 2259 893 2323 τὴν
926 2261 1307 2328 ἐπενειχθεῖσαν
1339 2261 1518 2325 αἰτίην.
1565 2259 1772 2327 λέγεται
1803 2265 1855 2314 δὲ

186 2343 264 2394 καὶ
293 2341 456 2395 ἄλλον
486 2341 882 2410 ἀποπεμφθέντα
911 2342 1133 2411 ἄγγελον
1169 2346 1219 2397 ἐς
1252 2346 1556 2409 Θεσσαλίην
1588 2350 1687 2396 τῶν
1717 2366 1851 2411 τριη-

184 2428 369 2479 κοσίων
412 2428 596 2479 τούτων
641 2426 1006 2494 περιγενέσθαι,
1055 2433 1122 2498 τῷ
1174 2428 1361 2494 οὔνομα
1407 2427 1532 2480 εῖναι
1579 2430 1852 2494 Παντίτην·

236 2579 262 2604 2
292 2563 527 2606 ἆποθανέειν
548 2563 582 2602 L
763 2577 788 2614 3
820 2563 1021 2614 ἐθέλησαν
1041 2564 1080 2603 Α
1094 2564 1129 2603 Β
1145 2564 1180 2603 C
1360 2579 1384 2614 4
1415 2565 1695 2617 διενεχθέντας
1715 2566 1755 2605 Α
1769 2567 1804 2605 Β
1819 2567 1854 2606 C

181 2634 209 2671 9
238 2620 563 2672 λειποψυχέοντα
584 2619 618 2658 C
632 2618 665 2657 P
681 2618 719 2657 R
736 2618 766 2658 S
785 2633 794 2658 ε
825 2618 1135 2671 φιλοψυχέοντα
1156 2618 1424 2659 Valckenaer
1577 2621 1602 2669 ἢ
1626 2621 1775 2661 Stein:
1803 2621 1854 2669 ἠν

181 2674 222 2712 Α
235 2674 270 2712 Β
284 2674 318 2713 C
333 2674 366 2713 P
385 2689 394 2713 :
418 2686 499 2713 om.
534 2673 572 2711 R
589 2674 671 2713 SV
688 2689 696 2713 :
727 2672 918 2726 (συνέβη)
947 2675 972 2723 ἢ
1004 2674 1218 2713 Richards
1390 2688 1440 2714 10
1469 2675 1713 2727 ἀλγήσαντα
1742 2675 1776 2715 C
1792 2676 1854 2717 Ρ.
1843 2691 1854 2702 ·

131 2775 133 2777 ,
182 2729 450 2781 ἀλογήσαντα
470 2728 558 2767 rell.
718 2736 778 2766 '11
814 2729 898 2779 ἐμοὶ
920 2741 1001 2766 om.
1029 2730 1068 2768 R
1084 2728 1114 2767 S
1127 2728 1167 2766 V
1338 2742 1385 2767 12
1416 2728 1630 2782 προθέσθαι
1652 2729 1701 2768 Ρ1
1717 2730 1755 2768 R
1771 2730 1802 2770 S
1815 2731 1853 2769 V

183 2786 264 2824 νυνὶ
285 2785 325 2823 Α
340 2784 374 2822 Β
388 2783 421 2822 C
436 2783 469 2821 P
656 2796 704 2832 13
735 2785 865 2824 αὐτῶν
886 2795 967 2823 orn.
995 2782 1029 2822 P
1156 2783 1485 2835 ἀπολογουμένου
1507 2783 1541 2822 C
1727 2799 1775 2835 14
1806 2788 1851 2826 οὐ

182 2838 432 2887 θελήσαντος
451 2837 490 2877 Α
505 2838 539 2876 Β
557 2838 590 2876 C
750 2839 799 2876 18
829 2838 908 2887 τὴν
927 2838 1067 2890 μάχην
1087 2842 1341 2886 καταλαβεῖν
1364 2838 1402 2876 R
1419 2838 1449 2877 S
1462 2838 1502 2877 V
1640 2852 1690 2878 21
1723 2843 1744 2880 ὁ
1766 2852 1846 2881 om.

120 2920 125 2933 .·
185 2891 367 2931 PRSV
506 2892 658 2944 εῖχεζν)
702 2891 851 2934 ὄνειδός
889 2909 936 2933 τε
973 2893 1109 2932 ABC
1303 2906 1356 2941 24
1395 2896 1448 2947 τῇ
1482 2892 1545 2945 ἐν]
1583 2897 1680 2942 τῆσι
1715 2894 1755 2933 R
1771 2894 1853 2934 SV

183 2948 469 2999 Πλαταίη(ι)σι
489 2947 529 2986 Α
542 2946 576 2985 Β
590 2947 623 2986 C
639 2947 679 2987 R
693 2947 731 2986 V
861 2959 912 2999 25
944 2950 1235 3001 ἐπενεχθεῖσαν
1257 2948 1291 2987 L
1420 2949 1475 2986 26
1504 2949 1796 3002 ἇποπεμφέντα
1815 2950 1849 2988 C

183 3014 235 3052 27
266 3003 463 3052 Παντίτηι
486 3002 519 3042 C

238 3069 339 3096 flor.
365 3070 410 3098 11.
1635 3059 1684 3106 17

1893 2273 1991 2328 232
