2164 3340
52 111 138 182 Ἦ.
163 114 234 175 58·

887 109 1315 173 ΗΡΟΔΟΤΟΎ

268 239 476 308 γεγονὸς
520 242 643 293 κατὰ
683 243 855 314 πᾶσαν
896 240 986 304 τὴν
1029 238 1337 304 Λακωνικήν,
1381 241 1504 292 κατὰ
1543 242 1598 292 δὲ
1644 238 1735 303 τὴν
1782 239 1931 292 πόλιν

267 329 495 392 γυναῖκες
536 329 818 391 περιιοῦσαι
856 322 1081 390 λέβητας
1123 323 1398 391 κροτέουσι.
1489 325 1640 377 ἐπεὰν
1681 321 1749 375 ὧν
1788 328 1931 375 τοῦτο

269 409 474 476 γένηται
504 413 744 468 τοιοῦτον,
779 408 968 477 ἀνάγκη
1003 407 1060 474 ἐξ
1098 410 1255 474 οἰκίης
1285 408 1500 474 ἑκάστης
1530 399 1818 474 ἐλευθέρους
1847 407 1933 459 δύο

272 493 696 558 καταμιαίνεσθαι,
725 493 878 560 ἄνδρα
901 495 955 546 τε
978 494 1059 546 καὶ
1083 498 1307 560 γυναῖκα·
1355 493 1420 558 μὴ
1446 491 1691 557 ποιήσασι
1714 494 1767 544 δὲ
1788 495 1932 543 τοῦτο

274 579 437 642 ζημίαι
464 576 681 644 μεγάλαι
718 576 987 630 ἐπικέαται.
1068 578 1217 643 νόμος
1247 579 1301 630 δὲ
1329 581 1463 629 τοῖσι
1494 576 1932 641 Λακεδαιμονίοισι

220 720 225 722 ξ
273 664 395 713 κατὰ
411 666 509 713 τῶν
518 660 781 727 βασιλέων
799 662 912 715 τοὺς
925 660 1164 715 θανάτους
1176 661 1286 713 ἐστὶ
1306 661 1459 714 ὡυτὸς
1479 662 1558 713 καὶ
1578 666 1711 712 τοῖσι
1729 659 1926 726 βαρβά-

268 767 406 813 ροισι
416 750 548 798 τοῖσι
563 747 685 818 ἐντῇ
704 746 871 817 Ἀσίῃ·
892 748 1094 813 τῶνγὰρ
1105 743 1460 812 ὦνβαρβάρων
1471 747 1517 797 οἱ
1537 749 1747 798 πλεῦνες
1764 744 1931 813 τώυτῷ

270 831 404 900 νόμῳ
424 828 670 898 χρέωνται
690 832 812 881 κατὰ
831 829 944 884 τοὺς
965 828 1204 883 θανάτους
1222 835 1319 881 τῶν
1339 828 1617 895 βασιλέων.
1663 829 1818 881 ἐπεὰν
1836 830 1932 895 γὰρ

269 913 493 985 ἀποθάνῃ
513 914 760 979 βασιλεὺς
771 915 1190 979 Λακεδαιμονίων,
1203 915 1257 965 ἐκ
1277 912 1443 978 πάσης
1463 912 1928 977 δεῖΛακεδαίμονος,

253 998 420 1066 ·χωρὶς
452 997 820 1064 Σπαρτιητέων,
855 999 1042 1068 ἀρῄμῷ
1079 1003 1177 1050 τῶν
1213 998 1476 1065 περιοίκων
1507 996 1850 1064 ἀναγκαστοὺς
1882 998 1932 1050 ἐς

268 1082 326 1134 τὸ
369 1085 513 1146 κῆδος
555 1081 697 1134 ἰέναι·
757 1080 1055 1134 τούτων-ὦν
1097 1082 1315 1134 καὶτῶν
1358 1080 1604 1134 εἱλωτέων
1650 1081 1729 1132 καὶ
1772 1080 1932 1132 αὐτῶν

270 1165 618 1233 Σπαρτιητέων
649 1168 800 1219 ἐπεὰν
832 1165 1187 1234 συλλεχθέωσι
1210 1168 1262 1220 ἐς
1284 1165 1659 1218 τώυτὸπολλαὶ
1689 1163 1928 1232 χιλιάδες,

225 1317 235 1321 „
270 1251 493 1318 σύμμιγα
523 1252 642 1322 τῇσι
672 1249 865 1318 γυναιξὶ
890 1251 1155 1303 κόπτονταί
1180 1252 1318 1303 τετᾶ
1341 1249 1545 1316 μέτωπα
1568 1250 1828 1317 προθύμως
1852 1249 1931 1300 καὶ

0 1673 227 1820 αῶξς

155 2175 230 2224 60

269 1336 458 1407 οἰμωγῇ
512 1334 836 1403 διαχρέωνται
889 1333 1104 1404 ἀπλέτῳ,
1161 1333 1376 1402 φάμενοι
1426 1334 1514 1386 τὸν
1564 1336 1782 1386 ὕστατον
1834 1333 1931 1384 αἰεὶ

269 1419 635 1485 ἀπογενόμενον
670 1424 769 1471 τῶν
806 1418 1083 1485 βασιλέων,
1121 1424 1293 1471 τοῦτον
1333 1419 1391 1483 δὴ
1430 1417 1666 1485 γενέσθαι
1705 1417 1928 1483 ἄριστον.

267 1501 322 1556 ὃς
346 1502 387 1554 δ’
407 1502 468 1554 ἂν
488 1504 542 1555 ἐν
564 1502 770 1573 πολέμῳ
794 1508 892 1556 τῶν
915 1501 1178 1569 βασιλέων
1202 1501 1442 1574 ἀποθάνῃ,
1465 1502 1621 1571 τούτῳ
1645 1504 1698 1554 δὲ
1724 1502 1931 1553 εἴδωλον

269 1586 604 1641 σκευάσαντες
642 1589 696 1640 ἐν
734 1589 878 1659 κλίνῃ
910 1588 963 1639 εὖ
993 1586 1282 1658 ἐστρωμένῃ
1322 1585 1604 1654 ἐκφέρουσι.
1695 1587 1846 1638 ἐπεὰν
1876 1586 1931 1636 δὲ

268 1669 492 1738 θάψωσι,
516 1671 670 1738 ἀγορὴ
690 1670 808 1725 δέκα
827 1670 1051 1738 ἡμερέων
1069 1671 1156 1723 οὐκ
1175 1672 1378 1723 ἵσταταί
1396 1676 1493 1737 σφι
1512 1669 1611 1723 οὐδ’
1634 1670 1927 1737 ἀρχαιρεσίη

269 1757 470 1819 συνίζει,
503 1756 636 1807 ἀλλὰ
667 1754 935 1808 πενθέουσι
964 1755 1143 1809 ταύτας
1172 1758 1260 1809 τὰς
1296 1754 1497 1822 ἡμέρας.
1589 1753 1930 1821 συμφέρονται

268 1842 320 1891 δὲ
361 1839 489 1890 ἄλλο
533 1834 703 1906 [οὗτοι]
746 1840 862 1892 τόδε
904 1845 1039 1892 τοῖσι
1082 1839 1334 1911 Πέρσῃσι·
1396 1840 1547 1892 ἐπεὰν
1592 1837 1929 1891 ἀποθανόντος

267 1927 352 1974 τοῦ
397 1923 647 1988 βασιλέος
695 1923 851 1978 ἄλλος
898 1925 1153 1988 ἐνίστηται
1199 1923 1464 1989 βασιλεύς,
1515 1923 1657 1976 οὗτος
1705 1923 1732 1972 ὃ
1776 1922 1929 1973 ἐσιὼν

269 2009 524 2074 ἐλευθεροῖ
555 2009 695 2062 ὅστις
731 2029 777 2060 τι
813 2006 1161 2075 Σπαρτιητέων
1197 2013 1265 2078 τῷ
1302 2006 1511 2073 βασιλέϊ
1541 2003 1571 2071 ἢ
1602 2011 1670 2076 τῷ
1708 2006 1928 2075 δημοσίῳ

268 2091 472 2157 ὤφειλε.
563 2094 616 2144 ἐν
657 2092 700 2143 δ’
731 2092 790 2144 αὗ
831 2091 1069 2163 Πέρσῃσι
1105 2092 1131 2142 ὁ
1168 2091 1525 2157 κατιστάμενος
1561 2089 1808 2156 βασιλεὺς
1841 2089 1928 2141 τὸν

269 2177 698 2242 προοφειλόμενον
729 2177 887 2243 φόρον
909 2177 1066 2240 μετίει
1095 2184 1214 2248 τῇσι
1243 2177 1422 2228 πόλισι
1445 2174 1656 2247 πάσῃσι.
1732 2171 1925 2240 συμφέ-

266 2280 438 2324 ρονται
477 2263 530 2311 δὲ
567 2260 645 2311 καὶ
680 2259 798 2311 τάδε
835 2261 1150 2326 Αἰγυπτίοισι
1186 2260 1582 2325 Λακεδαιμόνιοι·
1641 2260 1687 2310 οἱ
1726 2256 1927 2324 κήρυκες

190 2391 199 2395 „
232 2347 236 2349 ’
268 2344 426 2395 αὐτῶν
471 2345 550 2395 καὶ
589 2344 798 2408 αὐληταὶ
841 2343 921 2395 καὶ
965 2342 1513 2415 μάγειροι-ἐκδέκονται
1551 2344 1639 2397 τὰς
1677 2342 1927 2408 πατρωίας

266 2425 463 2494 τέχνας,
519 2428 597 2479 καὶ
649 2426 865 2492 αὐλητής
917 2448 971 2479 τε
1029 2426 1251 2492 αὐλητέω
1309 2428 1500 2494 γίνεται
1558 2426 1638 2479 καὶ
1694 2425 1927 2493 μάγειρος

267 2513 507 2578 μαγείρου
567 2512 645 2563 καὶ
705 2510 857 2578 κῆρυξ
913 2509 1133 2577 κήρυκος·
1229 2511 1285 2564 οὐ
1352 2513 1475 2564 κατὰ
1531 2510 1927 2578 λαμπροφωνίην

323 2659 348 2684 2
378 2645 542 2696 λέβητα
561 2646 600 2685 Α
613 2647 648 2685 Β
664 2647 698 2685 C
809 2647 878 2688 οὖν
907 2648 945 2686 R
957 2647 996 2685 V
1159 2660 1185 2697 3
1212 2647 1377 2700 γίνηται
1396 2647 1438 2687 Α
1450 2647 1485 2685 Β
1502 2647 1542 2685 R
1555 2647 1593 2685 V
1607 2646 1659 2685 Ρο
1768 2649 1928 2686 τοιοῦτο

268 2699 452 2739 ABCP
648 2715 669 2751 7
699 2701 1061 2742 &vom.PRSV
1215 2701 1554 2755 τῷαῦτῷΑΒΟ
1751 2713 1795 2738 11
1829 2701 1928 2741 εἷναι

272 2755 312 2792 R
327 2754 408 2793 SV
519 2757 584 2796 καὶ
606 2759 736 2797 αὐτῶν
756 2761 907 2809 Σπαρτ.
931 2770 1014 2795 om.
1041 2756 1079 2794 R
1096 2757 1177 2795 SV
1296 2769 1344 2806 13
1373 2760 1481 2797 τοῖσι
1503 2755 1593 2794 RV
1692 2755 1744 2795 τὰ
1763 2753 1929 2804 μέτωπα

269 2821 350 2847 orn.
375 2809 406 2847 S
602 2823 649 2859 14
681 2812 739 2850 ἀεὶ
761 2810 798 2847 Α
813 2810 847 2848 Β
1045 2813 1094 2850 16
1122 2810 1268 2851 τούτου
1289 2810 1450 2850 Reiske
1632 2823 1686 2848 20
1715 2807 1822 2850 οὗτοι
1841 2821 1923 2847 om.

269 2862 310 2900 A
325 2863 407 2902 BC
535 2863 634 2915 τόγε
665 2865 699 2903 C
920 2877 966 2902 21
1008 2869 1080 2906 τοῦ
1096 2894 1106 2903 .
1126 2895 1135 2904 .
1157 2895 1166 2904 .
1189 2866 1397 2913 ἐνίστηται
1429 2864 1556 2916 (-αται
1587 2864 1639 2912 C)
1671 2876 1753 2902 om.
1785 2863 1824 2901 R
1843 2863 1872 2900 S
1889 2862 1927 2899 V

271 2917 407 2959 εἰσιὼν
445 2917 588 2956 ABC
809 2932 861 2957 22
904 2935 945 2959 τι
981 2932 1064 2960 om.
1102 2919 1312 2958 PlRSV
1532 2931 1584 2967 23
1628 2917 1672 2958 ἔν
1704 2933 1748 2957 τε
1786 2917 1926 2956 RSV

271 2983 322 3019 24
353 2971 781 3023 προσοφειλόμενον-Α
795 2972 831 3011 Β
845 2973 877 3012 C
893 2973 924 3012 S
1035 2973 1191 3027 πάσῃσι
1211 2987 1292 3014 om.
1319 2973 1349 3012 S
1363 2974 1400 3012 V

1958 597 1982 641 5.

1961 1017 2009 1049 10

1960 1435 2005 1476 ¹5

1956 1856 2006 1884 20
