2034 3328
45 498 115 544 40

57 1255 114 1303 φ

43 2429 110 2476 42

767 98 1197 149 ΗΡΟΔΟΤΟΎ

157 230 494 303 Σπαρτιήτῃσι
529 230 746 296 ἁδήσεις.
835 232 861 282 6
897 230 939 283 δ’
971 231 1207 297 ἀμείβετο
1238 232 1338 298 φὰς
1372 229 1557 283 τούτων
1587 229 1818 298 οὐδέτερα

155 315 400 380 ποιήσειν,
434 317 649 368 ἐκείνους
678 311 732 367 τε
763 315 820 367 οὗ
851 320 1013 369 καλῶς
1047 315 1412 382 συμβουλεύειν
1442 314 1815 382 παραινέοντας,

155 400 244 464 τὴν
267 400 373 468 ἔχει
395 405 617 466 γυναῖκα,
645 401 827 452 ἐοῦσαν
855 398 1198 467 ἀναμάρτητον
1223 402 1400 470 ἑωυτῷ,
1426 396 1609 464 ταύτην
1632 397 1820 452 ἀπέντα

155 484 317 548 ἄλλην
353 482 712 551 ἐσαγαγέσθαι·
758 483 871 536 οὐδέ
911 491 1010 551 σφι
1049 485 1333 536 πείσεσθαι.
1420 482 1542 549 πρὸς
1580 487 1736 535 ταῦτα
1771 485 1818 535 οἱ

154 568 329 635 ἔφοροι
361 568 439 619 καὶ
469 571 514 620 οἱ
544 566 774 635 γέροντες
803 567 1203 634 βουλευσάμενοι
1232 566 1550 635 προσέφερον
1571 565 1814 632 Ἀναξαν-
1842 587 1865 628 5

153 654 291 723 δρίδῃ
321 651 452 703 τάδε·
499 651 643 703 Ἐπεὶ
677 653 843 704 τοίνυν
872 648 984 718 [τοι]
1014 653 1370 720 περιεχόμενόν
1406 673 1467 703 σε
1505 652 1695 718 ὁρῶμεν
1729 654 1818 716 τῆς

154 737 287 804 ἔχεις
310 737 554 802 γυναικός,
582 736 646 788 σὺ
676 739 729 788 δὲ
759 740 912 801 ταῦτα
934 738 1072 788 ποίεε
1095 736 1175 787 καὶ
1203 735 1271 801 μὴ
1296 737 1555 801 ἀντίβαινε
1577 735 1815 796 τούτοισι,

153 821 234 871 ἵνα
283 818 349 885 μή
402 841 449 872 τι
500 822 708 872 ἀλλοῖον
759 820 869 887 περὶ
921 824 1012 872 σεῦ
1062 823 1365 887 Σπαρτιῆται
1421 820 1814 885 βουλεύσωνται.

153 903 382 970 γυναικὸς
410 907 501 970 μὲν
531 907 618 969 τῆς
650 904 783 972 ἔχεις
812 905 869 958 οὐ
899 902 1243 971 προσδεόμεθά
1273 925 1364 956 σευ
1391 906 1479 968 τῆς
1509 902 1720 969 ἐξέσιος,
1753 904 1818 956 σὺ

154 991 206 1040 δὲ
235 988 386 1060 ταύτῃ
409 1010 462 1041 τε
492 987 654 1041 πάντα
682 990 781 1039 ὅσα
808 993 894 1040 νῦν
918 987 1153 1057 παρέχεις
1182 987 1373 1057 πάρεχε
1403 988 1482 1040 καὶ
1510 987 1673 1054 ἄλλην
1695 988 1818 1055 πρὸς
1847 1007 1895 1036 10

153 1072 304 1144 ταύτῃ
350 1071 569 1140 ἐσάγαγε
612 1077 820 1140 γυναῖκα
865 1073 1172 1125 τεκνοποιόν.
1257 1072 1410 1124 ταῦτά
1459 1093 1518 1144 κῃ
1564 1064 1816 1140 λεγόντων

154 1157 474 1226 συνεχώρησε
519 1158 545 1208 6
584 1155 979 1223 Ἀναξανδρίδης,
1020 1159 1145 1222 μετὰ
1189 1159 1242 1209 δὲ
1284 1162 1518 1224 γυναῖκας
1560 1156 1691 1225 ἔχων
1730 1156 1817 1208 δύο

153 1239 290 1305 διξὰς
315 1242 475 1294 ἱστίας
506 1243 650 1300 οἴκεε,
676 1240 859 1294 ποιέων
882 1241 1103 1307 οὐδαμῶς
1126 1240 1476 1308 Σπαρτιητικά.
1548 1242 1732 1310 χρόνου
1761 1243 1815 1293 δὲ

149 1325 209 1377 οὐ
247 1330 440 1377 πολλοῦ
480 1326 763 1379 διελθόντος
802 1326 831 1390 ἡ
872 1325 1146 1392 ἐσύστερον
1182 1326 1466 1378 ἐπελθοῦσα
1503 1325 1626 1393 γυνῆ
1661 1327 1815 1378 τίκτει

150 1408 238 1461 τὸν
278 1409 334 1473 δὴ
374 1409 658 1474 Κλεομένεα
697 1414 885 1461 τοῦτον.
975 1410 1053 1460 καὶ
1091 1411 1210 1474 αὕτη
1247 1431 1302 1461 τε
1341 1410 1553 1476 ἔφεδρον
1592 1408 1816 1475 βασιλέα
1843 1428 1889 1470 15
1911 1475 1922 1480 μ

150 1492 489 1565 Σπαρτιήτῃσι
532 1493 779 1561 ἀπέφαινε
824 1495 903 1546 καὶ
946 1494 977 1559 ἡ
1021 1493 1231 1561 προτέρη
1276 1493 1398 1560 γυνὴ
1443 1493 1531 1546 τὸν
1575 1494 1815 1560 πρότερον

149 1579 334 1644 χρόνον
365 1577 539 1631 ἄτοκος
569 1580 723 1629 ἐοῦσα
751 1578 864 1630 τότε
897 1599 991 1631 κως
1022 1578 1217 1642 ἐκύησε,
1245 1578 1486 1649 συντυχίῃ
1509 1578 1660 1650 ταύτῃ
1689 1599 1811 1646 χρη-

152 1661 359 1726 σαμένη.
433 1662 649 1729 ἔχουσαν
680 1665 732 1714 δὲ
762 1661 914 1726 αὐτὴν
938 1661 1114 1726 ἀληθέϊ
1142 1663 1278 1731 λόγῳ
1310 1664 1357 1713 οἱ
1387 1665 1474 1727 τῆς
1504 1661 1815 1727 ἐπελθούσης

149 1745 377 1812 γυναικὸς
407 1744 583 1809 οἰκήιοι
613 1746 880 1811 πυθόμενοι
910 1746 1120 1813 ὤχλεον,
1155 1745 1371 1813 φάμενοι
1399 1745 1551 1809 αὐτὴν
1582 1745 1814 1811 κομπέειν

148 1828 318 1883 ἄλλως
339 1828 653 1894 βουλομένην
673 1829 1040 1895 ὑποβαλέσθαι.
1108 1832 1243 1882 δεινὰ
1267 1832 1320 1882 δὲ
1343 1830 1614 1882 ποιεύντων
1636 1829 1811 1889 αὐτῶν,
1841 1849 1892 1879 20

146 1918 235 1964 τοῦ
268 1915 449 1981 χρόνου
485 1913 861 1978 συντάμνοντος,
894 1914 974 1966 ὑπ’
1005 1915 1238 1978 ἀπιστίης
1268 1916 1314 1966 οἱ
1346 1914 1520 1982 ἔφοροι
1548 1915 1815 1966 τίκτουσαν
1849 1900 1862 1912 “

147 1997 237 2061 τὴν
267 2002 473 2063 γυναῖκα
501 1998 828 2063 περιιζόμενοι
859 1996 1132 2064 ἐφύλαξαν.
1198 1998 1228 2063 ἡ
1260 2001 1313 2050 δὲ
1343 1998 1409 2052 ὡς
1438 1997 1573 2050 ἔτεκε
1598 1997 1810 2064 Δωριέα,

148 2079 290 2134 ἰθέως
314 2083 451 2148 ἴσχει
473 2083 725 2145 Λεωνίδην
749 2083 827 2134 καὶ
849 2083 972 2147 μετὰ
993 2086 1165 2134 τοῦτον
1190 2081 1332 2135 ἰθέως
1353 2084 1491 2150 ἴσχει
1516 2083 1810 2150 Κλεόμβρο-

146 2186 250 2216 τον·
317 2166 362 2216 οἱ
420 2168 472 2216 δὲ
532 2164 609 2216 καὶ
667 2165 892 2231 διδύμους
949 2165 1160 2233 λέγουσι
1211 2166 1568 2232 Κλεόμβροτόν
1618 2172 1672 2218 τε
1733 2166 1813 2218 καὶ

148 2250 400 2312 Λεωνίδην
449 2248 698 2314 γενέσθαι.
790 2250 819 2314 ἡ
871 2252 926 2301 δὲ
978 2249 1268 2315 Κλεομένεα
1319 2255 1531 2301 τεκοῦσα
1590 2250 1668 2301 καὶ
1719 2245 1812 2318 [τὸ]
1837 2269 1887 2310 25

148 2333 373 2399 δεύτερον
410 2334 690 2383 ἐπελθοῦσα
730 2333 868 2399 γυνή,
913 2335 1067 2384 ἐοῦσα
1108 2332 1324 2400 θυγάτηρ
1363 2333 1682 2401 Πρινητάδεω
1725 2339 1812 2385 τοῦ

151 2415 492 2482 Δημαρμένου,
516 2415 676 2467 οὐκέτι
701 2417 858 2468 ἔτικτε
877 2416 934 2468 τὸ
954 2417 1196 2484 δεύτερον.
1260 2419 1287 2467 6
1317 2419 1407 2482 μὲν
1427 2417 1485 2481 δὴ
1508 2417 1810 2483 Κλεομένης,
1871 2478 1885 2490 ⁶
2023 2475 2026 2478 ,

149 2500 213 2552 ὡς
243 2499 458 2565 λέγεται,
492 2498 552 2563 ἦν
580 2521 633 2551 τε
664 2500 721 2551 οὐ
752 2499 998 2567 φρενήρης
1035 2499 1313 2567 ἀκρομανής
1342 2521 1412 2559 τε,
1446 2502 1472 2552 6
1508 2504 1560 2552 δὲ
1593 2453 2034 2568 Δωριεὺςδιῗιᾶ

148 2583 209 2646 ἧν
237 2588 335 2633 τῶν
361 2583 549 2647 ἡλίκων
580 2583 778 2635 πάντων
808 2589 1014 2651 πρῶτος,
1048 2584 1100 2636 εῦ
1135 2606 1189 2636 τε
1226 2585 1464 2637 ἐπίστατο
1502 2585 1606 2636 κατ’
1637 2586 1811 2652 ἀνδρα·

147 2668 323 2733 γαθίην
354 2666 498 2719 αὐτὸς
529 2666 741 2734 σχήσων
771 2667 860 2732 τὴν
891 2670 1183 2733 βασιληίην.
1268 2669 1400 2719 ὥστε
1430 2666 1497 2720 ὧν
1529 2669 1653 2720 οὕτω
1685 2675 1806 2736 φρο-
1834 2690 1887 2729 30

201 2815 227 2851 3
258 2804 389 2853 ἑωυτῷ
411 2814 490 2841 om.
517 2802 547 2840 S
659 2806 686 2842 6
713 2820 776 2844 τοι
797 2816 878 2843 om.
905 2803 936 2842 S
1062 2816 1107 2841 11
1140 2803 1294 2852 ταύτην
1315 2802 1367 2842 C1
1485 2816 1533 2842 12
1563 2805 1694 2856 Ἀλεξ.
1718 2805 1806 2845 CV

152 2869 200 2905 13
231 2855 339 2906 διζᾶς
358 2851 396 2894 V
564 2869 611 2906 14
642 2859 812 2911 ὕστερον
834 2861 1112 2899 ἐπεσελθοῦσα
1134 2858 1256 2897 Stein
1412 2859 1462 2896 16
1492 2858 1670 2911 ἀπέφαγε
1693 2859 1723 2898 S
1737 2859 1775 2899 V
1794 2874 1805 2899 :

149 2909 329 2961 ἀπέφηνε
353 2910 475 2949 Stein
646 2924 692 2960 17
723 2913 771 2952 τὸ
790 2910 907 2954 τέκος
926 2912 965 2951 V
1121 2925 1170 2961 19
1197 2911 1410 2963 κομπεύειν
1431 2912 1465 2950 C
1615 2926 1667 2963 24
1697 2931 1748 2955 τε
1770 2914 1802 2953 5

147 2964 261 3004 solus
426 2977 478 3014 25
508 2967 556 3006 τὸ
577 2965 656 3004 del.
684 2964 804 3003 stein
970 2979 1024 3017 29
1052 2968 1255 3016 ἠπίστατο
1278 2966 1462 3006 Bredow
