2132 3340
713 71 1111 120 -ΙΣΤΟΡΙΩΝ
1175 72 1221 119 Η
1853 73 1968 127 VII.
1999 73 2097 124 166

140 223 198 257 ’τε
226 202 332 255 κατ’
358 203 692 270 ἀνδραγαθίην
719 203 1094 271 Καρχηδονίων,
1122 202 1186 257 ὣς
1208 202 1238 267 ἡ
1262 201 1500 268 συμβολή
1532 224 1586 257 τε
1617 203 1810 270 ἐγίνετο

144 289 223 341 καὶ
268 287 333 342 ὦς
375 289 592 340 ἑσσοῦτο
636 294 696 360 τῇ
738 285 892 359 μάχῃ,
941 287 1282 355 ἀφανισθῆναι
1327 286 1652 354 πυνθάνομαι·
1697 288 1810 340 οὔτε

142 375 238 441 γὰρ
271 372 426 437 ζῶντα
457 371 569 424 οὔτε
601 371 916 423 ἀποθανόντα
958 373 1176 439 φανῆναι
1221 372 1438 437 οὐδαμοῦ
1470 374 1578 440 γῆς·
1624 371 1681 424 τὸ
1711 376 1810 425 πᾶν

141 458 238 525 γὰρ
288 454 577 521 ἐπεξελθεῖν
634 453 892 521 διζήμενον
944 454 1164 508 Γέλωνα.
1253 456 1364 508 ἔστι
1415 459 1469 509 δὲ
1517 456 1599 510 ὑπ’
1651 456 1811 509 αὐτῶν
1849 463 1940 524 167

94 564 117 606 5
145 541 502 609 Καρχηδονίων
543 541 626 592 ὅδε
662 540 817 606 λόγος
856 540 1147 607 λεγόμενος,
1188 540 1344 592 οἰκότι
1385 539 1700 608 χρεωμένων,
1745 541 1810 595 ὡς

142 626 188 677 οἱ
227 627 319 691 μὲν
354 623 609 692 βάρβαροι
652 629 786 676 τοῖσι
807 622 1036 689 “Ἐλλησι
1076 620 1149 691 [ἐν
1189 632 1251 697 τῇ
1290 621 1513 696 Σικελίῃ]
1560 625 1810 694 ἐμάχοντο

141 707 202 774 ἐξ
240 709 356 774 ἠοῦς
398 707 664 776 ἀρξάμενοι
707 707 857 777 μέχρι
909 710 1076 774 δείλης
1120 709 1272 777 ὀψίης
1315 706 1416 774 (ἐπὶ
1459 714 1670 761 τοσοῦτο
1715 712 1809 777 γὰρ

140 792 345 860 λέγεται
375 792 586 846 ἑλκύσαι
615 792 706 858 τὴν
737 791 1023 857 σύστασιν),
1058 795 1084 844 ὁ
1115 796 1168 845 δὲ
1199 793 1441 859 Ἀμίλκας
1471 795 1525 845 ἐν
1555 793 1710 864 τούτῳ
1741 799 1808 864 τῷ

141 878 308 948 χρόνῳ
338 875 501 943 μένων
532 879 586 930 ἐν
622 882 689 948 τῷ
732 877 1049 947 στρατοπέδῳ
1094 873 1281 943 [ἐθύετο
1323 875 1421 944 καὶ]
1464 877 1808 945 ἐκαλλιερέετο

67 983 115 1014 ιο
142 962 223 1015 ἐπὶ
254 965 408 1029 πυρῆς
437 960 660 1029 μεγάλης
690 962 898 1027 σώματα
928 963 1025 1014 ὅλα
1063 962 1353 1029 καταγίζων,
1388 962 1504 1014 ἰδὼν
1535 965 1588 1014 δὲ
1618 963 1808 1030 τροπὴν

139 1051 239 1099 τῶν
279 1049 462 1099 ἑωυτοῦ
495 1045 779 1114 γινομένην,
815 1046 880 1100 ὡς
919 1047 1066 1115 ἔτυχε
1107 1045 1420 1099 ἐπισπένδων
1460 1051 1594 1099 τοῖσι
1636 1050 1804 1114 ἱροῖσι,

139 1127 243 1183 ὦσε
267 1130 450 1183 ἑωυτὸν
474 1133 524 1185 ἐς
554 1130 610 1182 τὸ
641 1135 752 1197 πῦρ·
798 1131 923 1182 οὕτω
956 1131 1014 1195 δὴ
1048 1130 1414 1183 κατακαυθέντα
1444 1131 1804 1198 ἀφανισθῆναι.

139 1214 472 1282 ἀφανισθέντι
513 1217 568 1267 δὲ
607 1213 822 1284 Ἀμίλκᾳ
863 1215 1029 1285 τρόπῳ
1077 1218 1176 1267 εἴτε
1218 1215 1422 1285 τοιούτῳ
1468 1215 1533 1270 ὡς
1577 1218 1806 1270 Φοίνικες
1844 1231 1869 1264 2

137 1297 363 1367 λέγουσι,
397 1300 496 1351 εἴτε
526 1298 676 1369 ἑτέρῳ
707 1294 791 1365 [ὡς
826 1299 1162 1368 Καρχηδόνιοι
1193 1299 1271 1351 καὶ
1304 1297 1636 1366 Συρηκόσιοι],
1661 1305 1805 1353 τοῦτο

64 1401 112 1444 15
135 1386 227 1449 μέν
257 1385 304 1436 οἱ
334 1383 524 1442 θύουσι,
556 1387 701 1435 τοῦτο
732 1386 785 1436 δὲ
813 1381 1043 1449 μνήματα
1074 1383 1319 1448 ἐποίησαν
1355 1385 1409 1435 ἐν
1450 1382 1648 1453 πάσῃσι
1687 1392 1805 1458 τῇσι

64 1540 66 1543 .
137 1468 315 1520 πόλισι
345 1473 444 1520 τῶν
475 1469 761 1527 ἀποικίδων,
789 1469 841 1520 ἐν
866 1467 988 1541 αὐτῇ
1019 1489 1073 1520 τε
1095 1467 1337 1535 μέγιστον
1366 1469 1671 1536 Καρχηδόνι.
1743 1472 1804 1521 τὰ

135 1551 228 1618 μὲν
258 1551 355 1605 ἀπὸ
386 1553 616 1617 Σικελίης
647 1557 878 1604 τοσαῦτα.
1603 1593 1890 1641 mma
1909 1583 2038 1630 W
2058 1596 2132 1624 “a

222 1640 513 1704 Κερκυραῖοι
544 1639 598 1689 δὲ
621 1635 738 1688 τάδε
761 1636 1142 1710 ὑποκρινάμενοι
1166 1642 1308 1707 [τοῖσι
1330 1636 1803 1712 ἀγγέλοοισισοιάδς
1818 1631 1998 1731 ,13ιὸῖᾷ
2025 1638 2101 1675 ω’·
2123 1642 2132 1692 1

137 1722 397 1795 'arpino-av·
443 1722 522 1773 καὶ
563 1723 659 1788 γὰρ
689 1720 890 1775 τούτους
930 1721 1324 1788 παρελάμβανον
1356 1724 1402 1774 οἱ
1443 1721 1581 1774 αὐτοὶ
1623 1723 1674 1773 οἵ
1710 1745 1802 1790 περ
1970 1704 2132 1750 ’Μ

23 1844 27 1847 -
61 1825 112 1854 20
135 1806 187 1860 ἔς
217 1807 449 1871 Σικελίην
479 1806 704 1865 ἀπίκατο,
737 1804 976 1873 λέγοντες
1005 1806 1118 1859 τοὺς
1154 1806 1330 1860 αὐτοὺς
1359 1807 1541 1873 λόγους
1578 1806 1692 1861 τοὺς
1724 1809 1800 1860 καὶ

134 1889 256 1957 πρὸς
304 1889 510 1943 Γέλωνα
559 1890 754 1959 ἔλεγον.
842 1892 888 1942 οἱ
941 1893 995 1943 δὲ
1045 1891 1319 1958 παραυτίκα
1374 1893 1467 1956 μὲν
1523 1891 1801 1959 ὑπίσχοντο

133 1973 355 2043 πέμψειν
385 1997 441 2028 τε
478 1976 554 2028 καὶ
596 1974 840 2041 ἀμυνέειν,
876 1973 1148 2043 φράζοντες
1191 1975 1256 2028 ὣς
1297 1976 1354 2027 οὔ
1396 1981 1492 2042 σφι
1533 1976 1798 2042 περιοπτέη

134 2059 244 2111 ἐστὶ
271 2059 302 2125 ἡ
332 2058 521 2114 Ἑλλὰς
550 2058 888 2125 ἀπολλυμένη·
935 2055 996 2123 ἢν
1027 2062 1124 2127 γὰρ
1154 2060 1349 2131 σφαλῇ,
1385 2063 1535 2127 σφεῖς
1564 2082 1623 2127 γε
1653 2060 1798 2112 οὐδὲν

133 2141 263 2196 ἄλλο
296 2140 327 2209 ἢ
367 2145 696 2197 δουλεύσουσι
736 2145 794 2215 τῇ
831 2144 999 2216 πρώτῃ
1044 2149 1144 2196 τῶν
1186 2143 1425 2211 ἡμερέων·
1471 2145 1604 2196 ἀλλὰ
1647 2166 1794 2209 τιμω-

58 2245 106 2287 25
131 2227 309 2294 ρητέον
361 2230 434 2294 εἵη
487 2230 538 2283 ἐς
587 2228 644 2281 τὸ
695 2228 1052 2281 δυνατώτατον.
1137 2229 1461 2295 ὑπεκρίναντο
1518 2231 1609 2294 μὲν
1669 2230 1794 2280 οὕτω
1835 2243 1861 2274 2

133 2312 447 2379 εὐπρόσωπα·
494 2314 600 2366 ε’πεὶ
624 2315 677 2366 δὲ
698 2314 797 2365 ἔδει
815 2311 1065 2378 βοηθέειν,
1090 2312 1224 2364 ἄλλα
1247 2312 1472 2367 νοέοντες
1494 2311 1796 2380 ἐπλήρωσαν

58 2435 65 2453 -7
132 2395 247 2451 νέας
277 2396 531 2462 ἑξήκοντα,
562 2398 708 2464 μόγις
743 2399 797 2449 δὲ
827 2395 1128 2466 ἀναχθέντες
1164 2395 1500 2467 προσέμειξαν
1530 2398 1588 2469 τῇ
1625 2395 2132 2458 [Iao-mutam

132 2479 382 2552 ποννήσῳ,
430 2482 509 2533 καὶ
560 2483 672 2548 περὶ
727 2480 903 2532 Πύλον
950 2481 1028 2532 καὶ
1074 2483 1321 2549 Ταίναρον
1366 2483 1588 2548 γῆςγτῆς
1631 2484 1791 2533 Λακε-

130 2566 396 2631 δαιμονίων
441 2566 750 2633 ἀνεκώχευον
794 2567 883 2619 τὰς
928 2564 1057 2623 νέας,
1084 2563 1488 2631 καραδοκέοντες
1535 2566 1611 2617 καὶ
1659 2565 1793 2617 οὗτοι

187 2716 203 2742 Ι
237 2702 402 2758 ἐγένετο
425 2703 455 2744 S
657 2716 682 2754 5
713 2705 780 2744 ὅδε
801 2707 822 2745 ὁ
845 2704 883 2742 R
898 2703 936 2742 V
1071 2702 1199 2745 οἰκότι
1222 2703 1347 2742 Koen
1368 2718 1377 2743 :
1407 2703 1529 2745 εἰκόνι
1552 2704 1585 2742 L
1609 2705 1714 2755 (-ώνι
1737 2703 1792 2757 Β)

129 2759 156 2796 6
186 2761 229 2799 ἐν
247 2762 299 2814 τῇ
321 2759 484 2813 Σικελίῃ
504 2772 586 2799 om.
615 2758 663 2797 Ρι
678 2758 717 2796 R
733 2758 763 2797 S
777 2758 815 2797 V
1001 2771 1023 2808 7
1054 2762 1255 2799 τοσοῦτον
1276 2758 1315 2796 R
1332 2759 1362 2798 S
1375 2759 1414 2798 V
1598 2760 1624 2797 8
1653 2758 1795 2812 λέγειν

132 2812 294 2854 RSV:
324 2813 405 2856 del.
430 2813 565 2853 Cobet
730 2827 757 2865 9
788 2812 926 2854 ἐθύετο
947 2814 1012 2854 καὶ
1032 2813 1112 2852 del.
1138 2813 1298 2852 Abicht
1488 2826 1537 2852 10
1567 2812 1738 2865 κατίζων
1760 2814 1794 2852 C

135 2879 182 2906 12
203 2868 267 2910 ἐἷς
288 2867 380 2907 RV
580 2882 627 2918 14
662 2870 713 2909 ὡς
729 2899 737 2907 .
761 2899 771 2909 .
791 2873 936 2921 Συρηκ,
958 2868 1039 2907 del.
1064 2868 1186 2907 Stein
1204 2882 1212 2908 :
1245 2869 1310 2909 καὶ
1332 2874 1477 2922 Συρηκ.
1500 2881 1581 2907 om.
1608 2868 1643 2908 P
1658 2869 1696 2907 R
1713 2869 1795 2908 SV

135 2923 184 2960 16
211 2922 362 2973 πόλησι
384 2923 423 2962 R
437 2923 476 2962 V
640 2936 694 2962 20
724 2923 914 2964 ἀπίκοντο
930 2921 968 2960 Α
986 2923 1018 2961 Β
1035 2922 1067 2960 C
1086 2923 1119 2961 P
1284 2936 1332 2962 21
1369 2923 1602 2976 ὑπέσχοντο
1623 2923 1795 2976 πέμπειν

132 2974 169 3014 R
185 2976 215 3015 S
228 2977 268 3017 V
431 2980 485 3019 26
514 2981 697 3020 νοεῦντες
720 2977 758 3017 R
776 2978 805 3016 S
819 2978 858 3017 V
1024 2991 1074 3027 27
1106 2976 1348 3032 προσέμιξαν
1373 2978 1404 3016 L
1555 3022 1628 3062 ¹5*
