2132 3340
106 44 193 92 IX.
219 43 287 105 76

229 440 290 490 77

941 42 1368 90 ΗΡΟΔΟΤΟΎ·

324 171 664 243 ’,Ηγητορίδεω
712 177 795 223 τοῦ
838 170 992 242 Κῴου,
1033 171 1087 227 ὃς
1131 172 1239 238 ἐμοὶ
1283 172 1444 238 ξεῖνος
1487 174 1709 241 μάλιστα
1751 174 1987 244 τυγχάνει

328 257 423 308 ἐὼν
453 262 551 309 τῶν
575 256 684 322 περὶ
715 258 929 310 ἐκείνους
951 257 1066 310 τοὺς
1090 258 1283 325 χώρους
1304 257 1593 324 οἰκημένων.
1669 264 1823 311 ταῦτα
1847 261 1984 314 εἴπας

327 342 441 393 τότε
469 344 559 406 μὲν
592 339 844 408 ἐπέτρεψε
873 346 971 392 τῶν
1003 342 1200 408 ἐφόρων
1229 347 1362 394 τοῖσι
1398 347 1653 409 παρεοῦσι,
1685 344 1895 411 ὕστερον
1931 345 1984 395 δὲ

328 424 597 491 ἀπέπεμψε
627 426 677 477 ἐς
709 427 933 491 Αἴγιναν,
959 427 1009 479 ἐς
1033 425 1122 489 τὴν
1146 426 1267 491 αὐτὴ
1291 425 1441 491 ἤθελε
1471 423 1789 493 [ἀπικέσθαι].
1860 430 1986 494 μετὰ

326 512 379 560 δὲ
424 508 512 573 τὴν
557 507 723 573 ἄπιξιν
765 512 853 573 τῆς
897 509 1126 576 γυναικὸς
1170 511 1341 562 αὐτίκα
1385 513 1510 577 μετὰ
1557 515 1709 564 ταῦτα
1752 512 2022 579 ἀπίκοντος,

331 592 606 646 Μαντινέες
657 592 735 645 ἐπ’
786 591 1214 661 ἐξεργασμένοισι·
1276 596 1518 660 μαθόντες
1564 598 1616 648 δὲ
1663 597 1740 647 ὅτι
1783 596 1985 663 ὕστεροι

328 678 506 742 ἥκουσι
548 680 635 742 τῆς
676 681 957 743 συμβολῆς,
997 679 1262 745 συμφορὴν
1300 681 1552 732 ἐποιεῦντο
1590 679 1816 746 μεγάλην
1856 678 1990 756 &fito-es

298 757 383 814 “re
427 762 627 830 ἔφασαν
668 762 793 814 εἶναι
830 762 995 836 σφέας
1037 763 1293 836 ζημιῶσαι.
1383 764 1741 829 πυνθανόμενοι
1781 766 1834 816 δε
1872 764 1984 818 τοὺς

332 845 533 910 Μηδους
568 846 681 900 τοὺς
719 848 844 912 μετὰ
874 846 1184 913 Ἀρταβάζου
1221 848 1512 915 φεύγοντας,
1545 849 1745 902 τούτους
1780 850 2132 924 ἐδίωκονυωι..

326 930 475 999 μέχρι
523 932 839 996 Θεσσαλιης·
902 932 1283 996 Λακεδαιμόνιοι
1335 935 1389 984 δε
1432 932 1517 983 οὐκ
1562 933 1656 984 ἔων
1702 933 1983 999 φεύγοντας
2008 920 2132 986 ''⁰⁹¹'‘

328 1016 534 1067 διώκειν.
609 1018 656 1067 οἱ
681 1018 733 1067 δὲ
758 1013 1221 1084 ἀναχωρησαντες
1200 1038 1250 1069 ες
1273 1015 1362 1080 τὴν
1387 1019 1579 1068 ἑωυτῶν
1602 1016 1715 1070 τοὺς
1737 1017 1983 1083 ἡγεμόνας

325 1103 411 1164 τῆς
443 1102 679 1166 στρατιῆς
710 1099 918 1166 ἐδίωξαν
944 1101 996 1151 ἐκ
1026 1103 1113 1164 τῆς
1142 1103 1249 1167 γῆς.
1328 1102 1452 1166 μετὰ
1475 1103 1527 1152 δὲ
1552 1099 1833 1153 Μαντινέας
1862 1101 2004 1173 ἧκον-

324 1183 536 1242 Ἠλεῖοι,
561 1183 638 1235 καὶ
671 1184 906 1238 ὡσαύτως
930 1186 975 1236 οἱ
1000 1184 1198 1236 Ἠλεῖοι
1228 1189 1364 1237 τοῖσι
1387 1189 1695 1237 Μαντινεῦσι
1717 1184 1982 1253 συμφορὴν

324 1268 654 1334 ποιησάμενοι
691 1267 1106 1320 ἀπαλλάσσοντο·
1153 1270 1458 1324 ἀπελθόντες
1494 1272 1547 1322 δὲ
1584 1271 1663 1322 καὶ
1699 1269 1833 1321 οὗτοι
1868 1270 1982 1324 τοὺς

323 1353 569 1419 ἡγεμόνας
609 1342 830 1417 ἐδίωξαν.
919 1355 981 1403 τὰ
1023 1352 1145 1403 κατῗι
1188 1352 1469 1407 Μαντινέας
1506 1355 1598 1419 μὲν
1641 1354 1719 1405 καὶ
1749 1353 1982 1408 Ἠλείους
2009 1375 2056 1419 ¹5

323 1442 559 1488 τοσαῦτα·
606 1439 658 1488 ἐν
691 1440 743 1488 δὲ
777 1438 1066 1508 Πλαταιῇσι
1096 1440 1149 1488 ἐν
1186 1443 1252 1506 τῷ
1291 1436 1610 1507 στρατοπέδῳ
1640 1442 1738 1490 τῶν
1775 1439 1978 1504 Αἰγινη-

323 1520 447 1572 τέων
491 1520 551 1586 ἧν
598 1520 818 1585 Λάμπων
855 1523 880 1571 ὁ
919 1521 1111 1580 Πυθέω,
1162 1520 1466 1587 Αἰγινητέων
1507 1518 1649 1588 <ἐὼν>
1692 1524 1753 1573 τὰ
1797 1526 1979 1589 πρῶτα·

324 1604 377 1658 ὃς
413 1605 751 1656 ἀνοσιώτατον
793 1604 925 1673 ἔχων
965 1606 1120 1672 λόγον
1157 1606 1260 1657 ἵετο
1297 1604 1419 1672 πρὸς
1455 1599 1767 1670 Παυσανίην,
1805 1606 1978 1658 ἀπικό-

323 1711 470 1752 μενος
507 1692 558 1741 δὲ
595 1691 785 1760 σπουδῇ
828 1689 973 1756 ἔλεγε
1012 1687 1144 1740 τάδε·
1185 1688 1258 1740 φΩ
1296 1694 1389 1741 παῖ
1422 1691 1794 1757 Κλεομβρότου,
1831 1689 1981 1757 ἔργον

324 1773 568 1839 ἔργασταί
594 1795 670 1824 τοι
698 1774 947 1839 ὑπερφυὲς
977 1772 1195 1839 μέγαθός
1226 1795 1279 1826 τε
1312 1773 1392 1824 καὶ
1424 1772 1626 1833 κάλλος,
1654 1775 1739 1826 καί
1764 1794 1840 1825 τοι
1870 1772 1982 1828 θεὸς
2007 1795 2054 1824 20

325 1856 576 1923 παρέδωκε
597 1856 874 1923 ῥυσάμενον
893 1856 982 1920 τὴν
1000 1856 1226 1908 Ἑλλάδα
1250 1855 1394 1910 κλέος
1419 1856 1720 1909 καταθέσθαι
1741 1857 1982 1924 μέγιστον

321 1939 585 2006 Ἑλλήνων
624 1945 721 1992 τῶν
756 1940 894 2005 ἡμεῖς
935 1942 1088 2005 ἴδμεν.
1181 1941 1244 1992 σὺ
1285 1943 1337 1992 δὲ
1379 1942 1458 1993 καὶ
1497 1943 1558 1992 τὰ
1599 1943 1751 1993 λοιπὰ
1794 1944 1855 1993 τὰ
1899 1941 1980 1992 ἐπὶ

322 2025 545 2076 τούτοισι
574 2026 803 2089 ποίησον,
836 2025 960 2077 ὅκως
989 2025 1142 2091 λόγος
1179 2024 1232 2076 τέ
1264 2047 1323 2077 σε
1355 2024 1447 2096 ἔχῃ
1484 2025 1555 2076 ἔτι
1591 2024 1750 2090 μέζων
1788 2027 1872 2077 καί
1906 2046 1980 2078 τις

321 2111 531 2176 ὕστερον
584 2107 909 2174 φυλάσσηται
967 2114 1064 2160 τῶν
1123 2108 1400 2175 βαρβάρων
1450 2108 1516 2174 μὴ
1568 2108 1808 2177 ὑπάρχειν
1859 2109 1979 2176 ἔργα

321 2193 583 2245 ἀτάσθαλα
624 2190 806 2244 ποιέων
843 2195 892 2247 ἐς
933 2192 1047 2246 τοὺς
1069 2191 1344 2257 “Ελ.ληνας
1422 2194 1678 2244 Λεωνίδεω
1720 2215 1814 2260 γαρ
1855 2194 1977 2244 ἀπο·
2005 2212 2054 2254 25

321 2278 556 2330 θανόντος
586 2279 639 2328 ἐν
672 2277 1035 2348 Θερμοπύλῃσι
1067 2277 1348 2343 Μαρδόνιός
1376 2298 1430 2328 τε
1463 2278 1540 2329 καὶ
1574 2275 1765 2344 Ξέρξης
1795 2279 1978 2329 ἀποτα-

319 2362 494 2425 μόντες
524 2360 612 2424 τὴν
645 2360 870 2427 κεφαλὴν
901 2361 1417 2430 ἀνεσταύρωσαν·τῷ
1451 2361 1515 2413 σὺ
1539 2382 1628 2425 την
1652 2363 1825 2426 ὁμοίην
1855 2362 1976 2413 ἀπο-

321 2444 481 2497 διδοὺς
513 2445 716 2496 ἔπαινον
748 2443 875 2509 ἕξεις
911 2450 1080 2511 πρῶτα
1116 2448 1206 2510 μὲν
1242 2443 1343 2497 ὑπὸ
1372 2444 1570 2497 πάντων
1610 2441 1975 2512 Σπαρτιητέων,

320 2529 455 2582 αὖτις
495 2531 548 2580 δὲ
592 2529 669 2580 καὶ
707 2528 827 2596 πρὸς
866 2534 964 2580 τῶν
1006 2528 1176 2580 ἄλλων
1220 2527 1498 2592 Ἑλλήνων·
1561 2530 1844 2595 Μαρδόνιον
1883 2530 1978 2595 γὰρ

375 2680 399 2704 2
431 2667 581 2708 κείνους
603 2666 641 2704 R
660 2667 741 2705 SV
906 2669 1034 2707 ταῦτα
1056 2667 1136 2705 SV
1155 2681 1163 2705 :
1202 2669 1330 2706 ταῦτα
1351 2651 1506 2706 az‘rell.
1725 2679 1750 2715 3
1782 2664 1856 2716 μέν
1875 2664 1978 2718 (μιν)

322 2721 494 2759 Bekker
647 2735 671 2770 4
703 2720 912 2762 ἀπικέσθαι
933 2735 1017 2760 om.
1042 2722 1080 2759 R
1097 2721 1176 2760 SV
1332 2722 1358 2758 6
1387 2722 1545 2774 ὕστεροι
1566 2719 1702 2760 Aldus
1720 2734 1729 2758 t
1759 2722 1927 2770 ὕστερον
1944 2721 1977 2758 L

290 2817 293 2819 Α
322 2788 342 2822 7
375 2779 609 2824 συμβουλῆς
629 2776 663 2814 C
680 2776 715 2813 R
732 2775 784 2813 Vl
944 2778 970 2813 8
1000 2777 1098 2816 εἶναι
1121 2775 1275 2826 ἔφασάν
1297 2775 1334 2813 R
1352 2774 1432 2814 SV
1588 2786 1634 2824 ¹5
1664 2776 1717 2815 τὰ
1737 2787 1815 2813 om.
1843 2775 1881 2812 R
1897 2774 1977 2813 SV

323 2831 372 2868 16
402 2831 755 2881 Πλαταίη(ι)σκν>
779 2829 816 2868 Α
833 2830 867 2867 Β
886 2831 919 2868 R
935 2831 973 2868 V
1111 2842 1158 2878 17
1190 2833 1211 2870 ὃ
1230 2843 1310 2869 om.
1336 2829 1373 2868 A
1390 2828 1424 2867 Β
1439 2830 1472 2868 C
1488 2829 1521 2867 P
1632 2831 1705 2870 ἐὼν
1725 2830 1818 2868 add.
1843 2828 1978 2867 Cobet

323 2885 372 2921 18
403 2885 511 2924 ίκετο
535 2884 565 2922 S
580 2884 615 2922 V
828 2898 880 2935 23
908 2883 1054 2935 μείζων
1073 2884 1111 2922 Α
1128 2884 1161 2922 Β
1182 2898 1190 2922 t
1219 2883 1322 2934 μέζω
1345 2884 1378 2922 C
1590 2895 1643 2932 25
1672 2882 1820 2939 ποιέειν
1841 2883 1880 2921 R
1895 2883 1925 2922 S
1940 2882 1977 2922 V

320 2951 370 2987 27
397 2938 655 2991 ἐσταύρωσαν
678 2940 714 2977 R
733 2939 812 2977 SV
923 2944 979 2991 τῷ
1002 2939 1072 2990 σὺ]
1094 2942 1201 2979 τοῖσι
1219 2938 1426 2978 Tournier
