2092 3334
55 128 141 178 v1.
172 141 232 188 19
901 125 1322 174 HPOAOTOT

0 256 241 302 :off-»W
443 258 522 309 καὶ
552 256 663 309 τότε
693 255 769 322 δή,
797 258 1017 322 Μίλητε,
1050 260 1212 308 κακῶν
1240 254 1518 326 ἐπιμήχανε
1547 258 1722 326 ἔργων,

443 346 713 393 πολλοῖσιν
743 342 945 393 δεῖπνόν
973 362 1027 393 τε
1060 342 1139 393 καὶ
1170 340 1732 414 ἆγλαᾶῇδωγενήσῃ,

442 425 529 477 σαὶ
554 425 596 476 δ’
627 424 809 493 ἄλοχοι
832 431 1074 477 πολλοῖσι
1104 425 1259 480 πόδας
1289 427 1497 492 νίψουσι
1526 424 1780 493 Q

441 514 561 574 νηοῦ
590 508 632 560 δ’
661 508 900 576 ἡμετέρου
931 510 1170 575 Q
1198 508 1406 562 ἄλλοισι
1435 508 1662 575 μελήσει.

207 637 233 681 3
271 619 383 671 τότε
414 619 473 683 δὴ
505 624 658 671 ταῦτα
688 618 802 672 τοὺς
839 618 1124 684 Μιλησίους
1139 617 1528 691 ,κατελάμβανε
1562 640 1647 683 οτς
1674 639 1735 687 χε
1763 615 1937 685 ἄνδρες
1962 635 1985 676 5

272 724 366 768 μεν
383 705 429 755 οἱ
450 705 703 758 πλεῦνεςέ
681 703 959 770 εκτςίνρντο
978 702 1075 755 ὑπὸ
1093 706 1278 755 τῶνΠε
1312 701 1413 755 σέω
1838 701 1920 754 ’ων

272 792 500 854 γυναῖκες
537 791 590 840 δε
627 788 706 840 καὶ
742 786 891 839 τέκνα
927 789 982 839 ἐν
1018 788 1341 855 ἀνδραπόδων
1377 788 1513 858 λόγῳ
1557 788 1783 855 ἐχίνρνζο
1787 826 1799 853 ,
1825 789 1946 853 Q

273 874 326 924 δὲ
356 875 412 923 τὸ
444 874 497 924 ἐν
531 873 814 937 Διδύμοισι,
844 872 870 922 6
895 871 1011 937 νηός
1034 893 1089 924 τε
1113 871 1193 923 καὶ
1222 870 1279 923 τὸ
1308 871 1632 940 χρηστήριον,
1659 855 1943 936 συληθεντα

274 956 623 1023 ἐνεπίμπρατο.
711 958 809 1008 τῶν
839 955 881 1008 δ’
905 958 959 1007 ἐν
989 960 1056 1025 τῷ
1091 958 1176 1025 ἱρῷ
1206 956 1363 1027 τούτῳ
1395 955 1663 1025 χρημάτων
1694 953 1962 1009 πολλάκις

166 1056 234 1091 2ο
272 1038 468 1106 μνήμην
499 1039 579 1092 ἑτέ
609 1043 701 1092 ωθι
729 1045 815 1092 τοῦ
843 1041 910 1092 λό
944 1062 1000 1092 ου
1023 1008 1352 1106 ἐποιησάμην.
1430 1042 1656 1093 ἐνθεῦτεν
1680 1041 1726 1092 οἱ
1753 1040 1935 1111 ςωχρῃ-
1968 1061 2017 1091 ιο

275 1124 442 1178 θέντες
465 1130 563 1177 τῶν
589 1125 858 1189 Μιλησίων
886 1123 1070 1198 ἤγοντο
1091 1126 1142 1178 ἐς
1165 1129 1351 1177 Σοῦσα.
1425 1123 1675 1192 βασιλεὺς
1698 1122 1753 1176 δέ
1775 1130 1941 1191 σφεας

278 1213 488 1275 Δαρεῖος
521 1208 668 1260 κακὸν
698 1208 839 1261 οὐδὲν
862 1208 994 1260 ἄλλο
1017 1207 1234 1273 ποιήσας
1260 1210 1514 1261 κατοίκισε
1538 1208 1620 1261 ἐπὶ
1640 1215 1702 1283 τῇ
1723 1207 1940 1285 Ἐρθρῆ

278 1292 550 1366 καλεομένῃ
576 1292 829 1367 θαλάσσῃ,
858 1292 1102 1365 ἐνθ”Αμπῃ
1127 1294 1262 1353 πόλι,
1287 1292 1403 1362 παρ’
1425 1291 1489 1359 ἣν
1508 1294 1698 1362 Τίγρης
1721 1313 1940 1357 ποταμος

276 1377 566 1445 παραρρέων
612 1380 663 1432 ἐς
706 1377 976 1429 θάλασσαν
1018 1377 1153 1449 ἐξίει.
1241 1381 1329 1442 τῆς
1370 1380 1422 1430 δὲ
1464 1378 1735 1442 Μιλησίων
1775 1376 1940 1445 χώρης

277 1462 415 1513 αὐτοὶ
444 1465 535 1528 μὲν
565 1464 610 1514 οἶ
641 1461 838 1528 Πέρσαι
870 1462 1009 1530 εἶχον
1032 1465 1093 1514 τὰ
1117 1464 1227 1529 περὶ
1251 1462 1342 1527 τὴν
1371 1463 1523 1515 πόλιν
1554 1461 1634 1513 καὶ
1663 1460 1721 1512 τὸ
1750 1461 1938 1519 πεδίον,
1967 1477 2016 1521 15

0 1030 43 1090 ειη

182 1564 239 1599 21
277 1549 339 1598 τὰ
359 1549 412 1598 δὲ
430 1545 701 1613 ὑπεράκρια
718 1546 901 1598 ἔδοσαν
922 1547 1405 1615 ΚαρσὶΠῃδασςΰσι
1423 1547 1679 1611 ἐκτῆσθαι.
1724 1547 1941 1598 παθοῦσι

278 1633 331 1683 δὲ
351 1635 503 1682 ταῦτα
527 1631 832 1695 Μιλησίοισι
854 1652 976 1698 προς
1001 1635 1242 1697 Περσεων
1268 1623 1326 1682 ου’
1328 1652 1354 1682 κ
1377 1622 1631 1683 α’πέδοσαν
1686 1628 1744 1682 *v
1767 1629 1794 1680 6
1831 1630 1884 1681 οί
1913 1649 1941 1680 ν

278 1720 569 1782 Συβαρῖται,
594 1716 640 1767 οἳ
665 1718 741 1783 Ag*
746 1715 803 1767 όν
824 1736 879 1767 τε
904 1715 983 1766 καὶ
1006 1716 1215 1782 Σκίδρον
1234 1717 1397 1768 οἴκεον
1416 1718 1503 1779 τῆς
1526 1715 1702 1767 πόλιος
1724 1713 1938 1769 ἀπεστε-

277 1798 495 1866 ρημένοι.
544 1803 789 1866 Συβάριος
819 1821 914 1866 γαρ
934 1794 999 1850 αλΕ
1001 1820 1154 1864 ουσης
1171 1799 1268 1851 υπὸ
1291 1796 1673 1867 Κροτωνιητέων
1692 1794 1941 1862 Μιλήσιοι

0 1893 257 1967 ,vu-&M
278 1883 459 1937 πάντες
490 1883 688 1950 Q
724 1885 848 1953 ᾀπςκ
853 1885 1047 1951 §samam
1083 1885 1170 1947 ῑὰς
1212 1885 1435 1951 κεφαλᾶς
1472 1883 1552 1934 καὶ
1592 1880 1773 1935 πένθος
1810 1878 1941 1948 μέγα
1965 1899 2017 1929 20

277 1966 668 2041 προσεθήκαντο·
732 1968 905 2021 πόλιες
954 1969 1048 2034 γὰρ
1093 1967 1234 2019 αὗται
1280 1967 1505 2033 μάλιστα
1550 1965 1608 2030 δὴ
1656 1970 1754 2017 τῶν
1799 1964 1940 2030 ἡμεῖς

211 2073 237 2104 2
275 2054 414 2118 ιδμεν
446 2051 705 2124 ἀλλήλῃσι
735 2051 1087 2122 ἐξεινώθησαν.
1176 2052 1317 2104 οὐδὲν
1350 2051 1530 2128 ὁμοίως
1561 2049 1640 2102 καὶ
1669 2048 1937 2114 Ἀθηναιοι·

277 2136 534 2202 Ἀθηναῖοι
578 2157 671 2201 μεν
722 2129 1097 2203 W
897 2141 1322 2208 ῃλονεποιῃσαν
1175 2131 1830 2208 υπεραχθεσθέντες
1880 2132 1940 2203 τῇ

278 2219 508 2285 Μιλήτου
538 2220 702 2272 ἁλώσι
730 2240 790 2291 m
820 2241 874 2272 τε
904 2219 1037 2291 ἄλλῃ
1074 2222 1312 2292 πολλαχῇ
1346 2220 1424 2271 καὶ
1461 2218 1518 2291 δῇ
1558 2219 1637 2270 καὶ
1672 2215 1939 2283 ποιήσαντι
2088 2284 2089 2289 1

278 2306 708 2384 prfina
748 2302 981 2368 Μιλήτου
1019 2302 1213 2355 ἅλωσιν
1257 2304 1335 2356 καὶ
1375 2301 1628 2368 διδάξαντι
1668 2303 1718 2354 ἐς
1756 2297 1940 2366 δάκρυά
1965 2315 2014 2358 25

278 2410 332 2440 τε
372 2389 523 2440 ἔπεσε
563 2388 619 2440 τὸ
659 2387 865 2455 θέητρον
910 2388 988 2439 καὶ
1030 2388 1310 2452 ἐζημίωσάν
1347 2408 1432 2452 μιν
1475 2408 1540 2440 ως
1584 2382 1940 2489 αναμνήσαντα

279 2471 443 2542 οῑκῄια
473 2475 596 2524 κακὰ
626 2473 825 2543 χιλίῃσι
856 2473 1123 2542 δραχμῇσι,
1159 2473 1237 2523 καὶ
1273 2468 1515 2536 ἐπέταξαν
1546 2469 1718 2536 μηκέτι
1755 2467 1940 2542 μηδένα

280 2561 499 2630 χρᾶσθαι
530 2556 684 2607 τούτω
716 2561 782 2606 τῶ
815 2555 1036 2622 δράματι.

179 2659 243 2692 22
366 2643 591 2705 Μίλητος
627 2639 718 2705 μέν
747 2661 833 2692 νυν
873 2640 1142 2703 Μιλησίων
1179 2637 1424 2705 ἠρήμωτο·
1473 2638 1672 2702 Σαμίων
1711 2638 1764 2687 δὲ
1800 2657 1971 2714 Q,

334 2793 359 2817 2
387 2778 554 2830 γενήσει
574 2777 614 2816 Α
628 2778 662 2816 Β
878 2790 902 2826 4
933 2780 1027 2817 ναοῦ
1050 2776 1087 2815 R
1104 2776 1185 2816 SV
1375 2788 1400 2825 5
1431 2776 1498 2816 ὅτε
1517 2773 1589 2826 γε]
1611 2774 1733 2816 ὁπότε
1753 2773 1794 2813 Α
1808 2774 1842 2814 Β
1857 2774 1892 2814 C
1906 2774 1940 2812 P

280 2834 305 2870 8
335 2833 376 2884 6]
399 2835 461 2874 καὶ
483 2836 504 2873 6
524 2833 563 2870 A
578 2833 612 2870 B
627 2833 659 2871 C
773 2836 948 2884 συληφθ.
974 2832 1007 2870 C
1119 2845 1145 2880 9
1176 2824 1465 2882 ἐνεπίμπραντο
1488 2829 1521 2867 Ρ
1635 2843 1683 2879 13
1714 2829 1937 2880 καλεομένῃ

281 2901 362 2926 om.
387 2887 425 2925 A
440 2887 474 2925 B
491 2887 524 2925 C
634 2886 753 2927 πόλει
775 2887 808 2925 C
826 2899 835 2923 ε
865 2885 1013 2926 πάλλει
1036 2885 1074 2923 R
1091 2885 1169 2937 [V]
1308 2885 1443 2937 Τίγρις
1466 2884 1498 2922 Ρ
1514 2885 1551 2922 R
1695 2898 1740 2932 14
1772 2884 1889 2934 ἐξήιει
1904 2883 1938 2921 C

283 2942 486 2989 Μιλησίης
510 2942 548 2979 R
562 2942 592 2980 S
605 2941 644 2978 V
867 2942 915 2979 18
941 2940 1047 2980 Λάον
1068 2940 1102 2977 L
1240 2944 1246 2950 “
1321 2952 1372 2976 22
1402 2939 1623 2986 ἀλλήλοισι
1644 2936 1699 2975 Α1
1716 2936 1767 2975 13¹
1783 2936 1833 2975 Pl
1850 2937 1887 2975 R
1900 2937 1939 2974 V
1979 2953 1986 2962 *

281 3009 334 3046 23
363 2995 656 3049 ὑπεραχθέντες
679 2994 718 3033 R
871 3007 922 3043 24
953 2994 1103 3035 ἁλώσει
1127 2993 1250 3045 L[V]
1365 2994 1431 3033 καὶ
1457 2994 1671 3042 ποιήσαντι
1692 2998 1735 3030 et
1755 2993 1820 3033 καὶ
1843 2993 1935 3040 (25)

282 3063 361 3091 om.
382 3049 645 3102 (Longinus)
661 3050 715 3088 de
730 3048 833 3089 subl.
854 3061 905 3096 24
1018 3049 1070 3087 26
1100 3047 1262 3100 θέατρον
1279 3047 1310 3087 S
1323 3047 1359 3085 V
1470 3060 1524 3097 29
1553 3046 1731 3099 ἐρήμωτο
1754 3045 1788 3085 Ρ
1802 3045 1842 3085 R
1857 3046 1887 3085 S
1899 3044 1938 3083 V
