<?xml version="1.0" encoding="UTF-8"?>
<!DOCTYPE html PUBLIC "-//W3C//DTD XHTML 1.0 Transitional//EN"
    "http://www.w3.org/TR/xhtml1/DTD/xhtml1-transitional.dtd">
<html xmlns="http://www.w3.org/1999/xhtml" xml:lang="en" lang="en">
 <head>
  <title>
</title>
<meta http-equiv="Content-Type" content="text/html;charset=utf-8" />
  <meta name='ocr-system' content='tesseract 3.04.00' />
  <meta name='ocr-capabilities' content='ocr_page ocr_carea ocr_par ocr_line ocrx_word'/>
</head>
<body>
  <div class='ocr_page' id='page_1' title='image "./herodotihistoria02herouoft_0063.png"; bbox 0 0 2080 3328; ppageno 0'>
   <div class='ocr_carea' id='block_1_1' title="bbox 118 608 140 647">
    <p class='ocr_par' dir='ltr' id='par_1_1' title="bbox 118 608 140 647">
     <span class='ocr_line' id='line_1_1' title="bbox 118 608 140 647; baseline 0 0"><span class='ocrx_word' id='word_1_1' title='bbox 118 608 140 647; x_wconf 84' lang='lat'>5</span> 
     </span>
    </p>
   </div>
   <div class='ocr_carea' id='block_1_2' title="bbox 89 1023 139 1052">
    <p class='ocr_par' dir='ltr' id='par_1_2' title="bbox 89 1023 139 1052">
     <span class='ocr_line' id='line_1_2' title="bbox 89 1023 139 1052; baseline 0.02 -1"><span class='ocrx_word' id='word_1_2' title='bbox 89 1023 139 1052; x_wconf 83' lang='lat'>10</span> 
     </span>
    </p>
   </div>
   <div class='ocr_carea' id='block_1_3' title="bbox 84 1446 133 1487">
    <p class='ocr_par' dir='ltr' id='par_1_3' title="bbox 84 1446 133 1487">
     <span class='ocr_line' id='line_1_3' title="bbox 84 1446 133 1487; baseline 0 0"><span class='ocrx_word' id='word_1_3' title='bbox 84 1446 133 1487; x_wconf 87' lang='lat'>¹5</span> 
     </span>
    </p>
   </div>
   <div class='ocr_carea' id='block_1_4' title="bbox 768 118 1243 167">
    <p class='ocr_par' dir='ltr' id='par_1_4' title="bbox 768 118 1243 167">
     <span class='ocr_line' id='line_1_4' title="bbox 768 118 1243 167; baseline 0.002 -2"><span class='ocrx_word' id='word_1_4' title='bbox 768 118 1140 167; x_wconf 73' lang='grc' dir='ltr'>ΙΣΤΟΡΙΩΝ</span> <span class='ocrx_word' id='word_1_5' title='bbox 1205 119 1243 166; x_wconf 90' lang='grc' dir='ltr'>Ε</span> 
     </span>
    </p>
   </div>
   <div class='ocr_carea' id='block_1_5' title="bbox 157 247 1842 1500">
    <p class='ocr_par' dir='ltr' id='par_1_5' title="bbox 157 247 1842 1500">
     <span class='ocr_line' id='line_1_5' title="bbox 168 247 1841 317; baseline 0.004 -16"><span class='ocrx_word' id='word_1_6' title='bbox 168 250 219 303; x_wconf 83' lang='grc' dir='ltr'>ἐς</span> <span class='ocrx_word' id='word_1_7' title='bbox 254 251 343 303; x_wconf 84' lang='grc' dir='ltr'>τὰς</span> <span class='ocrx_word' id='word_1_8' title='bbox 371 247 602 314; x_wconf 87' lang='grc' dir='ltr'>Ἀθήνας·</span> <span class='ocrx_word' id='word_1_9' title='bbox 648 250 767 315; x_wconf 82' lang='grc' dir='ltr'>αὕτη</span> <span class='ocrx_word' id='word_1_10' title='bbox 799 251 893 317; x_wconf 84' lang='grc' dir='ltr'>γὰρ</span> <span class='ocrx_word' id='word_1_11' title='bbox 923 251 952 316; x_wconf 90' lang='grc' dir='ltr'>ἡ</span> <span class='ocrx_word' id='word_1_12' title='bbox 985 251 1133 305; x_wconf 83' lang='grc' dir='ltr'>πόλις</span> <span class='ocrx_word' id='word_1_13' title='bbox 1167 257 1265 304; x_wconf 84' lang='grc' dir='ltr'>τῶν</span> <span class='ocrx_word' id='word_1_14' title='bbox 1300 251 1518 304; x_wconf 84' lang='grc' dir='ltr'>λοιπέων</span> <span class='ocrx_word' id='word_1_15' title='bbox 1548 249 1841 307; x_wconf 75' lang='grc' dir='ltr'>ἐδυνάστευε</span> 
     </span>
     <span class='ocr_line' id='line_1_6' title="bbox 164 331 1842 404; baseline 0.004 -20"><span class='ocrx_word' id='word_1_16' title='bbox 164 331 422 400; x_wconf 88' lang='grc' dir='ltr'>μέγιστον.</span> <span class='ocrx_word' id='word_1_17' title='bbox 489 334 716 386; x_wconf 86' lang='grc' dir='ltr'>ἐπελθὼν</span> <span class='ocrx_word' id='word_1_18' title='bbox 747 336 799 386; x_wconf 84' lang='grc' dir='ltr'>δὲ</span> <span class='ocrx_word' id='word_1_19' title='bbox 831 334 912 387; x_wconf 82' lang='grc' dir='ltr'>ἐπὶ</span> <span class='ocrx_word' id='word_1_20' title='bbox 942 334 1028 387; x_wconf 92' lang='grc' dir='ltr'>τὸν</span> <span class='ocrx_word' id='word_1_21' title='bbox 1059 339 1214 401; x_wconf 91' lang='grc' dir='ltr'>δῆμον</span> <span class='ocrx_word' id='word_1_22' title='bbox 1246 337 1272 386; x_wconf 90' lang='grc' dir='ltr'>ὁ</span> <span class='ocrx_word' id='word_1_23' title='bbox 1296 335 1657 404; x_wconf 82' lang='grc' dir='ltr'>Ἀρισταγόρης</span> <span class='ocrx_word' id='word_1_24' title='bbox 1687 339 1842 391; x_wconf 83' lang='grc' dir='ltr'>ταύτὰ</span> 
     </span>
     <span class='ocr_line' id='line_1_7' title="bbox 166 417 1841 496; baseline 0.002 -27"><span class='ocrx_word' id='word_1_25' title='bbox 166 417 313 484; x_wconf 85' lang='grc' dir='ltr'>ἔλεγε</span> <span class='ocrx_word' id='word_1_26' title='bbox 352 419 414 470; x_wconf 83' lang='grc' dir='ltr'>τὰ</span> <span class='ocrx_word' id='word_1_27' title='bbox 453 419 534 470; x_wconf 89' lang='grc' dir='ltr'>καὶ</span> <span class='ocrx_word' id='word_1_28' title='bbox 574 420 629 470; x_wconf 82' lang='grc' dir='ltr'>ἐν</span> <span class='ocrx_word' id='word_1_29' title='bbox 669 426 729 491; x_wconf 84' lang='grc' dir='ltr'>τῇ</span> <span class='ocrx_word' id='word_1_30' title='bbox 770 418 973 491; x_wconf 82' lang='grc' dir='ltr'>Σπάρτῃ</span> <span class='ocrx_word' id='word_1_31' title='bbox 1013 421 1125 487; x_wconf 89' lang='grc' dir='ltr'>περὶ</span> <span class='ocrx_word' id='word_1_32' title='bbox 1166 426 1263 472; x_wconf 86' lang='grc' dir='ltr'>τῶν</span> <span class='ocrx_word' id='word_1_33' title='bbox 1306 421 1506 487; x_wconf 82' lang='grc' dir='ltr'>ἀγαθῶν</span> <span class='ocrx_word' id='word_1_34' title='bbox 1545 426 1644 472; x_wconf 87' lang='grc' dir='ltr'>τῶν</span> <span class='ocrx_word' id='word_1_35' title='bbox 1685 424 1739 474; x_wconf 85' lang='grc' dir='ltr'>ἐν</span> <span class='ocrx_word' id='word_1_36' title='bbox 1779 431 1841 496; x_wconf 81' lang='grc' dir='ltr'>τῇ</span> 
     </span>
     <span class='ocr_line' id='line_1_8' title="bbox 164 500 1839 573; baseline 0.004 -21"><span class='ocrx_word' id='word_1_37' title='bbox 164 500 315 573; x_wconf 85' lang='grc' dir='ltr'>Ἀσίῃ</span> <span class='ocrx_word' id='word_1_38' title='bbox 347 501 425 553; x_wconf 90' lang='grc' dir='ltr'>καὶ</span> <span class='ocrx_word' id='word_1_39' title='bbox 460 507 546 553; x_wconf 82' lang='grc' dir='ltr'>τοῦ</span> <span class='ocrx_word' id='word_1_40' title='bbox 582 501 802 567; x_wconf 87' lang='grc' dir='ltr'>πολέμου</span> <span class='ocrx_word' id='word_1_41' title='bbox 837 509 923 555; x_wconf 86' lang='grc' dir='ltr'>τοῦ</span> <span class='ocrx_word' id='word_1_42' title='bbox 955 508 1219 570; x_wconf 82' lang='grc' dir='ltr'>Περσικοῦ,</span> <span class='ocrx_word' id='word_1_43' title='bbox 1255 504 1320 558; x_wconf 81' lang='grc' dir='ltr'>ὡς</span> <span class='ocrx_word' id='word_1_44' title='bbox 1357 504 1468 556; x_wconf 78' lang='grc' dir='ltr'>οὔτε</span> <span class='ocrx_word' id='word_1_45' title='bbox 1504 506 1692 557; x_wconf 85' lang='grc' dir='ltr'>ἀσπίδα</span> <span class='ocrx_word' id='word_1_46' title='bbox 1727 507 1839 558; x_wconf 79' lang='grc' dir='ltr'>οὔτε</span> 
     </span>
     <span class='ocr_line' id='line_1_9' title="bbox 164 586 1838 656; baseline 0.003 -19"><span class='ocrx_word' id='word_1_47' title='bbox 164 587 281 652; x_wconf 91' lang='grc' dir='ltr'>δόρυ</span> <span class='ocrx_word' id='word_1_48' title='bbox 320 587 574 651; x_wconf 80' lang='grc' dir='ltr'>νομίζουσι</span> <span class='ocrx_word' id='word_1_49' title='bbox 615 586 843 640; x_wconf 81' lang='grc' dir='ltr'>εὐπετέες</span> <span class='ocrx_word' id='word_1_50' title='bbox 878 609 932 640; x_wconf 91' lang='grc' dir='ltr'>τε</span> <span class='ocrx_word' id='word_1_51' title='bbox 972 592 1274 656; x_wconf 79' lang='grc' dir='ltr'>χειρωθῆναι</span> <span class='ocrx_word' id='word_1_52' title='bbox 1315 590 1507 653; x_wconf 85' lang='grc' dir='ltr'>εἴησαν.</span> <span class='ocrx_word' id='word_1_53' title='bbox 1595 589 1748 642; x_wconf 81' lang='grc' dir='ltr'>ταῦτά</span> <span class='ocrx_word' id='word_1_54' title='bbox 1785 613 1838 643; x_wconf 89' lang='grc' dir='ltr'>τε</span> 
     </span>
     <span class='ocr_line' id='line_1_10' title="bbox 164 669 1839 739; baseline 0.004 -19"><span class='ocrx_word' id='word_1_55' title='bbox 164 670 220 734; x_wconf 82' lang='grc' dir='ltr'>δὴ</span> <span class='ocrx_word' id='word_1_56' title='bbox 247 669 392 737; x_wconf 85' lang='grc' dir='ltr'>ἔλεγε</span> <span class='ocrx_word' id='word_1_57' title='bbox 424 671 502 723; x_wconf 86' lang='grc' dir='ltr'>καὶ</span> <span class='ocrx_word' id='word_1_58' title='bbox 526 670 646 737; x_wconf 86' lang='grc' dir='ltr'>πρὸς</span> <span class='ocrx_word' id='word_1_59' title='bbox 670 677 802 723; x_wconf 86' lang='grc' dir='ltr'>τοῖσι</span> <span class='ocrx_word' id='word_1_60' title='bbox 825 671 958 730; x_wconf 88' lang='grc' dir='ltr'>τάδε,</span> <span class='ocrx_word' id='word_1_61' title='bbox 986 672 1050 726; x_wconf 85' lang='grc' dir='ltr'>ὡς</span> <span class='ocrx_word' id='word_1_62' title='bbox 1081 675 1127 724; x_wconf 82' lang='grc' dir='ltr'>οἱ</span> <span class='ocrx_word' id='word_1_63' title='bbox 1161 672 1408 737; x_wconf 86' lang='grc' dir='ltr'>Μιλήσιοι</span> <span class='ocrx_word' id='word_1_64' title='bbox 1439 679 1536 726; x_wconf 86' lang='grc' dir='ltr'>τῶν</span> <span class='ocrx_word' id='word_1_65' title='bbox 1562 673 1839 739; x_wconf 87' lang='grc' dir='ltr'>Ἀθηναίων</span> 
     </span>
     <span class='ocr_line' id='line_1_11' title="bbox 164 754 1836 827; baseline 0.003 -21"><span class='ocrx_word' id='word_1_66' title='bbox 164 755 265 807; x_wconf 86' lang='grc' dir='ltr'>εἰσὶ</span> <span class='ocrx_word' id='word_1_67' title='bbox 295 754 506 815; x_wconf 86' lang='grc' dir='ltr'>ἄποικοι,</span> <span class='ocrx_word' id='word_1_68' title='bbox 542 756 620 807; x_wconf 86' lang='grc' dir='ltr'>καὶ</span> <span class='ocrx_word' id='word_1_69' title='bbox 650 757 782 809; x_wconf 81' lang='grc' dir='ltr'>οἰκός</span> <span class='ocrx_word' id='word_1_70' title='bbox 819 762 983 821; x_wconf 90' lang='grc' dir='ltr'>σφεας</span> <span class='ocrx_word' id='word_1_71' title='bbox 1015 758 1087 821; x_wconf 88' lang='grc' dir='ltr'>εἴη</span> <span class='ocrx_word' id='word_1_72' title='bbox 1124 757 1332 823; x_wconf 89' lang='grc' dir='ltr'>ῥύεσθαι</span> <span class='ocrx_word' id='word_1_73' title='bbox 1367 757 1663 823; x_wconf 84' lang='grc' dir='ltr'>δυναμένους</span> <span class='ocrx_word' id='word_1_74' title='bbox 1691 758 1836 827; x_wconf 88' lang='grc' dir='ltr'>μέγα.</span> 
     </span>
     <span class='ocr_line' id='line_1_12' title="bbox 164 838 1841 908; baseline 0.004 -19"><span class='ocrx_word' id='word_1_75' title='bbox 164 839 243 891; x_wconf 91' lang='grc' dir='ltr'>καὶ</span> <span class='ocrx_word' id='word_1_76' title='bbox 265 838 406 892; x_wconf 79' lang='grc' dir='ltr'>οὐδὲν</span> <span class='ocrx_word' id='word_1_77' title='bbox 431 841 460 891; x_wconf 85' lang='grc' dir='ltr'>ὅ</span> <span class='ocrx_word' id='word_1_78' title='bbox 480 861 527 891; x_wconf 97' lang='grc' dir='ltr'>τι</span> <span class='ocrx_word' id='word_1_79' title='bbox 550 839 636 891; x_wconf 82' lang='grc' dir='ltr'>οὐκ</span> <span class='ocrx_word' id='word_1_80' title='bbox 659 841 904 908; x_wconf 82' lang='grc' dir='ltr'>ὑπίσχετο</span> <span class='ocrx_word' id='word_1_81' title='bbox 928 841 1008 892; x_wconf 76' lang='grc' dir='ltr'>οἶα</span> <span class='ocrx_word' id='word_1_82' title='bbox 1033 840 1184 908; x_wconf 86' lang='grc' dir='ltr'>κάρτα</span> <span class='ocrx_word' id='word_1_83' title='bbox 1207 842 1454 907; x_wconf 90' lang='grc' dir='ltr'>δεόμενος,</span> <span class='ocrx_word' id='word_1_84' title='bbox 1481 844 1532 896; x_wconf 80' lang='grc' dir='ltr'>ἐς</span> <span class='ocrx_word' id='word_1_85' title='bbox 1554 840 1580 893; x_wconf 80' lang='grc' dir='ltr'><strong><em>ὃ</em></strong></span> <span class='ocrx_word' id='word_1_86' title='bbox 1605 841 1841 896; x_wconf 87' lang='grc' dir='ltr'>ἀνέπεισέ</span> 
     </span>
     <span class='ocr_line' id='line_1_13' title="bbox 165 924 1838 993; baseline 0.004 -20"><span class='ocrx_word' id='word_1_87' title='bbox 165 930 347 991; x_wconf 87' lang='grc' dir='ltr'>σφεας.</span> <span class='ocrx_word' id='word_1_88' title='bbox 421 924 642 978; x_wconf 84' lang='grc' dir='ltr'>πολλοὺς</span> <span class='ocrx_word' id='word_1_89' title='bbox 674 926 768 991; x_wconf 78' lang='grc' dir='ltr'>γὰρ</span> <span class='ocrx_word' id='word_1_90' title='bbox 800 925 904 977; x_wconf 79' lang='grc' dir='ltr'>οἶκε</span> <span class='ocrx_word' id='word_1_91' title='bbox 935 926 1060 977; x_wconf 80' lang='grc' dir='ltr'>εἶναι</span> <span class='ocrx_word' id='word_1_92' title='bbox 1092 925 1447 993; x_wconf 84' lang='grc' dir='ltr'>εὐπετέστερον</span> <span class='ocrx_word' id='word_1_93' title='bbox 1478 926 1777 992; x_wconf 81' lang='grc' dir='ltr'>διαβάλλειν</span> <span class='ocrx_word' id='word_1_94' title='bbox 1807 924 1838 992; x_wconf 84' lang='grc' dir='ltr'>ἢ</span> 
     </span>
     <span class='ocr_line' id='line_1_14' title="bbox 163 1008 1837 1076; baseline 0.002 -16"><span class='ocrx_word' id='word_1_95' title='bbox 163 1009 266 1067; x_wconf 82' lang='grc' dir='ltr'>ἕνα,</span> <span class='ocrx_word' id='word_1_96' title='bbox 294 1010 338 1060; x_wconf 80' lang='grc' dir='ltr'>εἷ</span> <span class='ocrx_word' id='word_1_97' title='bbox 362 1008 650 1074; x_wconf 88' lang='grc' dir='ltr'>Κλεομένεα</span> <span class='ocrx_word' id='word_1_98' title='bbox 679 1011 771 1075; x_wconf 85' lang='grc' dir='ltr'>μὲν</span> <span class='ocrx_word' id='word_1_99' title='bbox 794 1009 881 1061; x_wconf 85' lang='grc' dir='ltr'>τὸν</span> <span class='ocrx_word' id='word_1_100' title='bbox 905 1011 1294 1075; x_wconf 89' lang='grc' dir='ltr'>Λακεδαιμόνιον</span> <span class='ocrx_word' id='word_1_101' title='bbox 1324 1015 1504 1076; x_wconf 83' lang='grc' dir='ltr'>μοῦνον</span> <span class='ocrx_word' id='word_1_102' title='bbox 1534 1010 1621 1062; x_wconf 83' lang='grc' dir='ltr'>οὐκ</span> <span class='ocrx_word' id='word_1_103' title='bbox 1651 1013 1753 1065; x_wconf 81' lang='grc' dir='ltr'>οἷός</span> <span class='ocrx_word' id='word_1_104' title='bbox 1783 1035 1837 1064; x_wconf 89' lang='grc' dir='ltr'>τε</span> 
     </span>
     <span class='ocr_line' id='line_1_15' title="bbox 163 1091 1836 1162; baseline 0.002 -17"><span class='ocrx_word' id='word_1_105' title='bbox 163 1091 363 1159; x_wconf 82' lang='grc' dir='ltr'>ἐγένετο</span> <span class='ocrx_word' id='word_1_106' title='bbox 403 1092 719 1159; x_wconf 83' lang='grc' dir='ltr'>διαβάλλειν,</span> <span class='ocrx_word' id='word_1_107' title='bbox 763 1099 894 1160; x_wconf 83' lang='grc' dir='ltr'>τρεῖς</span> <span class='ocrx_word' id='word_1_108' title='bbox 936 1096 989 1146; x_wconf 82' lang='grc' dir='ltr'>δὲ</span> <span class='ocrx_word' id='word_1_109' title='bbox 1033 1094 1270 1162; x_wconf 88' lang='grc' dir='ltr'>μυριάδας</span> <span class='ocrx_word' id='word_1_110' title='bbox 1310 1094 1586 1159; x_wconf 86' lang='grc' dir='ltr'>Ἀθηναίων</span> <span class='ocrx_word' id='word_1_111' title='bbox 1629 1097 1836 1161; x_wconf 85' lang='grc' dir='ltr'>ἐποίησε</span> 
     </span>
     <span class='ocr_line' id='line_1_16' title="bbox 159 1177 1837 1246; baseline 0.003 -18"><span class='ocrx_word' id='word_1_112' title='bbox 159 1183 320 1230; x_wconf 84' lang='grc' dir='ltr'>τοῦτο.</span> <span class='ocrx_word' id='word_1_113' title='bbox 401 1177 660 1243; x_wconf 87' lang='grc' dir='ltr'>Ἀθηναῖοι</span> <span class='ocrx_word' id='word_1_114' title='bbox 688 1180 780 1244; x_wconf 78' lang='grc' dir='ltr'>μὲν</span> <span class='ocrx_word' id='word_1_115' title='bbox 811 1178 870 1243; x_wconf 79' lang='grc' dir='ltr'>δὴ</span> <span class='ocrx_word' id='word_1_116' title='bbox 903 1178 1291 1232; x_wconf 83' lang='grc' dir='ltr'>ἀναπεισθέντες</span> <span class='ocrx_word' id='word_1_117' title='bbox 1322 1179 1646 1246; x_wconf 84' lang='grc' dir='ltr'>ἐψηφίσαντο</span> <span class='ocrx_word' id='word_1_118' title='bbox 1677 1182 1837 1233; x_wconf 86' lang='grc' dir='ltr'>εἴκοσι</span> 
     </span>
     <span class='ocr_line' id='line_1_17' title="bbox 159 1261 1833 1331; baseline 0.002 -17"><span class='ocrx_word' id='word_1_119' title='bbox 159 1261 283 1316; x_wconf 90' lang='grc' dir='ltr'>νέας</span> <span class='ocrx_word' id='word_1_120' title='bbox 305 1263 603 1315; x_wconf 83' lang='grc' dir='ltr'>ἀποστεῖλαι</span> <span class='ocrx_word' id='word_1_121' title='bbox 633 1262 853 1328; x_wconf 88' lang='grc' dir='ltr'>βοηθοὺς</span> <span class='ocrx_word' id='word_1_122' title='bbox 875 1261 1037 1326; x_wconf 80' lang='grc' dir='ltr'>Ἴωσι,</span> <span class='ocrx_word' id='word_1_123' title='bbox 1073 1262 1355 1331; x_wconf 86' lang='grc' dir='ltr'>στρατηγὸν</span> <span class='ocrx_word' id='word_1_124' title='bbox 1386 1262 1719 1329; x_wconf 81' lang='grc' dir='ltr'>ἀποδέξαντες</span> <span class='ocrx_word' id='word_1_125' title='bbox 1749 1267 1833 1318; x_wconf 87' lang='grc' dir='ltr'>αὐ-</span> 
     </span>
     <span class='ocr_line' id='line_1_18' title="bbox 157 1346 1836 1414; baseline 0.003 -17"><span class='ocrx_word' id='word_1_126' title='bbox 157 1351 256 1398; x_wconf 83' lang='grc' dir='ltr'>τῶν</span> <span class='ocrx_word' id='word_1_127' title='bbox 302 1346 428 1399; x_wconf 77' lang='grc' dir='ltr'>εἶναι</span> <span class='ocrx_word' id='word_1_128' title='bbox 474 1346 780 1407; x_wconf 85' lang='grc' dir='ltr'>Μελάνθιον,</span> <span class='ocrx_word' id='word_1_129' title='bbox 828 1346 981 1414; x_wconf 84' lang='grc' dir='ltr'>ἄνδρα</span> <span class='ocrx_word' id='word_1_130' title='bbox 1025 1351 1123 1400; x_wconf 81' lang='grc' dir='ltr'>τῶν</span> <span class='ocrx_word' id='word_1_131' title='bbox 1167 1349 1335 1400; x_wconf 84' lang='grc' dir='ltr'>ἀστῶν</span> <span class='ocrx_word' id='word_1_132' title='bbox 1380 1348 1525 1400; x_wconf 81' lang='grc' dir='ltr'>ε’όντα</span> <span class='ocrx_word' id='word_1_133' title='bbox 1570 1351 1632 1400; x_wconf 85' lang='grc' dir='ltr'>τὰ</span> <span class='ocrx_word' id='word_1_134' title='bbox 1675 1348 1836 1402; x_wconf 87' lang='grc' dir='ltr'>πάντα</span> 
     </span>
     <span class='ocr_line' id='line_1_19' title="bbox 158 1430 1834 1500; baseline 0.002 -18"><span class='ocrx_word' id='word_1_135' title='bbox 158 1431 376 1496; x_wconf 85' lang='grc' dir='ltr'>δόκιμον.</span> <span class='ocrx_word' id='word_1_136' title='bbox 453 1431 594 1483; x_wconf 77' lang='grc' dir='ltr'>αὗται</span> <span class='ocrx_word' id='word_1_137' title='bbox 623 1434 676 1484; x_wconf 82' lang='grc' dir='ltr'>δὲ</span> <span class='ocrx_word' id='word_1_138' title='bbox 706 1434 756 1484; x_wconf 82' lang='grc' dir='ltr'>αἱ</span> <span class='ocrx_word' id='word_1_139' title='bbox 787 1430 895 1485; x_wconf 89' lang='grc' dir='ltr'>νέες</span> <span class='ocrx_word' id='word_1_140' title='bbox 925 1431 1053 1500; x_wconf 79' lang='grc' dir='ltr'>ἀρχὴ</span> <span class='ocrx_word' id='word_1_141' title='bbox 1086 1437 1247 1484; x_wconf 87' lang='grc' dir='ltr'>κακῶν</span> <span class='ocrx_word' id='word_1_142' title='bbox 1278 1431 1508 1499; x_wconf 83' lang='grc' dir='ltr'>ἐγένοντο</span> <span class='ocrx_word' id='word_1_143' title='bbox 1523 1431 1755 1498; x_wconf 72' lang='grc' dir='ltr'>ἽΞλλησί</span> <span class='ocrx_word' id='word_1_144' title='bbox 1781 1456 1834 1486; x_wconf 92' lang='grc' dir='ltr'>τε</span> 
     </span>
    </p>
   </div>
   <div class='ocr_carea' id='block_1_6' title="bbox 108 1515 1829 1584">
    <p class='ocr_par' dir='ltr' id='par_1_6' title="bbox 108 1515 1829 1584">
     <span class='ocr_line' id='line_1_20' title="bbox 108 1515 1829 1584; baseline 0.002 -18"><span class='ocrx_word' id='word_1_145' title='bbox 108 1522 110 1525; x_wconf 75' lang='grc'><strong>’</strong></span> <span class='ocrx_word' id='word_1_146' title='bbox 160 1516 239 1568; x_wconf 90' lang='grc' dir='ltr'>καὶ</span> <span class='ocrx_word' id='word_1_147' title='bbox 274 1515 604 1583; x_wconf 88' lang='grc' dir='ltr'>βαρβάροισι.</span> <span class='ocrx_word' id='word_1_148' title='bbox 692 1515 1058 1584; x_wconf 82' lang='grc' dir='ltr'>Ἀρισταγόρης</span> <span class='ocrx_word' id='word_1_149' title='bbox 1099 1520 1153 1569; x_wconf 84' lang='grc' dir='ltr'>δὲ</span> <span class='ocrx_word' id='word_1_150' title='bbox 1192 1517 1498 1583; x_wconf 85' lang='grc' dir='ltr'>προπλώσας</span> <span class='ocrx_word' id='word_1_151' title='bbox 1540 1519 1618 1570; x_wconf 88' lang='grc' dir='ltr'>καὶ</span> <span class='ocrx_word' id='word_1_152' title='bbox 1658 1519 1829 1570; x_wconf 87' lang='grc' dir='ltr'>ἀπικό-</span> 
     </span>
    </p>
   </div>
   <div class='ocr_carea' id='block_1_7' title="bbox 84 1866 135 1894">
    <p class='ocr_par' dir='ltr' id='par_1_7' title="bbox 84 1866 135 1894">
     <span class='ocr_line' id='line_1_21' title="bbox 84 1866 135 1894; baseline 0 0"><span class='ocrx_word' id='word_1_153' title='bbox 84 1866 135 1894; x_wconf 83' lang='lat'>20</span> 
     </span>
    </p>
   </div>
   <div class='ocr_carea' id='block_1_8' title="bbox 156 1599 1833 2514">
    <p class='ocr_par' dir='ltr' id='par_1_8' title="bbox 156 1599 1833 2514">
     <span class='ocr_line' id='line_1_22' title="bbox 156 1599 1833 1668; baseline 0.002 -16"><span class='ocrx_word' id='word_1_154' title='bbox 156 1622 304 1665; x_wconf 88' lang='grc' dir='ltr'>μενος</span> <span class='ocrx_word' id='word_1_155' title='bbox 340 1603 391 1655; x_wconf 83' lang='grc' dir='ltr'>ἐς</span> <span class='ocrx_word' id='word_1_156' title='bbox 427 1600 518 1666; x_wconf 80' lang='grc' dir='ltr'>τὴν</span> <span class='ocrx_word' id='word_1_157' title='bbox 550 1602 796 1666; x_wconf 88' lang='grc' dir='ltr'>Μίλητον,</span> <span class='ocrx_word' id='word_1_158' title='bbox 831 1599 1041 1667; x_wconf 79' lang='grc' dir='ltr'>ἐξευρὼν</span> <span class='ocrx_word' id='word_1_159' title='bbox 1076 1601 1333 1666; x_wconf 81' lang='grc' dir='ltr'>βούλευμα</span> <span class='ocrx_word' id='word_1_160' title='bbox 1368 1600 1451 1654; x_wconf 85' lang='grc' dir='ltr'>ἀπ’</span> <span class='ocrx_word' id='word_1_161' title='bbox 1484 1602 1540 1653; x_wconf 77' lang='grc' dir='ltr'>οὗ</span> <span class='ocrx_word' id='word_1_162' title='bbox 1563 1601 1707 1654; x_wconf 82' lang='grc' dir='ltr'>Ἴωσι</span> <span class='ocrx_word' id='word_1_163' title='bbox 1739 1605 1833 1668; x_wconf 79' lang='grc' dir='ltr'>μὲν</span> 
     </span>
     <span class='ocr_line' id='line_1_23' title="bbox 157 1683 1833 1753; baseline 0.002 -18"><span class='ocrx_word' id='word_1_164' title='bbox 157 1684 360 1749; x_wconf 82' lang='grc' dir='ltr'>οὐδεμία</span> <span class='ocrx_word' id='word_1_165' title='bbox 389 1685 573 1751; x_wconf 85' lang='grc' dir='ltr'>ἔμελλε</span> <span class='ocrx_word' id='word_1_166' title='bbox 609 1685 802 1753; x_wconf 87' lang='grc' dir='ltr'>ὠφελίη</span> <span class='ocrx_word' id='word_1_167' title='bbox 836 1686 1047 1737; x_wconf 84' lang='grc' dir='ltr'>ἔσεσθαι</span> <span class='ocrx_word' id='word_1_168' title='bbox 1075 1683 1195 1751; x_wconf 80' lang='grc' dir='ltr'>(οὐδ’</span> <span class='ocrx_word' id='word_1_169' title='bbox 1227 1684 1295 1737; x_wconf 70' lang='grc' dir='ltr'>ὧν</span> <span class='ocrx_word' id='word_1_170' title='bbox 1326 1685 1435 1738; x_wconf 80' lang='grc' dir='ltr'>οὐδὲ</span> <span class='ocrx_word' id='word_1_171' title='bbox 1466 1686 1640 1738; x_wconf 84' lang='grc' dir='ltr'>τούτου</span> <span class='ocrx_word' id='word_1_172' title='bbox 1670 1688 1833 1740; x_wconf 85' lang='grc' dir='ltr'>εἵνεκα</span> 
     </span>
     <span class='ocr_line' id='line_1_24' title="bbox 157 1768 1833 1837; baseline 0.001 -16"><span class='ocrx_word' id='word_1_173' title='bbox 157 1770 321 1822; x_wconf 86' lang='grc' dir='ltr'>ἐποίεε</span> <span class='ocrx_word' id='word_1_174' title='bbox 349 1769 467 1822; x_wconf 88' lang='grc' dir='ltr'>ἀλλ’</span> <span class='ocrx_word' id='word_1_175' title='bbox 489 1771 615 1823; x_wconf 88' lang='grc' dir='ltr'>ὅκως</span> <span class='ocrx_word' id='word_1_176' title='bbox 645 1768 871 1835; x_wconf 90' lang='grc' dir='ltr'>βασιλέα</span> <span class='ocrx_word' id='word_1_177' title='bbox 896 1774 1110 1836; x_wconf 85' lang='grc' dir='ltr'>Δαρεῖον</span> <span class='ocrx_word' id='word_1_178' title='bbox 1139 1768 1415 1834; x_wconf 88' lang='grc' dir='ltr'>λυπήσειε),</span> <span class='ocrx_word' id='word_1_179' title='bbox 1442 1769 1638 1837; x_wconf 83' lang='grc' dir='ltr'>ἔπεμψε</span> <span class='ocrx_word' id='word_1_180' title='bbox 1668 1773 1718 1824; x_wconf 83' lang='grc' dir='ltr'>ἐς</span> <span class='ocrx_word' id='word_1_181' title='bbox 1742 1771 1833 1836; x_wconf 82' lang='grc' dir='ltr'>τὴν</span> 
     </span>
     <span class='ocr_line' id='line_1_25' title="bbox 158 1853 1833 1927; baseline 0.001 -22"><span class='ocrx_word' id='word_1_182' title='bbox 158 1855 379 1921; x_wconf 84' lang='grc' dir='ltr'>Φρυγίην</span> <span class='ocrx_word' id='word_1_183' title='bbox 399 1853 552 1921; x_wconf 85' lang='grc' dir='ltr'>ἄνδρα</span> <span class='ocrx_word' id='word_1_184' title='bbox 575 1854 655 1906; x_wconf 90' lang='grc' dir='ltr'>ε’πὶ</span> <span class='ocrx_word' id='word_1_185' title='bbox 675 1853 787 1907; x_wconf 89' lang='grc' dir='ltr'>τοὺς</span> <span class='ocrx_word' id='word_1_186' title='bbox 809 1854 1032 1908; x_wconf 92' lang='grc' dir='ltr'>Παίονας</span> <span class='ocrx_word' id='word_1_187' title='bbox 1051 1854 1164 1907; x_wconf 83' lang='grc' dir='ltr'>τοὺς</span> <span class='ocrx_word' id='word_1_188' title='bbox 1189 1854 1289 1906; x_wconf 82' lang='grc' dir='ltr'>ἀπὸ</span> <span class='ocrx_word' id='word_1_189' title='bbox 1309 1855 1588 1922; x_wconf 84' lang='grc' dir='ltr'>Στρυμόνος</span> <span class='ocrx_word' id='word_1_190' title='bbox 1601 1861 1833 1927; x_wconf 80' lang='grc' dir='ltr'>ποταμοῦ</span> 
     </span>
     <span class='ocr_line' id='line_1_26' title="bbox 157 1937 1831 2006; baseline 0.004 -17"><span class='ocrx_word' id='word_1_191' title='bbox 157 1939 505 2006; x_wconf 83' lang='grc' dir='ltr'>αἰχμαλώτους</span> <span class='ocrx_word' id='word_1_192' title='bbox 543 1937 839 2005; x_wconf 89' lang='grc' dir='ltr'>γενομένους</span> <span class='ocrx_word' id='word_1_193' title='bbox 875 1937 971 1990; x_wconf 88' lang='grc' dir='ltr'>ὑπὸ</span> <span class='ocrx_word' id='word_1_194' title='bbox 1009 1937 1331 2005; x_wconf 78' lang='grc' dir='ltr'>Μεγαβάζου,</span> <span class='ocrx_word' id='word_1_195' title='bbox 1366 1937 1619 1993; x_wconf 83' lang='grc' dir='ltr'>οἰκέοντας</span> <span class='ocrx_word' id='word_1_196' title='bbox 1655 1942 1707 1992; x_wconf 80' lang='grc' dir='ltr'>δὲ</span> <span class='ocrx_word' id='word_1_197' title='bbox 1742 1944 1831 2005; x_wconf 86' lang='grc' dir='ltr'>τῆς</span> 
     </span>
     <span class='ocr_line' id='line_1_27' title="bbox 158 2022 1830 2091; baseline 0.002 -18"><span class='ocrx_word' id='word_1_198' title='bbox 158 2024 377 2089; x_wconf 83' lang='grc' dir='ltr'>Φρυγίης</span> <span class='ocrx_word' id='word_1_199' title='bbox 407 2023 657 2091; x_wconf 84' lang='grc' dir='ltr'>χῶρόντε</span> <span class='ocrx_word' id='word_1_200' title='bbox 689 2024 767 2075; x_wconf 89' lang='grc' dir='ltr'>καὶ</span> <span class='ocrx_word' id='word_1_201' title='bbox 800 2023 967 2088; x_wconf 83' lang='grc' dir='ltr'>κώμην</span> <span class='ocrx_word' id='word_1_202' title='bbox 998 2022 1075 2074; x_wconf 78' lang='grc' dir='ltr'>ἐπ’</span> <span class='ocrx_word' id='word_1_203' title='bbox 1101 2026 1307 2082; x_wconf 84' lang='grc' dir='ltr'>ἑωυτῶν,</span> <span class='ocrx_word' id='word_1_204' title='bbox 1343 2022 1397 2077; x_wconf 84' lang='grc' dir='ltr'>ὃς</span> <span class='ocrx_word' id='word_1_205' title='bbox 1426 2023 1593 2088; x_wconf 79' lang='grc' dir='ltr'>ἐπειδὴ</span> <span class='ocrx_word' id='word_1_206' title='bbox 1626 2025 1830 2076; x_wconf 88' lang='grc' dir='ltr'>ἀπίκετο</span> 
     </span>
     <span class='ocr_line' id='line_1_28' title="bbox 158 2106 1827 2175; baseline 0.001 -16"><span class='ocrx_word' id='word_1_207' title='bbox 158 2109 207 2161; x_wconf 82' lang='grc' dir='ltr'>ἐς</span> <span class='ocrx_word' id='word_1_208' title='bbox 243 2107 358 2161; x_wconf 83' lang='grc' dir='ltr'>τοὺς</span> <span class='ocrx_word' id='word_1_209' title='bbox 394 2108 632 2167; x_wconf 88' lang='grc' dir='ltr'>Παίονας,</span> <span class='ocrx_word' id='word_1_210' title='bbox 664 2107 810 2174; x_wconf 82' lang='grc' dir='ltr'>ἔλεγε</span> <span class='ocrx_word' id='word_1_211' title='bbox 850 2107 983 2159; x_wconf 86' lang='grc' dir='ltr'>τάδε·</span> <span class='ocrx_word' id='word_1_212' title='bbox 1019 2106 1231 2174; x_wconf 60' lang='grc' dir='ltr'>*Άνδρες</span> <span class='ocrx_word' id='word_1_213' title='bbox 1262 2108 1493 2166; x_wconf 90' lang='grc' dir='ltr'>Παίονες,</span> <span class='ocrx_word' id='word_1_214' title='bbox 1533 2107 1733 2175; x_wconf 74' lang='grc' dir='ltr'>ἔπεμψέ</span> <span class='ocrx_word' id='word_1_215' title='bbox 1767 2131 1827 2174; x_wconf 91' lang='grc' dir='ltr'>με</span> 
     </span>
     <span class='ocr_line' id='line_1_29' title="bbox 158 2190 1829 2259; baseline 0.002 -18"><span class='ocrx_word' id='word_1_216' title='bbox 158 2190 521 2259; x_wconf 87' lang='grc' dir='ltr'>Ἀρισταγόρης</span> <span class='ocrx_word' id='word_1_217' title='bbox 557 2193 584 2242; x_wconf 88' lang='grc' dir='ltr'>ὁ</span> <span class='ocrx_word' id='word_1_218' title='bbox 622 2190 852 2256; x_wconf 89' lang='grc' dir='ltr'>Μιλήτου</span> <span class='ocrx_word' id='word_1_219' title='bbox 891 2192 1128 2258; x_wconf 83' lang='grc' dir='ltr'>τύραννος</span> <span class='ocrx_word' id='word_1_220' title='bbox 1166 2192 1415 2258; x_wconf 90' lang='grc' dir='ltr'>σωτηρίην</span> <span class='ocrx_word' id='word_1_221' title='bbox 1451 2193 1829 2258; x_wconf 82' lang='grc' dir='ltr'>ὑποθησόμενον</span> 
     </span>
     <span class='ocr_line' id='line_1_30' title="bbox 157 2275 1829 2343; baseline 0.001 -17"><span class='ocrx_word' id='word_1_222' title='bbox 157 2277 286 2340; x_wconf 83' lang='grc' dir='ltr'>ὑμῖν,</span> <span class='ocrx_word' id='word_1_223' title='bbox 327 2275 388 2341; x_wconf 88' lang='grc' dir='ltr'>ἥν</span> <span class='ocrx_word' id='word_1_224' title='bbox 427 2299 519 2343; x_wconf 93' lang='grc' dir='ltr'>περ</span> <span class='ocrx_word' id='word_1_225' title='bbox 558 2276 822 2342; x_wconf 88' lang='grc' dir='ltr'>βούλησθε</span> <span class='ocrx_word' id='word_1_226' title='bbox 862 2276 1140 2328; x_wconf 91' lang='grc' dir='ltr'>πείθεσθαι.</span> <span class='ocrx_word' id='word_1_227' title='bbox 1223 2281 1317 2327; x_wconf 68' lang='grc' dir='ltr'>’νῦν</span> <span class='ocrx_word' id='word_1_228' title='bbox 1356 2277 1450 2342; x_wconf 77' lang='grc' dir='ltr'>γὰρ</span> <span class='ocrx_word' id='word_1_229' title='bbox 1487 2275 1647 2340; x_wconf 86' lang='grc' dir='ltr'>Ἰωνίη</span> <span class='ocrx_word' id='word_1_230' title='bbox 1689 2281 1829 2329; x_wconf 81' lang='grc' dir='ltr'>πᾶσα</span> 
     </span>
     <span class='ocr_line' id='line_1_31' title="bbox 157 2358 1829 2429; baseline 0.001 -19"><span class='ocrx_word' id='word_1_231' title='bbox 157 2359 410 2426; x_wconf 84' lang='grc' dir='ltr'>ἀπέστηκε</span> <span class='ocrx_word' id='word_1_232' title='bbox 441 2360 541 2413; x_wconf 85' lang='grc' dir='ltr'>ἀπὸ</span> <span class='ocrx_word' id='word_1_233' title='bbox 569 2360 832 2426; x_wconf 87' lang='grc' dir='ltr'>βασιλέος,</span> <span class='ocrx_word' id='word_1_234' title='bbox 861 2361 939 2412; x_wconf 92' lang='grc' dir='ltr'>καὶ</span> <span class='ocrx_word' id='word_1_235' title='bbox 968 2362 1082 2425; x_wconf 84' lang='grc' dir='ltr'>ὑμῖν</span> <span class='ocrx_word' id='word_1_236' title='bbox 1112 2359 1319 2428; x_wconf 88' lang='grc' dir='ltr'>παρέχει</span> <span class='ocrx_word' id='word_1_237' title='bbox 1351 2358 1597 2429; x_wconf 78' lang='grc' dir='ltr'>σῴζεσθαι</span> <span class='ocrx_word' id='word_1_238' title='bbox 1628 2361 1708 2412; x_wconf 85' lang='grc' dir='ltr'>ἐπὶ</span> <span class='ocrx_word' id='word_1_239' title='bbox 1738 2361 1829 2424; x_wconf 78' lang='grc' dir='ltr'>τὴν</span> 
     </span>
     <span class='ocr_line' id='line_1_32' title="bbox 157 2443 1828 2514; baseline 0.001 -19"><span class='ocrx_word' id='word_1_240' title='bbox 157 2444 394 2511; x_wconf 85' lang='grc' dir='ltr'>ὑμετέρην</span> <span class='ocrx_word' id='word_1_241' title='bbox 435 2446 612 2498; x_wconf 85' lang='grc' dir='ltr'>αὐτῶν·</span> <span class='ocrx_word' id='word_1_242' title='bbox 658 2445 806 2514; x_wconf 89' lang='grc' dir='ltr'>μέχρι</span> <span class='ocrx_word' id='word_1_243' title='bbox 846 2448 938 2510; x_wconf 82' lang='grc' dir='ltr'>μὲν</span> <span class='ocrx_word' id='word_1_244' title='bbox 975 2443 1241 2509; x_wconf 91' lang='grc' dir='ltr'>θαλάσσης</span> <span class='ocrx_word' id='word_1_245' title='bbox 1281 2444 1475 2495; x_wconf 84' lang='grc' dir='ltr'>αὐτοῖσι</span> <span class='ocrx_word' id='word_1_246' title='bbox 1514 2446 1642 2509; x_wconf 84' lang='grc' dir='ltr'>ὑμῖν,</span> <span class='ocrx_word' id='word_1_247' title='bbox 1681 2444 1738 2496; x_wconf 88' lang='grc' dir='ltr'>τὸ</span> <span class='ocrx_word' id='word_1_248' title='bbox 1775 2449 1828 2497; x_wconf 82' lang='grc' dir='ltr'>δὲ</span> 
     </span>
    </p>
   </div>
   <div class='ocr_carea' id='block_1_9' title="bbox 156 2582 1826 2960">
    <p class='ocr_par' dir='ltr' id='par_1_9' title="bbox 156 2582 1826 2960">
     <span class='ocr_line' id='line_1_33' title="bbox 215 2582 1826 2632; baseline 0.001 -10"><span class='ocrx_word' id='word_1_249' title='bbox 215 2597 233 2622; x_wconf 91' lang='lat'>1</span> <span class='ocrx_word' id='word_1_250' title='bbox 267 2585 339 2626; x_wconf 74' lang='grc' dir='ltr'>τὰς</span> <span class='ocrx_word' id='word_1_251' title='bbox 357 2597 438 2623; x_wconf 88' lang='lat' dir='ltr'>om.</span> <span class='ocrx_word' id='word_1_252' title='bbox 463 2583 504 2623; x_wconf 88' lang='lat' dir='ltr'>A</span> <span class='ocrx_word' id='word_1_253' title='bbox 518 2584 552 2622; x_wconf 95' lang='lat' dir='ltr'><strong>B</strong></span> <span class='ocrx_word' id='word_1_254' title='bbox 569 2584 602 2623; x_wconf 93' lang='lat' dir='ltr'>C</span> <span class='ocrx_word' id='word_1_255' title='bbox 617 2584 650 2622; x_wconf 90' lang='lat' dir='ltr'>P</span> <span class='ocrx_word' id='word_1_256' title='bbox 762 2584 787 2632; x_wconf 81' lang='grc' dir='ltr'>ἡ</span> <span class='ocrx_word' id='word_1_257' title='bbox 809 2597 888 2623; x_wconf 88' lang='lat' dir='ltr'>om.</span> <span class='ocrx_word' id='word_1_258' title='bbox 916 2584 945 2622; x_wconf 83' lang='lat' dir='ltr'>S</span> <span class='ocrx_word' id='word_1_259' title='bbox 959 2584 997 2622; x_wconf 94' lang='lat' dir='ltr'>V</span> <span class='ocrx_word' id='word_1_260' title='bbox 1012 2583 1050 2622; x_wconf 92' lang='lat' dir='ltr'>U</span> <span class='ocrx_word' id='word_1_261' title='bbox 1200 2596 1225 2621; x_wconf 83' lang='lat'>2</span> <span class='ocrx_word' id='word_1_262' title='bbox 1254 2583 1383 2624; x_wconf 83' lang='grc' dir='ltr'>ταύτὰ</span> <span class='ocrx_word' id='word_1_263' title='bbox 1406 2582 1798 2632; x_wconf 82' lang='lat' dir='ltr'>Schweighaeuser</span> <span class='ocrx_word' id='word_1_264' title='bbox 1817 2599 1826 2623; x_wconf 94' lang='lat'>:</span> 
     </span>
     <span class='ocr_line' id='line_1_34' title="bbox 157 2636 1824 2688; baseline -0.001 -8"><span class='ocrx_word' id='word_1_265' title='bbox 157 2642 288 2680; x_wconf 83' lang='grc' dir='ltr'>ταῦτα</span> <span class='ocrx_word' id='word_1_266' title='bbox 309 2639 343 2677; x_wconf 91' lang='lat' dir='ltr'>L</span> <span class='ocrx_word' id='word_1_267' title='bbox 536 2651 560 2688; x_wconf 88' lang='lat'>5</span> <span class='ocrx_word' id='word_1_268' title='bbox 592 2637 788 2680; x_wconf 84' lang='grc' dir='ltr'>εὐπετέως</span> <span class='ocrx_word' id='word_1_269' title='bbox 809 2639 848 2677; x_wconf 89' lang='grc' dir='ltr'>Α</span> <span class='ocrx_word' id='word_1_270' title='bbox 863 2639 896 2676; x_wconf 87' lang='grc' dir='ltr'>Β</span> <span class='ocrx_word' id='word_1_271' title='bbox 914 2639 947 2676; x_wconf 93' lang='lat' dir='ltr'><strong>C</strong></span> <span class='ocrx_word' id='word_1_272' title='bbox 1073 2655 1119 2678; x_wconf 78' lang='grc' dir='ltr'>τε</span> <span class='ocrx_word' id='word_1_273' title='bbox 1141 2651 1222 2677; x_wconf 90' lang='lat' dir='ltr'>om.</span> <span class='ocrx_word' id='word_1_274' title='bbox 1248 2638 1282 2676; x_wconf 92' lang='lat' dir='ltr'>C</span> <span class='ocrx_word' id='word_1_275' title='bbox 1403 2654 1448 2676; x_wconf 86' lang='grc' dir='ltr'>τε</span> <span class='ocrx_word' id='word_1_276' title='bbox 1469 2636 1538 2687; x_wconf 81' lang='grc' dir='ltr'>δὴ]</span> <span class='ocrx_word' id='word_1_277' title='bbox 1561 2639 1610 2686; x_wconf 84' lang='grc' dir='ltr'>δὴ</span> <span class='ocrx_word' id='word_1_278' title='bbox 1630 2637 1666 2675; x_wconf 96' lang='lat' dir='ltr'>V</span> <span class='ocrx_word' id='word_1_279' title='bbox 1684 2652 1692 2675; x_wconf 73' lang='grc' dir='ltr'>ε</span> <span class='ocrx_word' id='word_1_280' title='bbox 1724 2638 1767 2678; x_wconf 84' lang='grc' dir='ltr'>δὲ</span> <span class='ocrx_word' id='word_1_281' title='bbox 1794 2641 1824 2678; x_wconf 89' lang='lat' dir='ltr'>S</span> 
     </span>
     <span class='ocr_line' id='line_1_35' title="bbox 156 2691 1824 2743; baseline 0.001 -12"><span class='ocrx_word' id='word_1_282' title='bbox 156 2694 184 2731; x_wconf 91' lang='lat'><strong>6</strong></span> <span class='ocrx_word' id='word_1_283' title='bbox 211 2692 392 2735; x_wconf 82' lang='grc' dir='ltr'>τούτοισι</span> <span class='ocrx_word' id='word_1_284' title='bbox 414 2695 495 2734; x_wconf 95' lang='lat' dir='ltr'>SV</span> <span class='ocrx_word' id='word_1_285' title='bbox 511 2693 550 2733; x_wconf 90' lang='lat' dir='ltr'><strong>U</strong></span> <span class='ocrx_word' id='word_1_286' title='bbox 692 2707 713 2743; x_wconf 91' lang='lat'><strong>7</strong></span> <span class='ocrx_word' id='word_1_287' title='bbox 746 2694 850 2734; x_wconf 81' lang='grc' dir='ltr'>εἰκὸς</span> <span class='ocrx_word' id='word_1_288' title='bbox 873 2694 903 2731; x_wconf 88' lang='lat' dir='ltr'>S</span> <span class='ocrx_word' id='word_1_289' title='bbox 1017 2704 1122 2743; x_wconf 83' lang='grc' dir='ltr'>σφας</span> <span class='ocrx_word' id='word_1_290' title='bbox 1145 2693 1182 2731; x_wconf 93' lang='lat' dir='ltr'>U</span> <span class='ocrx_word' id='word_1_291' title='bbox 1201 2707 1210 2731; x_wconf 78' lang='lat' dir='ltr'>t</span> <span class='ocrx_word' id='word_1_292' title='bbox 1241 2701 1318 2741; x_wconf 88' lang='grc' dir='ltr'>φας</span> <span class='ocrx_word' id='word_1_293' title='bbox 1340 2691 1422 2731; x_wconf 90' lang='lat' dir='ltr'>SV</span> <span class='ocrx_word' id='word_1_294' title='bbox 1559 2693 1585 2730; x_wconf 88' lang='lat'>8</span> <span class='ocrx_word' id='word_1_295' title='bbox 1616 2692 1824 2743; x_wconf 84' lang='grc' dir='ltr'>ὑπέσχετο</span> 
     </span>
     <span class='ocr_line' id='line_1_36' title="bbox 157 2746 1824 2800; baseline 0 -12"><span class='ocrx_word' id='word_1_296' title='bbox 157 2749 192 2788; x_wconf 92' lang='lat' dir='ltr'>C</span> <span class='ocrx_word' id='word_1_297' title='bbox 206 2746 256 2787; x_wconf 89' lang='lat' dir='ltr'>P¹</span> <span class='ocrx_word' id='word_1_298' title='bbox 395 2762 423 2800; x_wconf 92' lang='lat'>9</span> <span class='ocrx_word' id='word_1_299' title='bbox 453 2749 557 2790; x_wconf 82' lang='grc' dir='ltr'>ἔοικε</span> <span class='ocrx_word' id='word_1_300' title='bbox 580 2748 661 2787; x_wconf 90' lang='lat' dir='ltr'>SV</span> <span class='ocrx_word' id='word_1_301' title='bbox 675 2748 714 2787; x_wconf 92' lang='lat' dir='ltr'><strong>U</strong></span> <span class='ocrx_word' id='word_1_302' title='bbox 868 2761 911 2787; x_wconf 90' lang='lat'>11</span> <span class='ocrx_word' id='word_1_303' title='bbox 945 2751 1157 2794; x_wconf 78' lang='grc' dir='ltr'>διαβαλεῖν</span> <span class='ocrx_word' id='word_1_304' title='bbox 1178 2747 1303 2786; x_wconf 91' lang='lat' dir='ltr'>PSV</span> <span class='ocrx_word' id='word_1_305' title='bbox 1320 2747 1358 2785; x_wconf 90' lang='lat' dir='ltr'><strong>U</strong></span> <span class='ocrx_word' id='word_1_306' title='bbox 1510 2758 1560 2795; x_wconf 87' lang='lat'>13</span> <span class='ocrx_word' id='word_1_307' title='bbox 1589 2749 1824 2800; x_wconf 75' lang='grc' dir='ltr'>στρατηγὸν</span> 
     </span>
     <span class='ocr_line' id='line_1_37' title="bbox 158 2801 1821 2855; baseline -0.002 -12"><span class='ocrx_word' id='word_1_308' title='bbox 158 2802 202 2843; x_wconf 78' lang='grc' dir='ltr'>δὲ</span> <span class='ocrx_word' id='word_1_309' title='bbox 224 2803 254 2842; x_wconf 90' lang='lat' dir='ltr'>S</span> <span class='ocrx_word' id='word_1_310' title='bbox 269 2803 306 2842; x_wconf 95' lang='lat' dir='ltr'>V</span> <span class='ocrx_word' id='word_1_311' title='bbox 320 2804 359 2843; x_wconf 93' lang='lat' dir='ltr'><strong>U</strong></span> <span class='ocrx_word' id='word_1_312' title='bbox 499 2803 652 2844; x_wconf 82' lang='grc' dir='ltr'>αὐτέων</span> <span class='ocrx_word' id='word_1_313' title='bbox 674 2803 707 2841; x_wconf 86' lang='lat' dir='ltr'>C</span> <span class='ocrx_word' id='word_1_314' title='bbox 720 2803 758 2841; x_wconf 94' lang='lat' dir='ltr'>V</span> <span class='ocrx_word' id='word_1_315' title='bbox 965 2814 1012 2852; x_wconf 87' lang='lat'>15</span> <span class='ocrx_word' id='word_1_316' title='bbox 1046 2803 1165 2855; x_wconf 82' lang='grc' dir='ltr'>ἀρχαὶ</span> <span class='ocrx_word' id='word_1_317' title='bbox 1188 2801 1221 2840; x_wconf 87' lang='grc' dir='ltr'>Ρ</span> <span class='ocrx_word' id='word_1_318' title='bbox 1234 2802 1264 2841; x_wconf 92' lang='lat' dir='ltr'>S</span> <span class='ocrx_word' id='word_1_319' title='bbox 1278 2802 1315 2839; x_wconf 93' lang='lat' dir='ltr'>V</span> <span class='ocrx_word' id='word_1_320' title='bbox 1329 2801 1367 2840; x_wconf 91' lang='lat' dir='ltr'>U</span> <span class='ocrx_word' id='word_1_321' title='bbox 1569 2814 1613 2851; x_wconf 86' lang='lat'>17</span> <span class='ocrx_word' id='word_1_322' title='bbox 1645 2801 1719 2852; x_wconf 80' lang='grc' dir='ltr'>μὲν</span> <span class='ocrx_word' id='word_1_323' title='bbox 1739 2815 1821 2841; x_wconf 83' lang='lat' dir='ltr'>orn.</span> 
     </span>
     <span class='ocr_line' id='line_1_38' title="bbox 159 2855 1825 2910; baseline -0.001 -13"><span class='ocrx_word' id='word_1_324' title='bbox 159 2858 189 2897; x_wconf 90' lang='lat' dir='ltr'>S</span> <span class='ocrx_word' id='word_1_325' title='bbox 201 2858 239 2896; x_wconf 93' lang='lat' dir='ltr'>V</span> <span class='ocrx_word' id='word_1_326' title='bbox 253 2859 291 2897; x_wconf 94' lang='lat' dir='ltr'><strong>U</strong></span> <span class='ocrx_word' id='word_1_327' title='bbox 443 2860 492 2898; x_wconf 89' lang='lat'>18</span> <span class='ocrx_word' id='word_1_328' title='bbox 522 2858 699 2910; x_wconf 79' lang='grc' dir='ltr'>ὠφελείῃ</span> <span class='ocrx_word' id='word_1_329' title='bbox 725 2859 756 2897; x_wconf 87' lang='lat' dir='ltr'>S</span> <span class='ocrx_word' id='word_1_330' title='bbox 769 2857 807 2895; x_wconf 92' lang='lat' dir='ltr'>V</span> <span class='ocrx_word' id='word_1_331' title='bbox 821 2857 859 2896; x_wconf 94' lang='lat' dir='ltr'><strong>U</strong></span> <span class='ocrx_word' id='word_1_332' title='bbox 974 2858 1126 2897; x_wconf 77' lang='grc' dir='ltr'>εἵνεκεν</span> <span class='ocrx_word' id='word_1_333' title='bbox 1147 2857 1337 2905; x_wconf 82' lang='grc' dir='ltr'>ἐποίησεν</span> <span class='ocrx_word' id='word_1_334' title='bbox 1358 2856 1388 2895; x_wconf 92' lang='lat' dir='ltr'>S</span> <span class='ocrx_word' id='word_1_335' title='bbox 1404 2856 1442 2894; x_wconf 94' lang='lat' dir='ltr'>V</span> <span class='ocrx_word' id='word_1_336' title='bbox 1455 2855 1494 2894; x_wconf 94' lang='lat' dir='ltr'><strong>U</strong></span> <span class='ocrx_word' id='word_1_337' title='bbox 1667 2869 1716 2906; x_wconf 93' lang='lat'>19</span> <span class='ocrx_word' id='word_1_338' title='bbox 1746 2858 1825 2906; x_wconf 83' lang='grc' dir='ltr'>τὴν</span> 
     </span>
     <span class='ocr_line' id='line_1_39' title="bbox 157 2910 1823 2960; baseline 0 -9"><span class='ocrx_word' id='word_1_339' title='bbox 157 2925 238 2952; x_wconf 86' lang='lat' dir='ltr'>om.</span> <span class='ocrx_word' id='word_1_340' title='bbox 262 2913 401 2952; x_wconf 92' lang='lat' dir='ltr'>ABC</span> <span class='ocrx_word' id='word_1_341' title='bbox 567 2925 616 2951; x_wconf 83' lang='lat'>21</span> <span class='ocrx_word' id='word_1_342' title='bbox 650 2911 692 2953; x_wconf 86' lang='grc' dir='ltr'>δὲ</span> <span class='ocrx_word' id='word_1_343' title='bbox 713 2925 794 2952; x_wconf 91' lang='lat' dir='ltr'>om.</span> <span class='ocrx_word' id='word_1_344' title='bbox 821 2910 1020 2950; x_wconf 84' lang='lat' dir='ltr'>P1SVU</span> <span class='ocrx_word' id='word_1_345' title='bbox 1186 2923 1239 2949; x_wconf 85' lang='lat'>22</span> <span class='ocrx_word' id='word_1_346' title='bbox 1270 2911 1403 2951; x_wconf 82' lang='grc' dir='ltr'>ἐπείτε</span> <span class='ocrx_word' id='word_1_347' title='bbox 1425 2911 1560 2950; x_wconf 88' lang='lat' dir='ltr'>SVU</span> <span class='ocrx_word' id='word_1_348' title='bbox 1719 2924 1771 2960; x_wconf 82' lang='lat'>24</span> <span class='ocrx_word' id='word_1_349' title='bbox 1802 2915 1823 2951; x_wconf 83' lang='grc' dir='ltr'><em>ὁ</em></span> 
     </span>
    </p>
   </div>
   <div class='ocr_carea' id='block_1_10' title="bbox 158 2964 1823 3064">
    <p class='ocr_par' dir='ltr' id='par_1_10' title="bbox 158 2964 1823 3064">
     <span class='ocr_line' id='line_1_40' title="bbox 158 2964 1823 3018; baseline 0.001 -12"><span class='ocrx_word' id='word_1_350' title='bbox 158 2980 239 3007; x_wconf 91' lang='lat' dir='ltr'>om.</span> <span class='ocrx_word' id='word_1_351' title='bbox 261 2967 300 3006; x_wconf 89' lang='lat' dir='ltr'><strong>A</strong></span> <span class='ocrx_word' id='word_1_352' title='bbox 315 2967 350 3006; x_wconf 88' lang='lat' dir='ltr'>B</span> <span class='ocrx_word' id='word_1_353' title='bbox 366 2968 399 3006; x_wconf 92' lang='lat' dir='ltr'>C</span> <span class='ocrx_word' id='word_1_354' title='bbox 511 2970 602 3017; x_wconf 79' lang='grc' dir='ltr'>ὑμῖν</span> <span class='ocrx_word' id='word_1_355' title='bbox 623 2966 924 3018; x_wconf 82' lang='grc' dir='ltr'>ὑποθησόμενον</span> <span class='ocrx_word' id='word_1_356' title='bbox 946 2965 979 3004; x_wconf 89' lang='grc' dir='ltr'>Ρ</span> <span class='ocrx_word' id='word_1_357' title='bbox 994 2966 1024 3004; x_wconf 90' lang='lat' dir='ltr'>S</span> <span class='ocrx_word' id='word_1_358' title='bbox 1037 2965 1076 3004; x_wconf 95' lang='lat' dir='ltr'>V</span> <span class='ocrx_word' id='word_1_359' title='bbox 1091 2964 1129 3005; x_wconf 92' lang='lat' dir='ltr'><strong>U</strong></span> <span class='ocrx_word' id='word_1_360' title='bbox 1247 2977 1299 3016; x_wconf 84' lang='lat'>25</span> <span class='ocrx_word' id='word_1_361' title='bbox 1329 2965 1527 3013; x_wconf 84' lang='grc' dir='ltr'>βούλεσθε</span> <span class='ocrx_word' id='word_1_362' title='bbox 1543 2964 1583 3004; x_wconf 89' lang='grc' dir='ltr'>Α</span> <span class='ocrx_word' id='word_1_363' title='bbox 1596 2965 1634 3004; x_wconf 90' lang='lat' dir='ltr'>V</span> <span class='ocrx_word' id='word_1_364' title='bbox 1653 2980 1662 3005; x_wconf 72' lang='grc' dir='ltr'>ε</span> <span class='ocrx_word' id='word_1_365' title='bbox 1691 2971 1823 3007; x_wconf 87' lang='grc' dir='ltr'>-εσθαι</span> 
     </span>
     <span class='ocr_line' id='line_1_41' title="bbox 159 3021 622 3064; baseline 0 -3"><span class='ocrx_word' id='word_1_366' title='bbox 159 3021 195 3061; x_wconf 94' lang='grc' dir='ltr'><strong>Β</strong></span> <span class='ocrx_word' id='word_1_367' title='bbox 209 3022 243 3061; x_wconf 91' lang='lat' dir='ltr'>C</span> <span class='ocrx_word' id='word_1_368' title='bbox 356 3023 566 3064; x_wconf 84' lang='grc' dir='ltr'>πείσεσθαι</span> <span class='ocrx_word' id='word_1_369' title='bbox 587 3023 622 3061; x_wconf 88' lang='lat' dir='ltr'>C</span> 
     </span>
    </p>
   </div>
   <div class='ocr_carea' id='block_1_11' title="bbox 1868 2128 1894 2158">
    <p class='ocr_par' dir='ltr' id='par_1_11' title="bbox 1868 2128 1894 2158">
     <span class='ocr_line' id='line_1_42' title="bbox 1868 2128 1894 2158; textangle 90"><span class='ocrx_word' id='word_1_370' title='bbox 1868 2128 1894 2158; x_wconf 67' lang='grc' dir='ltr'><strong>Ν</strong></span> 
     </span>
    </p>
   </div>
  </div>
 </body>
</html>
