2132 3340
35 77 147 126 v11.
178 88 254 139 117
657 101 667 111 -
927 76 1356 126 HPOAOTOT

295 208 583 272 βασιληίων
644 205 886 258 ἀπέλειπε
943 205 1192 273 τέσσερας
1250 206 1536 274 δακτύλους)
1593 207 1852 276 φωνέοντά
1908 231 1963 262 τε

294 289 536 358 μέγιστον
576 290 866 357 ἀνθρώπων,
904 290 1038 343 ὥστε
1079 289 1273 358 Ξέρξην
1314 291 1581 360 συμφορὴν
1621 291 1963 359 ποιησάμενον

295 374 522 442 μεγάλην
547 372 791 438 ἐξενεῖκαί
808 396 862 427 τε
886 374 1033 428 αὐτὸν
1054 374 1306 428 κάλλιστα
1330 377 1408 428 καὶ
1431 376 1608 445 θάψαι·
1654 378 1962 446 ἐτυμβοχόεε

234 477 259 507 2
297 461 350 511 δὲ
381 462 521 514 πᾶσα
549 458 579 523 ἡ
612 456 836 526 στρατιή.
905 458 1061 529 τούτῳ
1093 461 1146 512 δὲ
1176 465 1244 530 τῷ
1275 459 1549 533 Ἀρταχαίῃ
1581 461 1753 514 θύουσι
1783 461 1958 514 Ἀκάν-

0 545 92 623 ing
122 546 395 595 mum-0201.
446 544 500 594 ἐκ
551 545 850 611 θεοπροπίου
902 543 968 597 ὡς
1019 544 1157 611 ἥρωι,
1211 512 1600 611 ἐπονομάζοντες
1649 545 1708 598 τὸ
1758 546 1958 613 οὔνομα.
1985 571 2007 613 5

11 622 222 656 W
295 627 544 692 βασιλεὺς
580 648 672 693 μεν
709 627 767 692 δὴ
809 626 1001 695 Ξέρξης
1039 627 1354 694 ἀπολομένου
1389 628 1699 699 Ἀρταχαίεω
1735 629 1961 684 ἐποιέετο

179 716 259 762 118
298 710 688 779 συμφορήν·οἱ
720 714 773 764 δὲ
802 712 1156 779 ὑποδεκόμενοι
1185 711 1450 778 Ἑλλήνων
1486 713 1575 779 τὴν
1613 714 1850 781 στρατιὴν
1882 715 1960 767 καὶ

296 796 626 860 δειπνίζοντες
673 795 870 863 Ξέρξην
922 797 973 851 ἐς
1018 800 1117 850 πᾶν
1163 802 1312 850 κακοῦ
1356 799 1584 858 ἀπίκατο,
1630 799 1784 853 οὕτως
1827 799 1960 852 ὥστε

0 862 334 987 mh&
295 879 568 932 ἀνάστατοι
605 882 659 931 ἐκ
703 885 801 932 τῶν
846 882 994 933 οἴκων
1039 880 1280 949 ἐγίνοντο,
1314 882 1522 950 ὅκου-χε
1559 884 1804 935 Θασίοισι
1839 885 2132 991 ὖπὲρῑω»,

294 969 393 1016 τῶν
433 966 487 1016 ἐν
528 985 586 1037 τῃ
617 964 801 1035 ἠπείρῳ
839 966 1031 1018 πολίων
1070 969 1170 1018 τῶν
1210 964 1470 1033 σφετέρων
1514 960 1828 1033 δεξαμένοισι
1871 966 1962 1032 τὴν
1990 948 2132 1018 ιοασ

298 1047 497 1116 Ξέρξεω
540 1070 786 1115 στρατιην
835 1050 914 1102 καὶ
961 1051 1255 1103 δειπνίσασι
1303 1049 1631 1120 Ἀντίπατρος
1679 1052 1705 1102 ὁ
1752 1051 1961 1120 Ὀργέος

0 1158 144 1186 πω.
296 1132 639 1200 ἀραιρημένος,
680 1138 780 1185 τῶν
814 1134 1002 1186 ἀστῶν·
1020 1132 1144 1202 ἀνὴρ
1185 1135 1385 1200 δόκιμος
1425 1136 1573 1201 ὅμοια
1611 1140 1677 1205 τῷ
1717 1135 1956 1202 μάλιστα,

295 1216 503 1282 ἀπέδεξε
533 1217 584 1272 ἐς
606 1216 664 1270 τὸ
694 1221 894 1271 δεῖπνον
917 1219 1215 1286 τετρακόσια
1243 1218 1467 1271 τάλαντα
1497 1220 1730 1287 ἀργυρίου
1759 1226 1954 1273 τετελε-

173 1317 257 1364 119
295 1301 471 1367 σμένα.
561 1301 626 1356 ὣς
662 1304 715 1354 δὲ
744 1304 1107 1370 παραπλησίως
1137 1303 1216 1355 καὶ
1246 1304 1301 1356 ἐν
1330 1304 1448 1376 τῇσι
1482 1303 1673 1376 ἄλλῃσι
1705 1304 1882 1357 πόλισι
1911 1306 1959 1357 οἱ

296 1387 604 1440 ἐπεστεῶτες
663 1387 1027 1439 ἀπεδείκνυσαν
1084 1386 1172 1440 τὸν
1230 1387 1402 1455 λόγον.
1491 1386 1548 1440 τὸ
1605 1389 1700 1456 γὰρ
1757 1392 1959 1442 δεῖπνον
1985 1414 2034 1457 15

294 1471 487 1522 τοιόνδε
517 1492 564 1522 τι
594 1471 803 1537 ἐγίνετο,
836 1472 916 1523 οἶα
947 1473 1000 1523 ἐκ
1033 1475 1229 1524 πολλοῦ
1263 1472 1449 1540 χρόνου
1485 1471 1839 1539 προειρημένον
1878 1473 1957 1526 καὶ

230 1573 255 1605 2
295 1555 407 1621 περὶ
438 1559 631 1607 πολλοῦ
661 1554 979 1621 ποιευμένων.
1067 1560 1211 1607 τοῦτο
1239 1555 1346 1622 μέν,
1381 1555 1446 1610 ὡς
1470 1556 1713 1609 ἐπύθοντο
1742 1555 1960 1625 τάχιστα

293 1643 390 1691 τῶν
417 1639 638 1706 κηρύκων
661 1644 761 1691 τῶν
785 1639 1273 1707 περιαγγελλόντων,
1301 1638 1574 1706 δασάμενοι
1599 1644 1741 1694 σῖτον
1765 1643 1818 1695 ἐν
1840 1642 1960 1713 τῇσι

293 1724 468 1776 πόλισι
504 1726 550 1776 οἱ
588 1724 735 1775 ἀστοὶ
769 1723 956 1791 ἄλευρά
990 1746 1045 1777 τε
1082 1723 1162 1776 καὶ
1197 1723 1389 1792 ἄλφιτα
1426 1725 1623 1777 ἐποίευν
1658 1724 1840 1779 πάντες
1875 1726 1959 1778 ἐπὶ

291 1810 451 1873 μῆνας
481 1808 714 1876 συχνούς·
777 1813 923 1860 τοῦτο
960 1811 1014 1861 δὲ
1053 1807 1231 1873 κτήνεα
1268 1809 1557 1862 σιτεύεσκον
1589 1808 1959 1876 ἐξευρίσκοντες
1985 1833 2036 1863 20

291 1895 435 1958 τιμῆς
487 1894 549 1944 τὰ
601 1891 868 1952 κάλλιστα,
923 1887 1134 1960 ἔτρεφόν
1191 1914 1246 1946 τε
1304 1895 1503 1959 ὄρνιθας
1560 1895 1827 1963 χερσαίους
1877 1894 1959 1946 καὶ

0 1978 113 2024 ἰδ-ο·
289 1976 548 2042 λιμναίους
589 1976 643 2029 ἔν
682 1998 737 2029 τε
777 1975 1015 2042 οἰκήμασι
1065 1977 1143 2029 καὶ
1189 1976 1439 2048 λάκκοισι,
1479 1979 1529 2032 ἐς
1577 1979 1827 2048 ὑποδοχὰς
1872 1961 2132 2031 rofio-*fid

293 2066 525 2128 στρατοῦ·
589 2065 734 2113 τοῦτο
770 2063 824 2113 δὲ
859 2059 1052 2129 χρύσεά
1087 2082 1142 2113 τε
1185 2062 1263 2113 καὶ
1301 2062 1517 2130 ἀργύρεα
1554 2060 1764 2129 ποτήριά
1792 2084 1848 2116 τε
1879 2063 1959 2114 καὶ
2055 2043 2132 2075 m

294 2148 537 2212 κρητῆρας
578 2147 834 2198 ἐποιεῦντο
873 2145 952 2197 καὶ
988 2147 1155 2198 τᾶλλα
1195 2147 1294 2197 ὅσα
1335 2146 1415 2198 ἐπὶ
1455 2139 1702 2214 τράπεζαν
1737 2145 1960 2199 τιθέαται

230 2248 255 2291 3
293 2228 471 2281 πάντα.
560 2233 714 2281 ταῦτα
747 2231 841 2295 μὲν
873 2229 1002 2299 αὐτῷ
1039 2251 1094 2282 τε
1131 2228 1344 2295 βασιλέϊ
1386 2229 1465 2282 καὶ
1505 2234 1638 2282 τοῖσι
1674 2231 1959 2297 ὁμοσίτοισι
1983 2235 2058 2296 25’

291 2312 398 2378 μετ’
430 2314 620 2366 ἐκείνου
657 2315 938 2378 ἐπεποίητο,
972 2321 1032 2386 τῇ
1071 2316 1123 2366 δὲ
1161 2313 1294 2386 ἄλλῃ
1331 2315 1539 2385 στρατιῇ
1576 2316 1637 2366 τὰ
1674 2316 1724 2368 ἐς
1755 2314 1959 2383 φορβὴν

292 2402 449 2462 μοῦνα
479 2398 786 2464 τασσόμενα.
875 2398 1001 2452 ὅκως
1032 2400 1089 2449 δὲ’
1116 2398 1347 2450 ἀπίκοιτο
1371 2398 1401 2464 ἡ
1434 2397 1658 2465 στρατιή,
1686 2398 1843 2464 σκηνὴ
1865 2401 1958 2464 μὲν

353 2546 371 2573 1
399 2532 570 2575 ἀπέλιπε
587 2534 626 2573 R
643 2533 725 2574 SV
800 2533 1003 2587 τέσσαρας
1020 2533 1107 2572 CR
1220 2548 1244 2574 2
1272 2532 1568 2589 Ee'pgeaRSV
1678 2549 1704 2584 3
1728 2535 1958 2588 ἐτυμβόχεε

294 2587 334 2627 Α
349 2587 382 2626 Β
397 2589 431 2628 C
610 2602 635 2638 4
664 2588 861 2630 Ἀκάνθιοι
881 2588 1017 2629 θύουσι
1038 2588 1126 2627 ΑΒ
1141 2589 1174 2628 C
1356 2603 1383 2640 9
1410 2589 1651 2631 ἆναστάντοι
1675 2590 1715 2629 R
1826 2590 1958 2632 οἰκίων
2025 2609 2028 2611 ·

297 2642 491 2695 ἐγένοντο
515 2642 651 2682 RSV
738 2660 789 2696 γε
811 2656 895 2684 om.
920 2642 1007 2682 AB
1022 2643 1055 2682 C
1171 2656 1215 2682 11
1248 2643 1425 2696 Ὀργέως
1446 2643 1535 2682 ΑΒ
1551 2644 1585 2683 C
1700 2657 1749 2694 14
1778 2644 1958 2692 πόλησιν

295 2700 331 2738 οἵ
354 2701 598 2739 ἐπιστεῶτες
621 2698 661 2736 R
809 2699 862 2736 16
888 2714 951 2738 τοι
975 2696 1141 2750 ἐγένετο
1164 2698 1203 2736 R
1219 2698 1301 2737 SV
1441 2710 1487 2748 17
1518 2697 1751 2750 ποιεύμενον
1773 2698 1859 2738 PR
1873 2698 1957 2739 SV

296 2752 492 2794 ἐπύθοντο
514 2756 598 2793 τῶν
619 2768 705 2805 κηρ.
730 2750 914 2802 μάλιστα
937 2753 977 2791 R
991 2751 1075 2792 SV
1263 2754 1312 2790 18
1342 2751 1603 2803 δασαμένοισι
1625 2754 1697 2793 τὸν
1721 2752 1784 2794 R:
1816 2756 1852 2793 δ.
1874 2757 1956 2794 τῶν

295 2805 327 2844 S
340 2806 380 2845 V
546 2819 595 2857 19
626 2809 687 2848 ἐπὶ
704 2820 784 2846 om.
810 2806 849 2844 R
865 2806 895 2846 S
909 2806 947 2844 V
1109 2819 1164 2845 20
1193 2806 1375 2847 ἐσίτευον
1389 2806 1427 2844 Α
1443 2807 1478 2845 Β
1493 2808 1526 2846 C
1543 2807 1576 2845 P
1740 2819 1793 2856 23
1816 2807 1888 2846 alt.
1906 2824 1954 2847 τε

296 2873 378 2900 orn.
404 2860 443 2899 A
458 2860 492 2899 B
509 2861 543 2899 C
722 2874 773 2910 24
804 2862 855 2901 τὰ
877 2862 986 2902 ἄλλα
1008 2860 1046 2899 Α
1060 2861 1094 2899 Β
1107 2862 1141 2900 C
1263 2862 1416 2902 τίθεται
1441 2861 1474 2899 Ρ
1488 2861 1527 2900 R
1542 2861 1572 2900 S
1585 2861 1623 2901 V
1799 2873 1852 2910 25
1879 2860 1956 2911 μὲν

295 2919 424 2956 ταῦτα
447 2916 486 2954 R
500 2916 532 2955 S
544 2916 582 2954 V
