2124 3328
84 118 147 170 V.
174 133 286 188 927

939 115 1366 166 HPOAOTOT

326 249 710 318 φιλοφροσύνης
739 253 826 301 τοῦ
849 247 1033 315 πατρὸς
1057 248 1220 299 εἵνεκα
1249 247 1432 299 αἰτέειν
1457 246 1685 315 φέρουσα
1708 249 1985 317 ἐνεχείρισε

326 334 488 386 αὐτῶν
519 335 610 386 ἑνί.
683 338 817 385 τοῖσι
839 331 893 384 δὲ
917 331 1011 399 ἄρα
1041 331 1380 397 ἐβεβούλευτο
1405 332 1511 384 κατ’
1535 330 1651 384 ὁδὸν
1673 331 1760 384 τὸν
1790 336 1985 399 πρῶτον

328 418 489 470 αὐτῶν
517 417 747 483 λαβόντα
777 412 852 481 [τὸ
874 413 1090 482 παιδίον]
1120 416 1464 483 προσουδίσαι.
1539 416 1704 468 ἐπείτε
1735 413 1805 468 ὧν
1835 415 1988 470 ἔδωκε

328 501 555 570 φέρουσα
596 501 626 566 ἡ
673 499 870 566 Λάβδα,
919 504 1003 552 τὸν
1050 500 1282 565 λαβόντα
1326 505 1425 552 τῶν
1472 500 1661 566 ἀνδρῶν
1706 501 1813 572 θείῃ
1859 501 1987 572 τύχῃ

328 585 682 653 προσεγέλασε
720 589 777 636 τὸ
817 585 1029 642 παιδίον,
1068 584 1146 635 καὶ
1186 584 1273 636 τὸν
1309 583 1602 651 φρασθέντα
1641 589 1785 635 τοῦτο
1826 584 1988 638 οἶκτός
2012 609 2034 650 5

329 692 402 724 τις
431 671 571 737 ἴσχει
602 670 904 727 ἀποκτεῖναι,
940 669 1246 734 κατοικτίρας
1276 670 1329 719 δὲ
1360 671 1623 736 παραδιδοῖ
1655 673 1722 738 τῷ
1760 667 1985 739 δευτέρῳ,

331 756 357 805 ὁ
401 756 454 806 δὲ
497 758 564 823 τῷ
610 755 773 822 τρίτῳ,
820 754 943 804 οὕτω
988 773 1042 804 τε
1087 751 1316 817 διεξῆλθε
1361 754 1440 804 διὰ
1484 751 1685 804 πάντων
1729 757 1827 804 τῶν
1871 752 1989 804 δέκα

331 838 736 905 παραδιδόμενον,
751 836 947 890 οὐδενὸς
965 835 1277 901 βουλομένου
1296 835 1674 903 διεργάσασθαι.
1720 837 1990 890 ἀποδόντες

331 920 398 975 ὧν
418 923 580 974 ὀπίσω
599 929 660 994 τῇ
679 921 891 992 τεκούσῃ
909 919 966 971 τὸ
985 921 1181 973 παιδίον
1202 920 1281 972 καὶ
1304 918 1592 985 ἐξελθόντες
1613 919 1725 985 ἔξω,
1747 923 1990 975 ἑστεῶτες

331 1007 412 1059 ἐπὶ
435 1011 535 1057 τῶν
558 1004 743 1072 θυρέων
767 1003 1005 1069 ἀλλήλων
1029 1003 1244 1056 ἅπτοντο
1271 1004 1644 1070 καταιτιώμενοι
1669 1005 1746 1056 καὶ
1767 1004 1991 1071 μάλιστα
2019 1033 2069 1062 ιο
2115 1065 2119 1067 λ

331 1095 418 1143 τοῦ
446 1090 643 1157 πρώτου
677 1090 944 1155 λαβόντος,
977 1089 1055 1140 ὅτι
1091 1089 1177 1140 οὐκ
1215 1090 1423 1154 ἐποίησε
1456 1091 1580 1141 κατὰ
1608 1091 1669 1140 τὰ
1700 1088 1988 1156 δεδογμένα,

332 1177 383 1228 ἐς
413 1173 439 1225 ὃ
470 1172 527 1238 δή
571 1180 670 1241 σφι
709 1174 891 1241 χρόνου
935 1172 1256 1240 ἐγγινομένου
1295 1172 1435 1238 ἔδοξε
1476 1173 1611 1227 αὖτις
1651 1174 1992 1241 παρελθόντας

270 1260 297 1309 δ
336 1258 520 1312 πάντας
562 1262 649 1308 τοῦ
694 1258 852 1324 φόνου
890 1258 1166 1326 μετίσχειν.
1258 1257 1359 1310 ἔδει
1402 1259 1455 1309 δὲ
1497 1259 1550 1309 ἐκ
1593 1262 1679 1309 τοῦ
1721 1253 1993 1310 Ἠετίωνος

333 1343 483 1410 γόνου
528 1342 751 1411 Κορίνθῳ
799 1343 921 1393 κακὰ
966 1342 1327 1404 ἀναβλαστεῖν.
1399 1342 1430 1406 ἡ
1468 1341 1649 1408 Λάβδα
1691 1344 1787 1409 γὰρ
1832 1340 1994 1394 πάντα

333 1431 486 1480 ταῦτα
514 1424 658 1489 ἤκουε
689 1428 919 1477 ἑστεῶσα
950 1425 1069 1492 πρὸς
1100 1425 1279 1498 αὐτῇσι
1309 1426 1425 1498 τῇσι
1455 1426 1649 1498 θύρῃσι·
1695 1427 1910 1478 δείσασα
1940 1427 1993 1478 δὲ
2021 1451 2068 1492 15

334 1509 400 1576 μή
450 1517 546 1577 σφι
591 1508 836 1581 μεταδόξῃ
887 1510 965 1561 καὶ
1010 1509 1068 1561 τὸ
1116 1510 1343 1578 δεύτερον
1394 1511 1643 1575 λαβόντες
1693 1509 1751 1562 τὸ
1797 1511 1994 1563 παιδίον

337 1596 687 1653 ἀποκτείνωσι,
728 1593 952 1661 φέρουσα
989 1594 1314 1661 κατακρύπτει
1351 1595 1402 1647 ἐς
1440 1594 1497 1645 τὸ
1533 1595 1916 1662 ἀφραστότατόν
1946 1595 1994 1646 οἱ

338 1679 568 1745 ἐφαίνετο
592 1678 733 1736 εἶναι,
761 1679 811 1730 ἐς
836 1677 1078 1749 κυψέλην,
1105 1677 1408 1743 ἐπισταμένη
1435 1678 1499 1732 ὦς
1521 1680 1564 1730 εἰ
1587 1678 1997 1747 ὑποστρέψαντες

339 1766 389 1815 ἐς
421 1761 623 1827 ζήτησιν
655 1763 985 1820 ἀπικνεοίατο,
1018 1761 1180 1814 πάντα
1214 1761 1498 1828 ἐρευνήσειν
1536 1761 1790 1828 μέλλοιεν·
1835 1765 1896 1815 τὰ
1936 1762 1996 1827 δὴ

340 1847 419 1898 καὶ
450 1845 665 1912 ἐγένετο.
741 1848 1011 1897 ἐσελθοῦσι
1039 1849 1093 1898 δὲ
1124 1847 1203 1898 καὶ
1243 1845 1545 1911 διζημένοισι
1582 1846 1778 1898 αὐτοῖσι
1814 1847 1880 1900 ὡς
1910 1846 1998 1898 οὔκ
2025 1871 2075 1900 20

340 1931 589 1996 ἐφαίνετο,
637 1929 810 1981 ἐδόκεε
867 1929 1296 1982 ἀπαλλάσσεσθαι
1355 1930 1434 1982 καὶ
1491 1929 1660 1998 λέγειν
1710 1930 1833 1998 πρὸς
1883 1930 1997 1983 τοὺς

340 2013 735 2080 ἀποπέμψαντας
768 2013 832 2067 ὡς
861 2013 1024 2066 πάντα
1055 2013 1318 2079 ποιήσειαν
1348 2016 1411 2066 τὰ
1446 2016 1626 2067 ἐκεῖνοι
1664 2016 1994 2067 ἐνετείλαντο.

341 2100 386 2148 οἱ
410 2100 500 2162 μὲν
523 2096 582 2162 δὴ
606 2098 910 2152 ἀπελθόντες
942 2098 1120 2165 ἔλεγον
1149 2102 1318 2150 ταῦτα·
1365 2098 1600 2150 Ἠετίωνι
1624 2101 1678 2150 δὲ
1701 2100 1825 2164 μετὰ
1845 2092 2000 2150 ταῦτα

342 2183 369 2231 ὁ
399 2186 514 2234 παῖς
546 2180 797 2246 ηὐξάνετο,
825 2182 908 2233 καί
935 2184 980 2233 οἱ
1013 2183 1307 2250 διαφυγόντι
1338 2187 1513 2234 τοῦτον
1535 2182 1621 2234 τὸν
1646 2183 1870 2234 κίνδυνον
1901 2181 2000 2234 ἀπὸ

343 2268 429 2330 τῆς
453 2264 676 2332 κυψέλης
696 2267 977 2331 ἐπωνυμίην
1003 2267 1239 2333 Κύψελος
1264 2267 1448 2331 οὔνομα
1472 2265 1630 2331 ἐτέθη.
1705 2265 2002 2333 ἀνδρωθέντι
2026 2288 2074 2329 25

345 2352 399 2401 δὲ
429 2350 508 2400 καὶ
538 2348 884 2418 μαντευομένῳ
912 2349 1134 2418 Κυψέλῳ
1160 2349 1359 2416 ἐγένετο
1384 2348 1675 2419 ἀμφιδέξιον
1698 2348 2002 2418 χρηστήριον

404 2499 422 2525 1
455 2487 606 2527 εἵνεκεν
627 2486 660 2524 Ρ
674 2485 704 2524 S
719 2485 755 2524 V
773 2486 811 2523 U
963 2500 987 2524 2
1018 2485 1169 2527 αὐτέων
1191 2486 1221 2525 S
1234 2487 1272 2525 V
1287 2486 1326 2525 U
1350 2485 1394 2536 (3
1411 2486 1465 2532 C)
1618 2501 1644 2537 3
1674 2489 1722 2529 τὸ
1742 2487 1898 2529 παιδίον
1916 2500 1997 2526 om.

348 2540 428 2580 SV
444 2540 482 2578 U
566 2541 651 2581 ἐπεὶ
671 2539 711 2578 Α
725 2539 759 2578 Β
775 2539 809 2578 C
824 2540 858 2578 P
906 2547 910 2550 ’
979 2554 1003 2590 4
1034 2545 1091 2592 τῷ
1112 2540 1287 2587 λαβόντι
1309 2541 1427 2580 Eust.
1448 2540 1497 2581 Il.
1517 2542 1599 2590 650
1722 2544 1750 2581 6
1775 2545 1900 2594 ἴσχεν
1921 2542 1951 2580 S
1965 2542 2003 2581 V

348 2595 624 2648 κατοικτείρας
654 2594 688 2633 L
875 2607 896 2644 7
927 2611 974 2636 τε
997 2595 1027 2633 S
1046 2609 1056 2633 ε
1086 2594 1131 2635 δὲ
1150 2594 1191 2632 Α
1205 2594 1240 2632 Β
1256 2595 1290 2633 C
1304 2595 1362 2636 P:
1392 2612 1440 2636 τε
1461 2598 1508 2645 δὴ
1529 2596 1567 2635 V
1582 2596 1619 2635 U
1801 2597 1828 2634 8
1850 2600 2002 2648 ,διεξερ-

346 2648 549 2702 γάσασθαι
571 2649 606 2695 C
747 2661 797 2688 10
826 2653 951 2702 θυρῶν
971 2649 1051 2689 SV
1066 2649 1105 2687 U
1247 2662 1296 2688 12
1326 2648 1595 2702 ἐγγενομένου
1619 2650 1739 2690 Stein
1848 2650 2002 2692 πάντας

348 2707 511 2756 παρελθ.
538 2702 619 2742 SV
635 2703 674 2741 U
810 2716 857 2752 14
886 2707 1017 2745 ταῦτα
1036 2703 1171 2744 πάντα
1192 2703 1272 2743 SV
1286 2704 1326 2742 U
1469 2716 1517 2753 15
1546 2707 1692 2759 αὐτῇσι
1712 2718 1792 2744 om.
1819 2704 1946 2744 PSV
1961 2705 1998 2743 U

351 2770 398 2808 17
430 2757 674 2810 κατακρύβει
693 2757 733 2795 Α
747 2756 796 2795 Βι
814 2757 863 2795 C¹
977 2758 1215 2810 ἆφαστάτόν
1231 2758 1264 2796 C
1394 2760 1442 2797 18
1472 2761 1508 2800 εἶ
1526 2772 1607 2799 om.
1630 2759 1660 2798 S
1674 2759 1712 2798 V
1839 2772 1889 2809 19
1917 2761 2002 2800 ἀπι-

348 2813 535 2853 κνεοίατο
552 2811 675 2850 Stein
692 2827 700 2850 :
732 2811 985 2853 ἀπικνέοιντο
1005 2812 1044 2850 Α
1060 2812 1094 2850 Β
1111 2827 1119 2852 ;
1151 2811 1354 2853 ἆπικέοιτο
1372 2811 1424 2851 C¹
1446 2812 1642 2864 (-κνεόιτο
1665 2813 1738 2863 Co)
1758 2828 1767 2852 :
1797 2814 2003 2854 ἂπίκοιντο

351 2867 385 2904 Ρ
401 2866 438 2904 U
457 2880 464 2905 :
488 2866 679 2906 ἀπίκοντο
702 2866 732 2904 S
745 2866 783 2904 V
922 2880 976 2905 20
1004 2867 1163 2918 ἐγίνετο
1183 2867 1223 2905 Α
1236 2867 1271 2905 Β
1288 2867 1321 2905 C
1336 2867 1369 2905 P
1386 2867 1422 2906 U
1520 2871 1682 2908 ἐλθοῦσι
1703 2866 1741 2905 Α
1757 2867 1791 2905 Β
1807 2867 1841 2906 C
1937 2866 2001 2919 δὲ]

348 2921 428 2973 γὰρ
449 2920 483 2958 Ρ
497 2920 528 2959 S
541 2920 578 2958 V
595 2920 633 2958 U
753 2932 802 2959 21
837 2922 1012 2961 ἐδώκατε
1034 2920 1068 2959 C
1188 2934 1240 2970 24
1272 2920 1462 2973 αὐξάνετο
1485 2921 1566 2962 SV
1581 2922 1619 2961 U
1734 2923 1786 2960 26
1813 2938 2004 2972 μαντευο-

349 2973 476 3028 μένῳ]
499 2973 755 3028 κρυπτομένω
777 2974 808 3013 S
821 2974 860 3014 V
875 2975 914 3013 U
