2132 3340
754 53 1132 101 ῙΣΤΟΡΙΩΝ
1195 52 1244 100 Η
1869 52 2097 117 VII-197

157 181 468 251 Ἀθάμαντος
512 183 774 252 ἀπογόνων
825 184 916 249 τὴν
964 186 1122 250 οἰκίην
1171 185 1350 251 ὁμοίως
1400 185 1478 237 καὶ
1523 182 1579 236 τὸ
1626 182 1828 251 τέμενος

159 269 387 335 ἐσέβετο.
1495 278 1500 282 ”
1554 334 1558 339 ‚

240 358 408 406 Ταῦτα
442 356 536 420 μὲν
571 356 632 406 τὰ
670 355 723 407 ἐν
765 355 1037 426 Θεσσαλίῃ
1077 356 1155 407 καὶ
1191 357 1251 407 τὰ
1291 357 1344 407 ἐν
1382 354 1598 427 Ἀχαιίῃ·
1646 353 1742 407 ἀπὸ
1774 357 1827 406 δὲ
1866 355 1991 415 198-

157 439 344 492 τούτων
373 444 472 492 τῶν
500 439 678 507 χώρων
706 438 786 505 ἤιε
814 441 866 492 ἐς
896 438 985 503 τὴν
1011 441 1216 504 Μηλίδα
1245 442 1378 506 παρὰ
1412 441 1598 492 κόλπον
1631 439 1824 491 θαλάσ-

1833 497 2132 556 ‹ma-0³0

111 545 133 586 5
160 545 269 589 σης,
293 525 349 576 ἐν
379 528 444 593 τῷ
470 523 692 589 ἄμπωτίς
720 545 776 577 τε
807 523 886 575 καὶ
917 523 1062 599 ῥηχίη
1089 525 1182 576 ἀνὰ
1212 527 1381 576 πᾶσαν
1405 522 1590 591 ἡμέρην
1620 525 1825 591 γίνεται.
1956 549 2061 596 uza.
2089 586 2100 596 .

158 607 270 676 περὶ
313 611 367 661 δὲ
409 607 495 660 τὸν
541 609 731 661 κόλπον
774 608 950 660 τοῦτόν
985 609 1098 660 ἐστι
1137 613 1299 676 χῶρος
1334 608 1594 667 πεδιεινός,
1634 609 1693 680 τῇ
1735 611 1828 674 μὲν

159 693 314 761 εὐρύς,
352 693 410 766 τῇ
451 695 506 746 δὲ
551 692 629 744 καὶ
678 691 832 760 κάρτα
878 693 1089 746 στεινός·
1142 693 1255 761 περὶ
1292 695 1345 745 δὲ
1382 692 1469 745 τὸν
1505 697 1670 762 χῶρον
1711 695 1829 759 ὄρεα

158 778 335 845 ὑψηλὰ
366 777 446 829 καὶ
476 776 643 843 ἄβατα
679 777 957 844 περικληίει
993 780 1163 830 πᾶσαν
1192 777 1282 838 Τὴν
1315 778 1521 842 Μηλίδα
1550 781 1661 844 γῆν,
1693 781 1826 845 Τρη-

158 863 314 930 χίνιαι
343 860 518 930 πέτραι
550 862 861 927 καλεόμεναι.
928 862 1096 929 πρώτη
1120 861 1211 927 μέν
1241 883 1329 914 νυν
1359 863 1506 915 πόλις
1538 862 1645 913 ἐστὶ
1678 863 1731 914 ἐν
1760 866 1828 932 τῷ
1867 880 1893 911 2

89 968 135 996 10
161 947 330 1016 κόλπῳ
356 947 481 999 ἰόντι
510 945 607 998 ἀπὸ
638 946 867 1013 Ἀχαιίης
895 945 1172 1013 Ἀντικύρη,
1198 945 1312 1013 παρ’
1341 944 1403 1011 ἢν
1434 945 1705 1014 Σπερχειὸς
1735 968 1826 998 πο-

159 1030 314 1096 ταμὸς·
354 1029 482 1098 ῥέων
526 1029 586 1095 ἐξ
624 1028 867 1094 Ἐνιήνων
919 1032 970 1084 ἐς
1022 1029 1292 1082 θάλασσαν
1339 1032 1536 1082 ἐκδιδοῖ.
1633 1030 1730 1083 ἀπὸ
1775 1033 1830 1083 δὲ

159 1115 333 1167 τούτου
375 1117 455 1166 διὰ
496 1115 660 1167 εἴκοσί
699 1136 784 1166 κου
825 1115 1042 1166 σταδίων
1083 1114 1242 1168 ἄλλος
1284 1114 1503 1181 ποταμὸς
1539 1119 1606 1184 τῷ
1643 1116 1829 1181 οὕνομα

162 1204 316 1251 κεῖται
355 1199 538 1266 Δύρας,
575 1198 664 1250 τὸν
700 1198 982 1264 βοηθέοντα
1016 1204 1083 1269 τῷ
1114 1197 1359 1266 Ἱ-Ιρακλέϊ
1397 1197 1634 1269 καιομένῳ
1674 1200 1829 1267 λόγος

161 1284 272 1335 ἐστὶ
303 1284 631 1351 ἀναφανῆναι.
706 1283 804 1336 ἀπὸ
835 1286 884 1335 δὲ
917 1282 1092 1334 τούτου
1122 1283 1184 1335 δι’
1215 1282 1388 1335 ἄλλων
1419 1285 1579 1335 εἴκοσι
1610 1284 1828 1336 σταδίων

86 1386 135 1427 15
159 1367 317 1422 ἄλλος
346 1368 568 1433 ποταμός
606 1369 716 1419 ἐστι
749 1366 804 1421 ὃς
841 1366 1071 1420 καλέεται
1103 1366 1295 1422 Μέλας.
1386 1367 1575 1435 Τρηχὶς
1604 1371 1657 1420 δὲ
1682 1369 1828 1421 πόλις
1866 1382 1966 1428 199

160 1451 258 1505 ἀπὸ
309 1456 396 1504 τοῦ
442 1450 678 1505 Μέλανος
721 1451 896 1503 τούτου
939 1456 1164 1517 ποταμοῦ
1216 1451 1364 1504 πέντε
1409 1451 1590 1503 στάδια
1634 1450 1827 1521 ἀπέχει.

158 1536 310 1609 ταύτῃ
346 1538 401 1590 δὲ
436 1536 516 1588 καὶ
555 1536 818 1603 εὐρύτατόν
856 1537 966 1588 ἐστι
1002 1535 1169 1601 πάσης
1212 1539 1300 1600 τῆς
1343 1536 1508 1604 χώρης
1551 1536 1731 1601 ταύτης
1777 1537 1830 1588 ἐκ

158 1625 258 1674 τῶν
296 1619 452 1689 ὀρέων
488 1622 540 1675 ἐς
581 1619 866 1679 θάλασσαν,
907 1619 1012 1672 κατ’
1050 1621 1082 1672 ἃ
1116 1622 1306 1688 Τρηχὶς
1342 1622 1663 1673 πεπόλισται·
1719 1625 1828 1673 δισ-

159 1704 304 1774 χίλιά
332 1726 387 1758 τε
416 1707 511 1773 γὰρ
544 1705 622 1758 καὶ
654 1706 888 1772 δισμύρια
921 1704 1113 1772 πλέθρα
1142 1710 1229 1757 τοῦ
1258 1705 1429 1757 πεδίου
1460 1705 1584 1759 ἐστί.
1659 1709 1747 1757 τοῦ
1778 1708 1830 1758 δὲ

86 1811 137 1840 20
160 1792 299 1858 ὄρεος
337 1789 394 1842 τὸ
433 1791 709 1857 περικληίει
745 1788 836 1854 τὴν
874 1792 968 1856 γῆν
1008 1789 1098 1853 τὴν
1137 1790 1412 1858 Τρηχινίην
1454 1791 1564 1842 ἐστὶ
1606 1788 2132 1865 διαςφᾶξνυοίιῖὓσηι

159 1877 283 1942 πρὸς
318 1875 641 1941 μεσαμβρίην
670 1877 938 1942 Τρηχῖνος,
973 1876 1052 1925 διὰ
1083 1876 1137 1926 δὲ
1164 1877 1253 1938 τῆς
1283 1872 1568 1941 διασφάγος
1597 1873 1831 1928 Ἀσωπὸς

159 1958 381 2026 ποταμὸς
407 1957 509 2026 ῥέει
538 1960 671 2026 παρὰ
702 1957 792 2023 τὴν
828 1958 1055 2025 ὑπώρεαν
1090 1962 1177 2009 τοῦ
1207 1961 1361 2025 ὄρεος.
1451 1959 1560 2010 ἔστι
1591 1961 1644 2010 δὲ
1674 1958 1831 2011 ἄλλος
1868 1971 1976 2008 200

161 2042 344 2109 Φοῖνιξ
359 2041 596 2109 ποταμὸς
639 2043 696 2095 οὐ
736 2040 892 2109 μέγας
937 2042 1059 2109 πρὸς
1092 2043 1417 2109 μεσαμβρίην
1452 2047 1537 2094 τοῦ
1576 2042 1828 2101 Ἀσωποῦ,

159 2126 213 2181 ὃς
254 2129 308 2180 ἐκ
351 2133 450 2180 τῶν
490 2126 644 2195 ὀρέων
688 2126 876 2179 τούτων
919 2126 1046 2194 ῥέων
1100 2128 1151 2180 ἐς
1201 2127 1288 2179 τὸν
1339 2125 1578 2179 Ἀσωπὸν
1630 2128 1827 2180 ἐκδιδοῖ.

86 2231 134 2273 ²5
161 2214 283 2264 κατὰ
322 2214 376 2265 δὲ
414 2211 501 2264 τὸν
536 2213 746 2264 Φοίνικα
789 2211 1012 2277 ποταμὸν
1058 2211 1380 2263 στεινότατόν
1425 2212 1551 2263 ἐστι·
1596 2210 1832 2277 ἁμαξιτὸς

159 2299 254 2364 γὰρ
289 2296 445 2363 μούνη
485 2292 608 2363 [μία]
646 2295 894 2361 δέδμηται.
983 2294 1081 2347 ἀπὸ
1117 2298 1171 2348 δὲ
1206 2299 1294 2346 τοῦ
1334 2296 1567 2350 Φοίνικος
1609 2300 1831 2360 ποταμοῦ

159 2383 510 2433 πεντεκαίδεκα
539 2379 720 2432 στάδιά
743 2381 854 2432 ἐστι
885 2381 936 2433 ἐς
968 2380 1318 2446 Θερμοπύλας.
1395 2380 1448 2430 ἐν
1472 2382 1526 2432 δὲ
1548 2384 1614 2449 τῷ
1644 2378 1830 2445 μεταξὺ
1867 2395 1894 2428 2

161 2464 401 2519 Φοίνικός
429 2461 530 2532 (τε)
565 2469 788 2530 ποταμοῦ
823 2464 903 2516 καὶ
947 2462 1319 2531 Θερμοπυλέων
1357 2463 1492 2529 κώμη
1530 2485 1585 2516 τε
1622 2464 1733 2516 ἔστι
1767 2471 1828 2536 τῇ

218 2617 235 2643 1
265 2603 407 2655 ὁμοίως
421 2604 497 2652 τὴν
512 2602 640 2652 οἷκίην
657 2602 695 2641 R
711 2601 794 2641 SV
903 2614 929 2652 3
956 2600 1025 2641 alt.
1047 2602 1100 2643 τὰ
1122 2605 1164 2643 ἐν
1179 2614 1261 2642 om.
1283 2602 1323 2641 R
1339 2602 1369 2642 S
1383 2602 1423 2641 V
1533 2614 1558 2652 5
1588 2601 1713 2655 ῥαχίη
1735 2601 1775 2640 R
1789 2601 1830 2642 V

157 2659 186 2698 6
216 2657 376 2700 πεδινός
408 2656 594 2696 ABCP
773 2669 795 2706 7
831 2657 897 2698 καὶ
931 2655 972 2695 Α
994 2656 1030 2695 Β
1059 2655 1140 2696 soli
1320 2658 1346 2695 8
1387 2658 1521 2704 ἄβατα
1550 2655 1637 2711 (τὰ)
1667 2656 1826 2696 Reiske

161 2712 348 2763 Μηλιάδα
366 2711 454 2750 ΑΒ
470 2711 503 2751 C
520 2711 554 2749 P
666 2723 715 2750 10
743 2711 768 2760 ἢ
787 2710 826 2749 R
920 2712 1100 2763 ποταμὸς
1121 2715 1347 2765 Σπερχηιὸς
1370 2711 1409 2750 R
1425 2711 1455 2750 S
1468 2710 1506 2749 V
1622 2723 1664 2749 11
1694 2713 1827 2762 Αἶνιή-

161 2784 237 2809 νων
259 2766 298 2805 R
317 2766 347 2806 S
365 2766 399 2805 V
534 2779 582 2816 13
611 2770 668 2818 τῷ
688 2779 770 2805 om.
798 2765 832 2803 P
848 2765 887 2803 R
905 2764 988 2805 SV
1118 2779 1168 2816 14
1199 2767 1289 2807 ἐστὶ
1310 2778 1392 2807 om.
1417 2765 1447 2805 S
1565 2777 1613 2815 15
1643 2769 1825 2807 καλεῖται

162 2821 248 2861 RV
341 2833 394 2860 22
410 2821 603 2873 ὑπώρειαν
618 2820 761 2861 RSV:
781 2819 960 2874 ὑπωρέην
971 2820 1061 2861 rell.
1175 2833 1227 2870 23
1242 2820 1352 2874 μέγα
1364 2821 1404 2860 R
1516 2822 1654 2871 25-26
1669 2820 1826 2862 στεινό-

160 2875 286 2918 τατόν
300 2875 461 2930 (-τατο’ς
475 2875 515 2914 R
530 2875 560 2915 S
572 2875 628 2927 V)
643 2904 652 2915 .
670 2904 681 2915 .
695 2905 704 2915 .
724 2877 908 2926 ποταμοῦ
919 2887 1004 2916 om.
1019 2875 1054 2914 C
1159 2876 1213 2914 26
1232 2876 1302 2927 μία
1314 2874 1440 2927 μούνη
1458 2874 1489 2915 S
1508 2888 1518 2913 τ
1546 2875 1618 2926 μία
1632 2888 1714 2915 om.
1734 2875 1774 2913 A
1789 2875 1824 2914 B

160 2931 295 2982 27-28
322 2930 612 2973 πεντεκαίδεκα
625 2959 635 2971 .
651 2961 660 2970 .
681 2961 689 2971 .
704 2932 886 2982 ποταμοῦ
906 2942 988 2970 orn.
1013 2929 1052 2968 R
1220 2931 1272 2969 28
1301 2947 1348 2972 τε
1368 2931 1463 2971 add.
1492 2929 1615 2971 Stein

1588 3001 1663 3040 16*
