2132 3340
726 109 1106 160 ΙΣΤΟΡΙΩΝ
1169 82 1213 159 Ζ
1844 76 2042 173 v1.12s3

138 239 903 312 Πεισιστρατιδέων,Ἵππαρχον
940 242 1337 302 ἀποκτείναντες,
1372 239 1487 295 οὐδέ
1519 263 1568 294 τι
1602 245 1803 308 μᾶλλον

136 327 359 382 ἔπαυσαν
409 324 540 394 [τοὺς
595 324 821 395 λοιποὺς]
878 327 1279 394 τυραννεύοντας,
1334 326 1696 393 Ἀλκμεωνίδαι
1748 330 1802 381 δὲ

135 409 398 480 ἐμφανέως
436 411 806 479 ἠλευθέρωσαν,
850 413 894 465 εἰ
933 411 991 478 δὴ
1031 411 1175 465 οὗτοί
1208 433 1268 479 γε
1308 410 1535 477 ἀληθέως
1579 410 1710 477 ἦσαν
1755 414 1801 465 οἱ

135 495 225 562 τὴν
284 497 478 562 Πυθίην
530 495 904 551 ἀναπείσαντες·
946 497 1307 564 προσημαίνειν
1357 498 1800 563 Λακεδαιμονίοισι

89 607 112 649 5
138 583 426 649 ἐλευθεροῦν
455 581 543 636 τὰς
567 579 799 646 Ἀθήνας,
824 582 890 635 ὥς
919 603 1004 647 μοι
1035 580 1274 648 πρότερον
1298 579 1588 646 δεδήλωται.
1664 583 1800 634 ἀλλὰ
1836 596 1926 644 124

137 668 233 733 γὰρ
261 666 384 719 ἴσως
413 686 462 718 τι
493 666 887 733 ἐπιμεμφόμενοι
910 665 1191 731 Ἀθηναίων
1214 671 1282 736 τῷ
1307 664 1442 735 δήμῳ
1465 667 1800 732 προεδίδοσαν

135 749 227 816 τὴν
256 751 484 817 πατρίδα.
571 750 629 802 οὗ
662 752 755 816 μὲν
796 747 864 802 ὧν
902 748 1032 815 ἦσάν
1075 757 1251 818 σφεων
1290 749 1440 802 ἄλλοι
1480 750 1800 818 δοκιμώτεροι

135 835 192 888 ἔν
219 856 280 902 γε
310 833 625 900 Ἀθηναίοισι
656 833 830 903 ἄνδρες
859 834 961 886 οὐδ’
992 835 1038 887 οἳ
1071 837 1268 900 μᾶλλον
1298 833 1597 900 ἐτετιμέατο.
1674 836 1799 887 οὕτω
1837 855 1863 885 2

134 917 247 972 οὐδὲ
275 919 430 987 λόγος
461 917 614 988 αἱρέει
644 918 978 987 ἀναδεχθῆναι
1009 919 1062 971 ἔκ
1093 940 1152 986 γε
1182 917 1243 971 ἂν
1271 918 1459 971 τούτων
1494 920 1683 972 ἀσπίδα
1719 921 1800 973 ἐπὶ

63 1028 114 1058 10
133 1003 337 1074 τοιούτῳ
381 1003 535 1074 λόγῳ.
623 1002 865 1075 ἀνεδέχθη
910 1006 1004 1069 μὲν
1045 1005 1141 1071 γὰρ
1187 1004 1355 1063 ἀσπίς,
1403 1004 1483 1056 καὶ
1527 1008 1672 1056 τοῦτο
1712 1004 1801 1057 οὐκ

135 1087 246 1140 ἔστι
281 1087 449 1142 ἄλλως
486 1089 658 1160 εζπεῖν·
706 1087 905 1156 ἐγένετο
941 1087 1053 1155 γάρ·
1099 1087 1154 1142 ὃς
1188 1088 1360 1154 μέντοι
1397 1086 1457 1153 ἧν
1487 1089 1513 1139 6
1543 1088 1799 1155 ἀναδέξας,

135 1172 222 1225 οὐκ
252 1172 352 1241 ἔχω
384 1171 683 1241 προσωτέρω
714 1173 872 1226 εἰπεῖν
901 1173 1107 1225 τούτων’.

219 1259 287 1310 Οἱ
316 1260 369 1310 δὲ
398 1257 760 1323 Ἀλκμεωνίδαι
790 1256 921 1323 ἦσαν
949 1260 1041 1324 μὲν
1082 1257 1161 1309 καὶ
1197 1259 1260 1309 τὰ
1300 1257 1542 1311 ἀνέκαθεν
1580 1259 1801 1327 λαμπροὶ
1837 1270 1926 1321 125

136 1345 190 1395 ἐν
219 1349 336 1416 τῇσι
369 1341 628 1415 Ἀθήνῃσι,
663 1342 761 1396 ἀπὸ
792 1345 845 1395 δὲ
876 1341 1193 1409 Ἀλκμέωνος
1224 1343 1302 1396 καὶ
1337 1344 1474 1398 αὖτις
1506 1343 1802 1412 Μεγακλέος

59 1450 112 1492 15
137 1427 369 1495 ἐγένοντο
421 1427 499 1479 καὶ
550 1426 704 1495 κάρτα
754 1430 988 1495 λαμπροί.
1077 1431 1223 1479 τοῦτο
1265 1430 1358 1494 μὲν
1402 1430 1499 1497 γὰρ
1542 1428 1803 1494 Ἀλκμέων
1840 1445 1866 1478 2

136 1514 163 1563 6
215 1511 514 1580 Μεγακλέος
563 1517 699 1565 τοῖσι
757 1514 810 1564 ἐκ
865 1513 1088 1579 Σαρδίων
1139 1515 1350 1565 Λυδοῖσι
1400 1515 1533 1580 παρὰ
1584 1514 1804 1581 Κροίσου

136 1596 540 1663 ἀπικνεομένοισι
571 1597 652 1650 ἐπὶ
684 1597 742 1650 τὸ
770 1596 1078 1665 χρηστήριον
1110 1596 1167 1649 τὸ
1198 1599 1252 1649 ἐν
1286 1602 1545 1666 Δελφοῖσι
1575 1597 1801 1665 συμπρῄ-
1817 1598 2035 1665 bulbus

137 1703 265 1750 κτωρ
287 1703 341 1734 τε
364 1684 558 1750 ἐγίνετο
584 1682 661 1734 καὶ
687 1681 1045 1748 συνελάμβανε
1067 1682 1345 1750 προθύμως,
1370 1684 1454 1735 καί
1477 1704 1561 1748 μιν
1586 1687 1805 1751 Κροῖσος

136 1767 409 1832 πυθόμενος
455 1772 554 1819 τῶν
601 1770 776 1819 Λυδῶν
821 1771 921 1819 τῶν
969 1769 1020 1821 ἐς
1064 1769 1126 1819 τὰ
1172 1765 1454 1836 χρηστήρια
1500 1768 1805 1835 φοιτεόντων

64 1874 116 1904 20
138 1850 322 1904 ἑωυτὸν
356 1851 408 1904 εὖ
445 1851 632 1905 ποιέειν
671 1851 1046 1918 μεταπέμπεται
1087 1853 1160 1909 ἐς,
1182 1851 1377 1920 Σάρδις,
1411 1853 1711 1918 ἀπικόμενον
1749 1855 1805 1906 δὲ

137 1924 368 2003 δωρέεται
397 1941 572 2007 χρυσῷ
602 1935 692 1989 τὸν
720 1935 783 1989 ἂν
813 1936 1017 2003 δύνηται
1051 1942 1118 2008 τῷ
1162 1939 1347 1994 ἑωυτοῦ
1386 1938 1580 2003 σώματι
1619 1936 1802 2002 ἐξενεί-

139 2024 318 2073 κασθαι
359 2018 571 2085 ἐσάπαξ.
661 2023 686 2072 6
717 2024 770 2074 δὲ
803 2020 1064 2088 Ἀλκμέων
1102 2021 1225 2089 πρὸς
1257 2021 1347 2086 τὴν
1382 2020 1586 2090 δωρεήν,
1621 2024 1806 2074 ἐοῦσαν
1843 2036 1871 2082 3

136 2105 385 2171 τοιαύτην,
439 2105 606 2159 τοιάδε
664 2106 992 2172 ἐπιτηδεύσας
1050 2106 1355 2175 προσέφερε·
1425 2105 1565 2161 ἐνδὺς
1623 2110 1807 2159 κιθῶνα

135 2189 400 2257 μέγανκαὶ
432 2191 619 2244 κόλπον
649 2191 814 2257 βαθὺν
839 2192 1236 2257 καταλιπόμενος
1264 2196 1351 2243 τοῦ
1383 2194 1604 2253 κιθῶνος,
1631 2191 1804 2259 κοθόρ-

64 2290 113 2333 25
138 2295 251 2328 νους
289 2274 405 2329 τοὺς
445 2277 643 2343 εὕρισκε
683 2275 974 2343 εὐρυτάτους
1015 2277 1190 2330 ἐόντας
1223 2275 1602 2342 ὑποδησάμενος
1641 2275 1721 2343 ἤιε
1753 2278 1808 2331 ἐς

137 2357 225 2411 τὸν
256 2359 506 2427 θησαυρὸν
537 2362 588 2415 ἐς
617 2361 704 2413 τόν
737 2363 783 2414 οἱ
815 2360 1131 2429 κατηγέοντο.
1209 2362 1443 2414 ἐσπεσὼν
1472 2364 1526 2414 δὲ
1556 2361 1610 2417 ἐς
1639 2361 1806 2430 σωρὸν
1840 2370 1871 2415 4

91 2465 134 2472 ἡ

196 2509 215 2536 1
248 2496 380 2539 οὐδέτι
401 2497 441 2536 Α
455 2498 516 2538 B:
547 2500 628 2540 οὐδ’
651 2498 711 2539 ἔτι
733 2498 767 2537 Ρ
782 2498 822 2537 R
837 2498 867 2538 S
882 2498 919 2537 V
1094 2512 1119 2538 2
1149 2499 1244 2540 τοὺς
1264 2499 1430 2540 λοιποὺς
1450 2498 1531 2539 del.
1555 2499 1807 2550 Wesseling

138 2564 164 2601 3
199 2554 378 2604 ἐμφανῶς
408 2552 497 2591 ΑΒ
690 2553 718 2591 6
749 2552 1054 2606 ἐπιμεμφομένω
1086 2554 1124 2592 R
1143 2553 1174 2593 S
1190 2553 1229 2592 V
1430 2567 1457 2604 9
1486 2555 1534 2595 ἂν
1560 2567 1644 2595 om.
1666 2555 1705 2593 A
1722 2555 1756 2593 Β
1771 2556 1805 2594 C

142 2618 192 2645 10
221 2607 433 2659 ἀνεδείχθη
457 2608 495 2645 R
511 2606 593 2646 SV
744 2621 792 2657 14
823 2608 1086 2660 Ἀλκμαίονος
1109 2608 1149 2646 R
1165 2608 1247 2648 SV
1267 2608 1329 2658 (it.
1355 2608 1479 2661 infra)
1635 2621 1682 2658 15
1712 2611 1806 2651 'Aa-

138 2661 290 2711 κμαίων
312 2661 351 2699 R
366 2662 447 2702 SV
470 2663 531 2713 (it.
556 2661 683 2714 infra)
855 2675 901 2712 17
933 2661 1230 2714 ἀπικομένοισιν
1253 2663 1291 2700 R
1308 2662 1390 2702 SV
1560 2664 1608 2702 18
1640 2664 1806 2717 ἐγένετο

140 2714 174 2754 C
193 2715 223 2754 S
392 2728 443 2766 23
473 2715 665 2770 προέφερε
688 2717 722 2755 C
823 2721 982 2770 χιτῶνα
1004 2717 1042 2754 R
1062 2717 1091 2755 S
1107 2717 1145 2756 V
1328 2730 1380 2766 24
1409 2716 1541 2770 μέγαν
1564 2731 1643 2757 om.
1669 2718 1708 2757 A
1723 2719 1756 2758 B
1771 2720 1806 2759 C

138 2771 242 2817 βαθὺ
262 2770 296 2809 C
316 2785 325 2810 2
354 2773 482 2813 πολὺν
504 2772 541 2809 R
558 2772 587 2809 S
603 2771 639 2809 V
778 2776 951 2823 χιτῶνος
974 2771 1012 2810 R
1026 2771 1088 2810 V:
1119 2775 1191 2812 τοῦ
1214 2777 1289 2812 κιθ.
1314 2784 1395 2811 om.
1420 2772 1451 2810 S
1595 2773 1807 2826 κοτόρνους

141 2822 284 2863 RSV
485 2838 537 2876 25
577 2826 642 2867 οὓς
672 2825 817 2864 ABC
1015 2826 1069 2864 26
1110 2829 1149 2867 ἐς
1180 2827 1225 2867 ὅν
1254 2826 1397 2866 ABC
1531 2829 1712 2868 ἐκπεσὼν
1743 2828 1806 2867 C:

142 2879 327 2928 ἐμπεσὼν
348 2879 379 2919 S
