2132 3340
30 126 143 175 VII.
175 123 228 174 12
890 125 934 171 Il
953 123 1318 171 POAOTOT

178 274 233 308 12
353 260 521 306 Ταῦτα
564 258 654 321 μὲν
700 256 779 307 ἐπὶ
825 261 1036 306 τοσοῦτο
1086 255 1303 322 ἐλέγετο,
1349 258 1474 321 μετὰ
1518 258 1569 307 δὲ
1616 256 1830 322 εὐφρόνη
1875 277 1930 308 τε

274 342 465 407 ἐγίνετο
502 340 581 390 καὶ
620 339 816 407 Ξέρξην
851 340 1009 403 ἔκνιζε
1037 340 1067 404 ἡ
1099 339 1415 407 Ἀρταβάνου
1454 340 1642 407 γνώμη·
1708 340 1842 391 νυκτὶ
1875 343 1928 392 δὲ

273 424 468 490 βουλὴν
512 423 673 477 διδοὺς
721 423 890 492 πάγχυ
930 423 1127 490 εὕρισκέ
1166 427 1212 476 οἱ
1258 425 1314 476 οὐ
1358 428 1560 491 πρῆγμα
1604 423 1730 475 εἶναι
1775 446 1926 490 στρα-

273 509 505 560 τεύεσθαι
535 509 616 560 ἐπὶ
646 508 736 573 τὴν
766 508 1007 560 Ἑλλάδα.
1082 507 1390 575 δεδογμένων
1421 508 1476 560 δέ
1505 510 1551 560 οἱ
1581 509 1716 562 αὖτις
1745 508 1931 560 τούτων

277 594 584 653 κατύπνωσε,
625 595 703 645 καὶ
740 591 798 657 δή
837 615 923 645 κου
964 596 1017 645 ἐν
1055 601 1115 666 τῇ
1151 594 1288 646 νυκτὶ
1323 593 1421 646 εἶδε
1458 595 1581 660 ὄψιν
1617 591 1826 656 τοιήνδε,
1865 593 1931 646 ὥς
1955 614 1978 655 5

274 677 478 745 λέγεται
506 677 601 730 ὑπὸ
635 677 894 745 Περσέων·
941 678 1107 730 ἐδόκεε
1132 679 1157 728 6
1184 676 1375 743 Ξέρξης
1397 676 1551 745 ἄνδρα
1581 679 1627 729 οἱ
1657 676 1933 728 ἐπιστάντα

209 782 236 813 2
273 762 435 830 μέγαν
464 785 517 815 τε
549 762 628 814 καὶ
658 762 846 815 εὐειδέα
870 765 1042 814 εἰπεῖν·
1093 765 1236 814 Μετὰ
1267 762 1323 826 δὴ
1356 762 1637 828 βουλεύεαι,
1663 759 1701 813 ὦ
1737 760 1930 828 Πέρσα,

275 845 558 914 στράτευμα
603 847 670 912 μὴ
718 846 856 914 ἄγειν
903 847 984 899 ἐπὶ
1031 846 1120 912 τὴν
1166 840 1409 905 Ἑλλάδα,
1458 848 1697 914 προείπας
1745 846 1933 910 ἁλίζειν

275 931 512 1003 Πέρσῃσι
552 932 792 998 στρατόν;
854 932 966 983 οὔτε
1007 930 1075 983 ὧν
1113 932 1604 997 μεταβουλευόμενος
1640 932 1822 1001 ποιέεις
1859 931 1929 990 εὖ,

0 1004 251 1092 &m
274 1017 388 1068 οὔτε
422 1017 450 1066 6
487 1016 905 1092 συγγνωσόμενός
939 1038 1015 1067 τοι
1055 1015 1203 1082 πάρα·
1267 1016 1383 1067 ἀλλ’
1419 1016 1589 1082 ὥσπερ
1627 1018 1714 1079 τῆς
1749 1013 1932 1081 ἡμέρης
1963 1035 2010 1063 ιο

0 1104 241 1159 ,nm-yma
277 1101 591 1167 ἐβουλεύσαο
622 1099 826 1159 ποιέειν,
860 1101 1042 1166 ταύτην
1078 1102 1146 1152 ἴθι
1180 1105 1278 1151 τῶν
1308 1102 1449 1151 ὁδῶν.
1543 1099 1630 1151 τὸν
1659 1101 1752 1164 μὲν
1781 1103 1934 1150 ταῦτα

182 1197 238 1244 13
277 1187 485 1238 εἴπαντα
525 1186 692 1237 ἐδόκεε
727 1186 753 1235 ὁ
795 1184 988 1251 Ξέρξης
1029 1183 1367 1244 ἀποπτάσθαι,
1409 1182 1590 1251 ἡμέρης
1628 1186 1681 1235 δὲ
1720 1184 1930 1249 ἐπιλαμ-

275 1269 452 1337 ψάσης
495 1272 688 1337 ὀνείρου
732 1272 824 1335 μὲν
873 1269 1047 1321 τούτου
1097 1271 1253 1336 λόγον
1297 1268 1472 1320 οὐδένα
1522 1267 1762 1326 ἐποιέετο,
1804 1269 1832 1318 6
1878 1271 1933 1320 δὲ

277 1354 519 1421 Περσέων
553 1355 830 1407 συναλίσας
853 1354 966 1407 τοὺς
998 1355 1076 1406 καὶ
1107 1354 1348 1421 πρότερον
1378 1351 1630 1417 συνέλεξε,
1658 1351 1804 1420 ἔλεγέ
1836 1358 1935 1420 σφι
2073 1392 2084 1435 ι

211 1457 237 1488 2
275 1438 408 1492 τάδε·
446 1438 656 1506 ’Ἄνδρες
680 1438 893 1505 Πέρσαι,
920 1439 1220 1505 συγγνώμην
1237 1459 1320 1503 μοι
1344 1437 1487 1505 ἔχετε
1510 1438 1586 1488 ὅτι
1609 1421 1976 1504 ἀγχίοζςροφαῶι
1985 1458 2007 1499 5

0 1552 138 1591 „m
161 1542 250 1597 μ’
275 1524 600 1589 βουλεύομαι·
665 1529 861 1591 φρενῶν
896 1546 950 1575 τε
984 1525 1078 1592 γὰρ
1124 1524 1175 1576 ἐς
1217 1523 1781 1589 τᾲῂἐμεωυτοῆᾕττρῷτα
1794 1521 1932 1590 -οῂῦκύω

0 1588 457 1695 ᾔεεῆώνζζωάῇυήκω,
494 1610 572 1660 καὶ
602 1610 649 1660 οἱ
683 1608 1103 1683 παρηγορεοᾏαενοι
1132 1608 1297 1659 ἐκεῖνα
1326 1605 1512 1658 ποιέειν
1544 1604 1720 1656 οὐδένα
1749 1605 2132 1696 χρόνονωσγμννυυ

0 1696 114 1728 W
134 1709 143 1720 ’
275 1714 365 1758 μευ
425 1693 716 1761 ἀπέχονται.
804 1687 1074 1743 ἀκούσαντι
1123 1690 1293 1756 μέντοι
1343 1712 1427 1756 μοι
1478 1693 1565 1754 τῆς
1616 1688 1934 1755 Ἀρταβάνου
1954 1670 2036 1698 Μ

276 1780 474 1844 γνώμης
515 1778 789 1844 παραυτίκα
823 1779 912 1841 μὲν
947 1776 977 1841 ἡ
1014 1776 1187 1840 νεότης
1224 1774 1444 1839 ἐπέζεσε,
1478 1775 1609 1826 ὥστε
1645 1772 1935 1840 ἀεικέστερα
1959 1773 2132 1827 *ezem-

276 1863 553 1929 ἀπορρῖψαι
584 1861 705 1913 ἔπεα
735 1863 785 1914 ἐς
817 1860 970 1927 ἄνδρα
1001 1859 1344 1926 πρεσβύτερον
1375 1854 1405 1923 ἢ
1434 1859 1601 1926 χρεόν·
1648 1862 1734 1910 νῦν
1762 1856 1935 1923 μέντοι
1960 1878 2009 1906 20

212 1967 239 2011 3
278 1946 527 2013 συγγνοὺς
557 1944 811 2014 χρήσομαι
845 1952 905 2017 τῇ
941 1946 1132 1996 ἐκείνου
1167 1944 1353 2015 γνώμῃ.
1443 1943 1508 1996 ὣς
1538 1941 1607 1994 ὧν
1636 1945 1932 2009 μεταδεδογ-

275 2029 427 2095 μένον
456 2052 538 2096 μοι
568 2030 634 2095 μὴ
673 2030 1032 2096 στρατεύεσθαι
1071 2029 1151 2080 ἐπὶ
1186 2027 1275 2092 τὴν
1305 2026 1545 2085 Ἑλλάδα,
1580 2027 1764 2094 ἥσυχοι
1799 2025 1931 2078 ἕστε.

277 2114 476 2182 Πέρσαι
510 2117 602 2180 μὲν
643 2115 706 2167 ὡς
742 2113 963 2178 ἥκουσαν
1002 2117 1169 2171 ταῦτα,
1214 2112 1540 2180 κεχαρηκότες
1580 2110 1931 2177 προσεκύνεον·

180 2216 239 2264 14
276 2198 450 2254 νυκτὸς
473 2201 526 2251 δὲ
550 2197 817 2266 γενομένης
841 2198 974 2250 αῧτις
996 2196 1153 2257 τώυτὸ
1177 2198 1367 2263 ὄνειρον
1397 2200 1463 2265 τῷ
1488 2193 1652 2267 Ξέρξῃ
1678 2215 1930 2247 κατυπνω-

274 2282 408 2354 μένῳ
453 2283 599 2351 ἔλεγε
643 2280 874 2335 ἐπιστάν·
927 2280 1002 2332 Ἷὶ
1039 2285 1131 2333 παῖ
1164 2281 1395 2347 Δαρείου,
1430 2280 1509 2345 καὶ
1545 2278 1603 2344 δὴ
1641 2279 1844 2347 φαίνεαι
1878 2279 1934 2331 ἐν
1958 2297 2007 2339 25

246 2367 516 2440 οΠέρσῃσί
553 2389 608 2420 τε
658 2365 994 2432 ἀπειπάμενος
1036 2364 1127 2430 τὴν
1171 2364 1545 2431 στρατηλασίην
1596 2363 1676 2415 καὶ
1725 2364 1788 2415 τὰ
1839 2364 1934 2428 ε’μᾶ

274 2451 398 2505 ἔπεα
428 2454 482 2505 ἐν
510 2452 674 2504 οὐδενὶ
709 2450 998 2517 ποιεύμενος
1027 2450 1164 2520 λόγῳ
1203 2448 1269 2502 ὡς
1304 2448 1419 2515 παρ’
1450 2447 1650 2502 οὐδενὸς
1687 2447 1929 2508 ἀκούσας,·

330 2605 349 2631 1
380 2590 565 2633 τοσούτω
586 2591 625 2630 R
643 2589 724 2630 SV
835 2587 999 2641 ἐγένετο
1021 2587 1056 2626 C
1155 2577 1213 2628 ⁴‘re
1233 2599 1314 2625 om.
1339 2585 1388 2625 P1
1405 2583 1442 2623 R
1458 2586 1489 2625 S
1503 2585 1541 2624 V
1711 2599 1736 2624 2
1766 2583 1932 2637 ἐγένετο

275 2646 309 2685 Ρ
326 2648 365 2687 R
380 2647 411 2686 S
425 2647 461 2684 V
680 2658 705 2694 4
736 2642 977 2696 δεδογμένον
999 2643 1031 2681 C
1046 2643 1086 2681 R
1307 2654 1331 2690 5
1363 2642 1419 2682 ίδε
1441 2640 1480 2678 Α
1496 2639 1530 2679 Β
1698 2639 1790 2692 ὄψιν
1809 2639 1872 2678 bis
1890 2639 1930 2677 R

271 2702 432 2751 τοιήνδε
452 2714 532 2740 om.
560 2701 599 2739 R
616 2701 697 2739 SV
807 2701 857 2740 ὡς
879 2698 931 2739 λε’
947 2711 1027 2737 om.
1055 2698 1094 2735 R
1212 2710 1239 2746 9
1269 2696 1426 2748 Πέρσας
1446 2695 1483 2733 Α
1498 2695 1533 2732 Β
1549 2695 1582 2733 C
1681 2694 1876 2744 στρατιήν
1897 2694 1931 2732 C

277 2770 325 2795 12
357 2756 524 2798 εἰπόντα
543 2755 582 2793 A
598 2756 631 2793 Β
648 2755 680 2793 C
698 2755 731 2792 P
863 2766 910 2802 14
940 2754 1033 2793 τοὺς
1053 2753 1195 2793 αὐτοὺς
1214 2752 1307 2792 τοὺς
1329 2752 1393 2791 καὶ
1417 2751 1453 2788 R
1471 2751 1551 2788 SV
1661 2748 1775 2800 ἔλεξέ
1792 2747 1831 2785 Α
1845 2748 1879 2786 Β
1896 2748 1930 2786 C

275 2814 325 2850 16
372 2815 477 2851 οὔπω
513 2811 554 2848 Α
576 2811 611 2848 Β
634 2810 668 2848 C
691 2809 725 2847 P
949 2820 994 2856 17
1043 2805 1403 2859 παρηγορευόμενοι
1443 2805 1503 2845 B:
1553 2803 1748 2857 -ρεύμενοι
1790 2802 1828 2838 R
1847 2802 1878 2840 S
1894 2801 1932 2839 V

277 2867 326 2904 18
369 2865 614 2916 ἀπέρχονται
654 2864 689 2902 Β
856 2861 930 2911 μὲν
968 2862 1017 2910 δή
1058 2861 1230 2900 Bekker
1459 2872 1513 2898 20
1554 2859 1686 2911 χρεών
1724 2857 1757 2895 Ρ
1778 2857 1818 2894 R
1841 2857 1871 2896 S
1892 2856 1931 2894 V

274 2932 322 2958 21
354 2918 711 2972 μεταδεδογμένων
731 2917 771 2957 Α
787 2917 821 2956 Β
836 2917 870 2955 C
885 2915 933 2956 Pl
952 2930 962 2955 ε
991 2915 1128 2967 -μένου
1151 2916 1182 2955 S
1348 2927 1399 2964 24
1409 2925 1482 2963 -25
1515 2912 1636 2965 ἔλεγε
1657 2917 1753 2963 post
1778 2911 1930 2964 ὄνειρον

275 2973 309 3012 Ρ
322 2974 360 3013 R
376 2974 455 3013 SV
619 2986 670 3021 27
701 2971 969 3023 ποιησάμενος
990 2970 1028 3008 Λ
1042 2970 1077 3008 Β
1093 2970 1126 3008 C
1143 2970 1175 3008 P
