<?xml version="1.0" encoding="UTF-8"?>
<!DOCTYPE html PUBLIC "-//W3C//DTD XHTML 1.0 Transitional//EN"
    "http://www.w3.org/TR/xhtml1/DTD/xhtml1-transitional.dtd">
<html xmlns="http://www.w3.org/1999/xhtml" xml:lang="en" lang="en">
 <head>
  <title>
</title>
<meta http-equiv="Content-Type" content="text/html;charset=utf-8" />
  <meta name='ocr-system' content='tesseract 3.04.00' />
  <meta name='ocr-capabilities' content='ocr_page ocr_carea ocr_par ocr_line ocrx_word'/>
</head>
<body>
  <div class='ocr_page' id='page_1' title='image "./herodotihistoria02herouoft_0315.png"; bbox 0 0 2132 3340; ppageno 0'>
   <div class='ocr_carea' id='block_1_1' title="bbox 694 90 2093 155">
    <p class='ocr_par' dir='ltr' id='par_1_1' title="bbox 694 90 2093 155">
     <span class='ocr_line' id='line_1_1' title="bbox 694 90 2093 155; baseline 0.001 -15"><span class='ocrx_word' id='word_1_1' title='bbox 694 91 1073 140; x_wconf 84' lang='grc' dir='ltr'>ΙΣΤΟΡΙΩΝ</span> <span class='ocrx_word' id='word_1_2' title='bbox 1134 92 1184 140; x_wconf 92' lang='grc' dir='ltr'>Θ</span> <span class='ocrx_word' id='word_1_3' title='bbox 1288 92 1294 99; x_wconf 82' lang='lat'><em>&#39;</em></span> <span class='ocrx_word' id='word_1_4' title='bbox 1820 90 1962 140; x_wconf 90' lang='lat' dir='ltr'>V111.</span> <span class='ocrx_word' id='word_1_5' title='bbox 1994 103 2093 155; x_wconf 85' lang='lat'>109</span> 
     </span>
    </p>
   </div>
   <div class='ocr_carea' id='block_1_2' title="bbox 25 219 2132 2409">
    <p class='ocr_par' dir='ltr' id='par_1_2' title="bbox 25 219 2132 2409">
     <span class='ocr_line' id='line_1_2' title="bbox 105 219 1778 292; baseline -0.004 -15"><span class='ocrx_word' id='word_1_6' title='bbox 105 222 167 277; x_wconf 90' lang='grc' dir='ltr'>τά</span> <span class='ocrx_word' id='word_1_7' title='bbox 201 245 255 278; x_wconf 86' lang='grc' dir='ltr'>τε</span> <span class='ocrx_word' id='word_1_8' title='bbox 290 225 370 292; x_wconf 80' lang='grc' dir='ltr'>ἱρὰ</span> <span class='ocrx_word' id='word_1_9' title='bbox 412 224 491 276; x_wconf 89' lang='grc' dir='ltr'>καὶ</span> <span class='ocrx_word' id='word_1_10' title='bbox 526 224 589 275; x_wconf 82' lang='grc' dir='ltr'>τὰ</span> <span class='ocrx_word' id='word_1_11' title='bbox 622 223 723 275; x_wconf 80' lang='grc' dir='ltr'>ἴδια</span> <span class='ocrx_word' id='word_1_12' title='bbox 758 224 813 276; x_wconf 84' lang='grc' dir='ltr'>ἐν</span> <span class='ocrx_word' id='word_1_13' title='bbox 857 222 1007 292; x_wconf 83' lang='grc' dir='ltr'>ὁμοίῳ</span> <span class='ocrx_word' id='word_1_14' title='bbox 1043 221 1283 280; x_wconf 82' lang='grc' dir='ltr'>ἐποιέετο,</span> <span class='ocrx_word' id='word_1_15' title='bbox 1321 219 1570 287; x_wconf 82' lang='grc' dir='ltr'>ἐμπιπράς</span> <span class='ocrx_word' id='word_1_16' title='bbox 1603 241 1660 273; x_wconf 90' lang='grc' dir='ltr'>τε</span> <span class='ocrx_word' id='word_1_17' title='bbox 1696 239 1778 272; x_wconf 92' lang='grc' dir='ltr'>και</span> 
     </span>
     <span class='ocr_line' id='line_1_3' title="bbox 107 304 1777 374; baseline -0.003 -13"><span class='ocrx_word' id='word_1_18' title='bbox 107 307 443 374; x_wconf 80' lang='grc' dir='ltr'>καταβάλλων</span> <span class='ocrx_word' id='word_1_19' title='bbox 470 313 571 360; x_wconf 85' lang='grc' dir='ltr'>τῶν</span> <span class='ocrx_word' id='word_1_20' title='bbox 603 311 726 360; x_wconf 81' lang='grc' dir='ltr'>θεῶν</span> <span class='ocrx_word' id='word_1_21' title='bbox 761 309 823 359; x_wconf 81' lang='grc' dir='ltr'>τὰ</span> <span class='ocrx_word' id='word_1_22' title='bbox 860 306 1142 373; x_wconf 87' lang='grc' dir='ltr'>ἀγάλματα·</span> <span class='ocrx_word' id='word_1_23' title='bbox 1190 305 1243 359; x_wconf 82' lang='grc' dir='ltr'>ὃς</span> <span class='ocrx_word' id='word_1_24' title='bbox 1275 305 1353 357; x_wconf 87' lang='grc' dir='ltr'>καὶ</span> <span class='ocrx_word' id='word_1_25' title='bbox 1383 304 1474 369; x_wconf 77' lang='grc' dir='ltr'>τὴν</span> <span class='ocrx_word' id='word_1_26' title='bbox 1505 304 1777 357; x_wconf 88' lang='grc' dir='ltr'>θάλασσαν</span> 
     </span>
     <span class='ocr_line' id='line_1_4' title="bbox 105 387 1843 460; baseline -0.004 -14"><span class='ocrx_word' id='word_1_27' title='bbox 105 392 495 460; x_wconf 66' lang='grc' dir='ltr'>ἀπεμαστίγωσε</span> <span class='ocrx_word' id='word_1_28' title='bbox 531 391 685 446; x_wconf 80' lang='grc' dir='ltr'>πέδας</span> <span class='ocrx_word' id='word_1_29' title='bbox 718 412 774 445; x_wconf 86' lang='grc' dir='ltr'>τε</span> <span class='ocrx_word' id='word_1_30' title='bbox 814 394 1006 456; x_wconf 83' lang='grc' dir='ltr'>κατῆκε.</span> <span class='ocrx_word' id='word_1_31' title='bbox 1099 390 1216 443; x_wconf 88' lang='grc' dir='ltr'>ἀλλ’</span> <span class='ocrx_word' id='word_1_32' title='bbox 1257 390 1310 442; x_wconf 82' lang='grc' dir='ltr'>εὖ</span> <span class='ocrx_word' id='word_1_33' title='bbox 1350 391 1445 457; x_wconf 81' lang='grc' dir='ltr'>γὰρ</span> <span class='ocrx_word' id='word_1_34' title='bbox 1483 389 1591 458; x_wconf 85' lang='grc' dir='ltr'>ἔχει</span> <span class='ocrx_word' id='word_1_35' title='bbox 1628 390 1679 443; x_wconf 82' lang='grc' dir='ltr'>ἐς</span> <span class='ocrx_word' id='word_1_36' title='bbox 1718 387 1776 440; x_wconf 88' lang='grc' dir='ltr'>τὸ</span> <span class='ocrx_word' id='word_1_37' title='bbox 1813 407 1843 450; x_wconf 90' lang='grc'>4</span> 
     </span>
     <span class='ocr_line' id='line_1_5' title="bbox 105 473 1775 550; baseline -0.004 -19"><span class='ocrx_word' id='word_1_38' title='bbox 105 477 290 545; x_wconf 87' lang='grc' dir='ltr'>παρεὸν</span> <span class='ocrx_word' id='word_1_39' title='bbox 319 477 436 544; x_wconf 86' lang='grc' dir='ltr'>ἡμῖν</span> <span class='ocrx_word' id='word_1_40' title='bbox 466 481 552 530; x_wconf 83' lang='grc' dir='ltr'>νῦν</span> <span class='ocrx_word' id='word_1_41' title='bbox 575 479 667 542; x_wconf 81' lang='grc' dir='ltr'>μὲν</span> <span class='ocrx_word' id='word_1_42' title='bbox 696 479 751 529; x_wconf 84' lang='grc' dir='ltr'>ἐν</span> <span class='ocrx_word' id='word_1_43' title='bbox 781 484 842 550; x_wconf 84' lang='grc' dir='ltr'>τῇ</span> <span class='ocrx_word' id='word_1_44' title='bbox 864 475 1079 528; x_wconf 87' lang='grc' dir='ltr'>Ἑλλάδι</span> <span class='ocrx_word' id='word_1_45' title='bbox 1103 477 1493 540; x_wconf 79' lang='grc' dir='ltr'>καταμείναντας</span> <span class='ocrx_word' id='word_1_46' title='bbox 1524 473 1691 540; x_wconf 85' lang='grc' dir='ltr'>ἡμέων</span> <span class='ocrx_word' id='word_1_47' title='bbox 1720 494 1775 526; x_wconf 88' lang='grc' dir='ltr'>τε</span> 
     </span>
     <span class='ocr_line' id='line_1_6' title="bbox 57 559 1775 628; baseline -0.002 -14"><span class='ocrx_word' id='word_1_48' title='bbox 57 586 79 626; x_wconf 91' lang='lat'>5</span> <span class='ocrx_word' id='word_1_49' title='bbox 105 562 266 615; x_wconf 83' lang='grc' dir='ltr'>αὐτῶν</span> <span class='ocrx_word' id='word_1_50' title='bbox 311 564 670 628; x_wconf 85' lang='grc' dir='ltr'>ἐπιμεληθῆναι</span> <span class='ocrx_word' id='word_1_51' title='bbox 715 562 794 614; x_wconf 90' lang='grc' dir='ltr'>καὶ</span> <span class='ocrx_word' id='word_1_52' title='bbox 839 566 938 613; x_wconf 82' lang='grc' dir='ltr'>τῶν</span> <span class='ocrx_word' id='word_1_53' title='bbox 982 559 1230 614; x_wconf 87' lang='grc' dir='ltr'>οἰκετέων·</span> <span class='ocrx_word' id='word_1_54' title='bbox 1278 561 1362 612; x_wconf 93' lang='grc' dir='ltr'>καί</span> <span class='ocrx_word' id='word_1_55' title='bbox 1401 580 1476 614; x_wconf 92' lang='grc' dir='ltr'>τις</span> <span class='ocrx_word' id='word_1_56' title='bbox 1518 559 1679 624; x_wconf 84' lang='grc' dir='ltr'>οἰκίην</span> <span class='ocrx_word' id='word_1_57' title='bbox 1718 579 1775 611; x_wconf 90' lang='grc' dir='ltr'>τε</span> 
     </span>
     <span class='ocr_line' id='line_1_7' title="bbox 105 642 2132 717; baseline -0.004 -18"><span class='ocrx_word' id='word_1_58' title='bbox 105 646 487 700; x_wconf 86' lang='grc' dir='ltr'>ἀναπλασάσθω</span> <span class='ocrx_word' id='word_1_59' title='bbox 521 647 600 699; x_wconf 87' lang='grc' dir='ltr'>καὶ</span> <span class='ocrx_word' id='word_1_60' title='bbox 632 647 824 717; x_wconf 86' lang='grc' dir='ltr'>σπόρου</span> <span class='ocrx_word' id='word_1_61' title='bbox 847 644 1239 716; x_wconf 51' lang='grc' dir='ltr'>ἀνακῶς-ἐχέτω,</span> <span class='ocrx_word' id='word_1_62' title='bbox 1266 643 1552 698; x_wconf 87' lang='grc' dir='ltr'>παντελέως</span> <span class='ocrx_word' id='word_1_63' title='bbox 1584 642 1772 697; x_wconf 86' lang='grc' dir='ltr'>ἀπελά-</span> <span class='ocrx_word' id='word_1_64' title='bbox 1785 644 2132 695; x_wconf 53' lang='lat' dir='ltr'>&amp;atsto-⁷4²⁶</span> 
     </span>
     <span class='ocr_line' id='line_1_8' title="bbox 106 727 1770 802; baseline -0.002 -18"><span class='ocrx_word' id='word_1_65' title='bbox 106 753 200 787; x_wconf 91' lang='grc' dir='ltr'>σας</span> <span class='ocrx_word' id='word_1_66' title='bbox 232 731 320 785; x_wconf 89' lang='grc' dir='ltr'>τὸν</span> <span class='ocrx_word' id='word_1_67' title='bbox 350 730 658 800; x_wconf 88' lang='grc' dir='ltr'>βάρβαρον·.</span> <span class='ocrx_word' id='word_1_68' title='bbox 685 730 786 797; x_wconf 82' lang='grc' dir='ltr'>ἅμα</span> <span class='ocrx_word' id='word_1_69' title='bbox 817 734 871 784; x_wconf 80' lang='grc' dir='ltr'>δὲ</span> <span class='ocrx_word' id='word_1_70' title='bbox 905 736 974 802; x_wconf 80' lang='grc' dir='ltr'>τῷ</span> <span class='ocrx_word' id='word_1_71' title='bbox 1007 731 1115 798; x_wconf 85' lang='grc' dir='ltr'>ἔαρι</span> <span class='ocrx_word' id='word_1_72' title='bbox 1148 728 1506 796; x_wconf 87' lang='grc' dir='ltr'>καταπλέωμεν</span> <span class='ocrx_word' id='word_1_73' title='bbox 1537 729 1619 782; x_wconf 84' lang='grc' dir='ltr'>ἐπὶ</span> <span class='ocrx_word' id='word_1_74' title='bbox 1650 727 1770 780; x_wconf 88' lang='grc' dir='ltr'>Ἑλ-</span> 
     </span>
     <span class='ocr_line' id='line_1_9' title="bbox 102 812 2132 890; baseline 0 -21"><span class='ocrx_word' id='word_1_75' title='bbox 102 817 389 883; x_wconf 91' lang='grc' dir='ltr'>λησπόντου</span> <span class='ocrx_word' id='word_1_76' title='bbox 414 817 492 869; x_wconf 89' lang='grc' dir='ltr'>καὶ</span> <span class='ocrx_word' id='word_1_77' title='bbox 515 816 719 881; x_wconf 86' lang='grc' dir='ltr'>Ἰωνίης.</span> <span class='ocrx_word' id='word_1_78' title='bbox 769 820 922 868; x_wconf 83' lang='grc' dir='ltr'>ταῦτα</span> <span class='ocrx_word' id='word_1_79' title='bbox 954 816 1101 883; x_wconf 87' lang='grc' dir='ltr'>ἔλεγε</span> <span class='ocrx_word' id='word_1_80' title='bbox 1124 812 1770 890; x_wconf 42' lang='grc' dir='ltr'>ἀποθήκη-νμέλλῳνηζτ-ο-ωἱ-</span> <span class='ocrx_word' id='word_1_81' title='bbox 1816 818 2132 886; x_wconf 52' lang='lat' dir='ltr'>sepa-keah</span> 
     </span>
     <span class='ocr_line' id='line_1_10' title="bbox 104 887 2132 997; baseline -0.001 -44"><span class='ocrx_word' id='word_1_82' title='bbox 104 905 288 955; x_wconf 90' lang='grc' dir='ltr'>σεσθαι</span> <span class='ocrx_word' id='word_1_83' title='bbox 319 903 370 956; x_wconf 82' lang='grc' dir='ltr'>ἐς</span> <span class='ocrx_word' id='word_1_84' title='bbox 400 901 485 954; x_wconf 84' lang='grc' dir='ltr'>τὸν</span> <span class='ocrx_word' id='word_1_85' title='bbox 516 900 741 968; x_wconf 89' lang='grc' dir='ltr'>Πέρσην,</span> <span class='ocrx_word' id='word_1_86' title='bbox 768 903 850 953; x_wconf 80' lang='grc' dir='ltr'>ἵνα</span> <span class='ocrx_word' id='word_1_87' title='bbox 879 897 940 966; x_wconf 83' lang='grc' dir='ltr'>ἢν</span> <span class='ocrx_word' id='word_1_88' title='bbox 970 899 1066 968; x_wconf 87' lang='grc' dir='ltr'>ἄρα</span> <span class='ocrx_word' id='word_1_89' title='bbox 1087 902 1139 953; x_wconf 90' lang='grc' dir='ltr'>τί</span> <span class='ocrx_word' id='word_1_90' title='bbox 1158 922 1242 966; x_wconf 92' lang='grc' dir='ltr'>μιν</span> <span class='ocrx_word' id='word_1_91' title='bbox 1267 898 1630 972; x_wconf 83' lang='grc' dir='ltr'>καταλαμβάνῃ</span> <span class='ocrx_word' id='word_1_92' title='bbox 1655 887 2132 997; x_wconf 42' lang='grc' dir='ltr'>πρὸς’,ζῇ’Σ“;Φ,““’“,..ὠέἔ’ἷῗ1</span> 
     </span>
     <span class='ocr_line' id='line_1_11' title="bbox 31 983 1772 1059; baseline -0.001 -22"><span class='ocrx_word' id='word_1_93' title='bbox 31 1008 80 1038; x_wconf 85' lang='grc' dir='ltr'>ιο</span> <span class='ocrx_word' id='word_1_94' title='bbox 102 985 381 1053; x_wconf 87' lang='grc' dir='ltr'>Ἀθηναίων</span> <span class='ocrx_word' id='word_1_95' title='bbox 411 985 584 1047; x_wconf 87' lang='grc' dir='ltr'>πάθος,</span> <span class='ocrx_word' id='word_1_96' title='bbox 611 987 704 1059; x_wconf 86' lang='grc' dir='ltr'>ἔχῃ</span> <span class='ocrx_word' id='word_1_97' title='bbox 736 984 1084 1054; x_wconf 86' lang='grc' dir='ltr'>ἀποστροφήν·</span> <span class='ocrx_word' id='word_1_98' title='bbox 1129 984 1192 1037; x_wconf 87' lang='grc' dir='ltr'>τά</span> <span class='ocrx_word' id='word_1_99' title='bbox 1222 1006 1314 1051; x_wconf 92' lang='grc' dir='ltr'>περ</span> <span class='ocrx_word' id='word_1_100' title='bbox 1344 983 1414 1037; x_wconf 70' lang='grc' dir='ltr'>ὧν</span> <span class='ocrx_word' id='word_1_101' title='bbox 1445 985 1526 1037; x_wconf 91' lang='grc' dir='ltr'>καὶ</span> <span class='ocrx_word' id='word_1_102' title='bbox 1556 983 1772 1051; x_wconf 82' lang='grc' dir='ltr'>ἐγένετο.</span> 
     </span>
     <span class='ocr_line' id='line_1_12' title="bbox 104 1068 1897 1138; baseline -0.003 -14"><span class='ocrx_word' id='word_1_103' title='bbox 104 1069 485 1138; x_wconf 86' lang='grc' dir='ltr'>Θεμιστοκλέης</span> <span class='ocrx_word' id='word_1_104' title='bbox 529 1074 622 1138; x_wconf 80' lang='grc' dir='ltr'>μὲν</span> <span class='ocrx_word' id='word_1_105' title='bbox 673 1076 826 1124; x_wconf 84' lang='grc' dir='ltr'>ταῦτα</span> <span class='ocrx_word' id='word_1_106' title='bbox 882 1070 1050 1138; x_wconf 88' lang='grc' dir='ltr'>λέγων</span> <span class='ocrx_word' id='word_1_107' title='bbox 1103 1069 1364 1137; x_wconf 89' lang='grc' dir='ltr'>διέβαλλε,</span> <span class='ocrx_word' id='word_1_108' title='bbox 1411 1068 1668 1135; x_wconf 85' lang='grc' dir='ltr'>Ἀθηναῖοι</span> <span class='ocrx_word' id='word_1_109' title='bbox 1721 1071 1774 1121; x_wconf 84' lang='grc' dir='ltr'>δὲ</span> <span class='ocrx_word' id='word_1_110' title='bbox 1814 1083 1897 1119; x_wconf 91' lang='lat'>110</span> 
     </span>
     <span class='ocr_line' id='line_1_13' title="bbox 104 1152 1776 1223; baseline -0.001 -14"><span class='ocrx_word' id='word_1_111' title='bbox 104 1157 377 1209; x_wconf 87' lang='grc' dir='ltr'>ε’πείθοντο·</span> <span class='ocrx_word' id='word_1_112' title='bbox 423 1156 594 1221; x_wconf 79' lang='grc' dir='ltr'>ἐπειδὴ</span> <span class='ocrx_word' id='word_1_113' title='bbox 625 1158 720 1223; x_wconf 82' lang='grc' dir='ltr'>γὰρ</span> <span class='ocrx_word' id='word_1_114' title='bbox 745 1155 826 1208; x_wconf 87' lang='grc' dir='ltr'>καὶ</span> <span class='ocrx_word' id='word_1_115' title='bbox 849 1156 1092 1223; x_wconf 89' lang='grc' dir='ltr'>πρότερον</span> <span class='ocrx_word' id='word_1_116' title='bbox 1123 1154 1422 1222; x_wconf 84' lang='grc' dir='ltr'>δεδογμένος</span> <span class='ocrx_word' id='word_1_117' title='bbox 1453 1154 1579 1206; x_wconf 77' lang='grc' dir='ltr'>εἶναι</span> <span class='ocrx_word' id='word_1_118' title='bbox 1610 1152 1776 1222; x_wconf 88' lang='grc' dir='ltr'>σοφὸς</span> 
     </span>
     <span class='ocr_line' id='line_1_14' title="bbox 101 1238 1776 1309; baseline -0.002 -16"><span class='ocrx_word' id='word_1_119' title='bbox 101 1239 264 1309; x_wconf 90' lang='grc' dir='ltr'>ε’φάνη</span> <span class='ocrx_word' id='word_1_120' title='bbox 297 1242 392 1294; x_wconf 78' lang='grc' dir='ltr'>ἐὼν</span> <span class='ocrx_word' id='word_1_121' title='bbox 421 1240 646 1306; x_wconf 83' lang='grc' dir='ltr'>ἀληθέως</span> <span class='ocrx_word' id='word_1_122' title='bbox 676 1241 840 1308; x_wconf 91' lang='grc' dir='ltr'>σοφός</span> <span class='ocrx_word' id='word_1_123' title='bbox 871 1263 925 1293; x_wconf 90' lang='grc' dir='ltr'>τε</span> <span class='ocrx_word' id='word_1_124' title='bbox 958 1241 1037 1292; x_wconf 85' lang='grc' dir='ltr'>καὶ</span> <span class='ocrx_word' id='word_1_125' title='bbox 1068 1241 1327 1306; x_wconf 84' lang='grc' dir='ltr'>εὔβουλος,</span> <span class='ocrx_word' id='word_1_126' title='bbox 1359 1238 1557 1293; x_wconf 91' lang='grc' dir='ltr'>πάντως</span> <span class='ocrx_word' id='word_1_127' title='bbox 1589 1239 1776 1304; x_wconf 82' lang='grc' dir='ltr'>ἕτοιμοι</span> 
     </span>
     <span class='ocr_line' id='line_1_15' title="bbox 101 1323 1839 1393; baseline -0.002 -16"><span class='ocrx_word' id='word_1_128' title='bbox 101 1323 234 1390; x_wconf 81' lang='grc' dir='ltr'>ἦσαν</span> <span class='ocrx_word' id='word_1_129' title='bbox 276 1325 482 1393; x_wconf 89' lang='grc' dir='ltr'>λέγοντι</span> <span class='ocrx_word' id='word_1_130' title='bbox 527 1327 804 1378; x_wconf 91' lang='grc' dir='ltr'>πείθεσθαι.</span> <span class='ocrx_word' id='word_1_131' title='bbox 901 1326 966 1379; x_wconf 84' lang='grc' dir='ltr'>ὡς</span> <span class='ocrx_word' id='word_1_132' title='bbox 1014 1328 1067 1378; x_wconf 79' lang='grc' dir='ltr'>δὲ</span> <span class='ocrx_word' id='word_1_133' title='bbox 1117 1325 1259 1377; x_wconf 80' lang='grc' dir='ltr'>οὗτοί</span> <span class='ocrx_word' id='word_1_134' title='bbox 1305 1327 1353 1377; x_wconf 79' lang='grc' dir='ltr'>οἱ</span> <span class='ocrx_word' id='word_1_135' title='bbox 1404 1323 1775 1392; x_wconf 82' lang='grc' dir='ltr'>ἀνεγνωσμένοι</span> <span class='ocrx_word' id='word_1_136' title='bbox 1812 1340 1839 1372; x_wconf 86' lang='lat'>2</span> 
     </span>
     <span class='ocr_line' id='line_1_16' title="bbox 30 1407 1775 1476; baseline 0.002 -19"><span class='ocrx_word' id='word_1_137' title='bbox 30 1429 76 1473; x_wconf 89' lang='lat'>15</span> <span class='ocrx_word' id='word_1_138' title='bbox 101 1409 247 1476; x_wconf 81' lang='grc' dir='ltr'>ἦσαν,</span> <span class='ocrx_word' id='word_1_139' title='bbox 281 1410 455 1463; x_wconf 82' lang='grc' dir='ltr'>αὐτίκα</span> <span class='ocrx_word' id='word_1_140' title='bbox 483 1412 607 1476; x_wconf 80' lang='grc' dir='ltr'>μετὰ</span> <span class='ocrx_word' id='word_1_141' title='bbox 641 1415 792 1462; x_wconf 83' lang='grc' dir='ltr'>ταῦτα</span> <span class='ocrx_word' id='word_1_142' title='bbox 831 1412 857 1462; x_wconf 95' lang='lat'><em>6</em></span> <span class='ocrx_word' id='word_1_143' title='bbox 890 1408 1271 1476; x_wconf 89' lang='grc' dir='ltr'>Θεμιστοκλέης</span> <span class='ocrx_word' id='word_1_144' title='bbox 1300 1408 1482 1476; x_wconf 84' lang='grc' dir='ltr'>ἄνδρας</span> <span class='ocrx_word' id='word_1_145' title='bbox 1511 1407 1775 1474; x_wconf 85' lang='grc' dir='ltr'>ἀπέπεμπε</span> 
     </span>
     <span class='ocr_line' id='line_1_17' title="bbox 101 1492 1775 1563; baseline -0.002 -16"><span class='ocrx_word' id='word_1_146' title='bbox 101 1494 310 1563; x_wconf 86' lang='grc' dir='ltr'>ἔχοντας</span> <span class='ocrx_word' id='word_1_147' title='bbox 350 1500 544 1554; x_wconf 86' lang='grc' dir='ltr'>πλοῖον,</span> <span class='ocrx_word' id='word_1_148' title='bbox 584 1500 716 1548; x_wconf 84' lang='grc' dir='ltr'>τοῖσι</span> <span class='ocrx_word' id='word_1_149' title='bbox 758 1497 989 1548; x_wconf 86' lang='grc' dir='ltr'>ἐπίστευε</span> <span class='ocrx_word' id='word_1_150' title='bbox 1032 1498 1184 1562; x_wconf 85' lang='grc' dir='ltr'>σιγᾶν</span> <span class='ocrx_word' id='word_1_151' title='bbox 1230 1497 1281 1548; x_wconf 84' lang='grc' dir='ltr'>ἐς</span> <span class='ocrx_word' id='word_1_152' title='bbox 1324 1497 1495 1546; x_wconf 79' lang='grc' dir='ltr'>πᾶσαν</span> <span class='ocrx_word' id='word_1_153' title='bbox 1539 1492 1775 1559; x_wconf 90' lang='grc' dir='ltr'>βάσανον</span> 
     </span>
     <span class='ocr_line' id='line_1_18' title="bbox 100 1577 1776 1646; baseline -0.002 -14"><span class='ocrx_word' id='word_1_154' title='bbox 100 1578 448 1645; x_wconf 84' lang='grc' dir='ltr'>ἀπικομένοισι</span> <span class='ocrx_word' id='word_1_155' title='bbox 478 1581 538 1631; x_wconf 82' lang='grc' dir='ltr'>τὰ</span> <span class='ocrx_word' id='word_1_156' title='bbox 571 1579 716 1634; x_wconf 84' lang='grc' dir='ltr'>αὐτὸς</span> <span class='ocrx_word' id='word_1_157' title='bbox 748 1581 1031 1633; x_wconf 81' lang='grc' dir='ltr'>ἐνετείλατο</span> <span class='ocrx_word' id='word_1_158' title='bbox 1062 1578 1278 1646; x_wconf 85' lang='grc' dir='ltr'>βασιλέϊ</span> <span class='ocrx_word' id='word_1_159' title='bbox 1309 1577 1519 1646; x_wconf 89' lang='grc' dir='ltr'>φράσαι·</span> <span class='ocrx_word' id='word_1_160' title='bbox 1564 1583 1663 1630; x_wconf 84' lang='grc' dir='ltr'>τῶν</span> <span class='ocrx_word' id='word_1_161' title='bbox 1695 1577 1776 1629; x_wconf 85' lang='grc' dir='ltr'>καὶ</span> 
     </span>
     <span class='ocr_line' id='line_1_19' title="bbox 102 1662 1775 1737; baseline 0.002 -22"><span class='ocrx_word' id='word_1_162' title='bbox 102 1664 328 1737; x_wconf 85' lang='grc' dir='ltr'>Σίκιννος</span> <span class='ocrx_word' id='word_1_163' title='bbox 359 1665 385 1715; x_wconf 99' lang='lat'><em>6</em></span> <span class='ocrx_word' id='word_1_164' title='bbox 416 1663 611 1729; x_wconf 82' lang='grc' dir='ltr'>οἰκέτης</span> <span class='ocrx_word' id='word_1_165' title='bbox 651 1665 789 1718; x_wconf 75' lang='grc' dir='ltr'>αῧτις</span> <span class='ocrx_word' id='word_1_166' title='bbox 827 1663 1043 1733; x_wconf 83' lang='grc' dir='ltr'>ἐγένετο·</span> <span class='ocrx_word' id='word_1_167' title='bbox 1093 1664 1138 1716; x_wconf 79' lang='grc' dir='ltr'>οἳ</span> <span class='ocrx_word' id='word_1_168' title='bbox 1176 1665 1340 1716; x_wconf 82' lang='grc' dir='ltr'>ἐπείτε</span> <span class='ocrx_word' id='word_1_169' title='bbox 1376 1664 1615 1716; x_wconf 82' lang='grc' dir='ltr'>ἀπίκοντο</span> <span class='ocrx_word' id='word_1_170' title='bbox 1652 1662 1775 1730; x_wconf 86' lang='grc' dir='ltr'>πρὸς</span> 
     </span>
     <span class='ocr_line' id='line_1_20' title="bbox 100 1747 1775 1819; baseline 0.001 -19"><span class='ocrx_word' id='word_1_171' title='bbox 100 1747 190 1812; x_wconf 80' lang='grc' dir='ltr'>τὴν</span> <span class='ocrx_word' id='word_1_172' title='bbox 225 1747 470 1813; x_wconf 88' lang='grc' dir='ltr'>Ἀττικήν,</span> <span class='ocrx_word' id='word_1_173' title='bbox 505 1751 551 1801; x_wconf 84' lang='grc' dir='ltr'>οἱ</span> <span class='ocrx_word' id='word_1_174' title='bbox 587 1752 679 1814; x_wconf 80' lang='grc' dir='ltr'>μὲν</span> <span class='ocrx_word' id='word_1_175' title='bbox 720 1748 989 1815; x_wconf 84' lang='grc' dir='ltr'>κατέμενον</span> <span class='ocrx_word' id='word_1_176' title='bbox 1025 1749 1107 1801; x_wconf 84' lang='grc' dir='ltr'>ἐπὶ</span> <span class='ocrx_word' id='word_1_177' title='bbox 1141 1754 1209 1819; x_wconf 78' lang='grc' dir='ltr'>τῷ</span> <span class='ocrx_word' id='word_1_178' title='bbox 1246 1750 1422 1818; x_wconf 82' lang='grc' dir='ltr'>πλοίῳ,</span> <span class='ocrx_word' id='word_1_179' title='bbox 1457 1748 1683 1801; x_wconf 86' lang='grc' dir='ltr'>Σίκιννος</span> <span class='ocrx_word' id='word_1_180' title='bbox 1720 1750 1775 1801; x_wconf 78' lang='grc' dir='ltr'>δὲ</span> 
     </span>
     <span class='ocr_line' id='line_1_21' title="bbox 27 1831 1842 1902; baseline -0.001 -13"><span class='ocrx_word' id='word_1_181' title='bbox 27 1852 78 1880; x_wconf 90' lang='lat'>20</span> <span class='ocrx_word' id='word_1_182' title='bbox 101 1833 295 1898; x_wconf 78' lang='grc' dir='ltr'>ἀναβὰς</span> <span class='ocrx_word' id='word_1_183' title='bbox 319 1836 452 1900; x_wconf 84' lang='grc' dir='ltr'>παρὰ</span> <span class='ocrx_word' id='word_1_184' title='bbox 479 1832 676 1901; x_wconf 81' lang='grc' dir='ltr'>Ξέρξην</span> <span class='ocrx_word' id='word_1_185' title='bbox 700 1834 848 1902; x_wconf 83' lang='grc' dir='ltr'>ἔλεγε</span> <span class='ocrx_word' id='word_1_186' title='bbox 871 1833 1003 1886; x_wconf 86' lang='grc' dir='ltr'>τάδε·</span> <span class='ocrx_word' id='word_1_187' title='bbox 1042 1832 1286 1901; x_wconf 75' lang='grc' dir='ltr'>’Έπεμψέ</span> <span class='ocrx_word' id='word_1_188' title='bbox 1305 1855 1367 1899; x_wconf 92' lang='grc' dir='ltr'>με</span> <span class='ocrx_word' id='word_1_189' title='bbox 1391 1831 1774 1899; x_wconf 82' lang='grc' dir='ltr'>Θεμιστοκλέης</span> <span class='ocrx_word' id='word_1_190' title='bbox 1812 1851 1842 1898; x_wconf 85' lang='grc'>3</span> 
     </span>
     <span class='ocr_line' id='line_1_22' title="bbox 103 1916 1770 1986; baseline 0.001 -18"><span class='ocrx_word' id='word_1_191' title='bbox 103 1918 130 1968; x_wconf 94' lang='lat'><em>6</em></span> <span class='ocrx_word' id='word_1_192' title='bbox 160 1917 427 1977; x_wconf 89' lang='grc' dir='ltr'>Νεοκλέος,</span> <span class='ocrx_word' id='word_1_193' title='bbox 462 1918 741 1986; x_wconf 88' lang='grc' dir='ltr'>στρατηγὸς</span> <span class='ocrx_word' id='word_1_194' title='bbox 762 1920 853 1984; x_wconf 84' lang='grc' dir='ltr'>μὲν</span> <span class='ocrx_word' id='word_1_195' title='bbox 874 1917 1172 1984; x_wconf 88' lang='grc' dir='ltr'>Ἀθηναίων,</span> <span class='ocrx_word' id='word_1_196' title='bbox 1205 1917 1329 1985; x_wconf 80' lang='grc' dir='ltr'>ἀνὴρ</span> <span class='ocrx_word' id='word_1_197' title='bbox 1360 1920 1413 1969; x_wconf 81' lang='grc' dir='ltr'>δὲ</span> <span class='ocrx_word' id='word_1_198' title='bbox 1444 1923 1543 1970; x_wconf 84' lang='grc' dir='ltr'>τῶν</span> <span class='ocrx_word' id='word_1_199' title='bbox 1575 1916 1770 1983; x_wconf 88' lang='grc' dir='ltr'>συμμά-</span> 
     </span>
     <span class='ocr_line' id='line_1_23' title="bbox 99 2001 1775 2070; baseline 0.001 -16"><span class='ocrx_word' id='word_1_200' title='bbox 99 2023 206 2070; x_wconf 84' lang='grc' dir='ltr'>χων</span> <span class='ocrx_word' id='word_1_201' title='bbox 250 2001 448 2055; x_wconf 86' lang='grc' dir='ltr'>πάντων</span> <span class='ocrx_word' id='word_1_202' title='bbox 502 2003 706 2070; x_wconf 84' lang='grc' dir='ltr'>ἄριστος</span> <span class='ocrx_word' id='word_1_203' title='bbox 751 2003 831 2055; x_wconf 86' lang='grc' dir='ltr'>καὶ</span> <span class='ocrx_word' id='word_1_204' title='bbox 885 2004 1198 2068; x_wconf 83' lang='grc' dir='ltr'>σοφώτατος,</span> <span class='ocrx_word' id='word_1_205' title='bbox 1253 2001 1517 2070; x_wconf 91' lang='grc' dir='ltr'>φράσοντά</span> <span class='ocrx_word' id='word_1_206' title='bbox 1566 2023 1645 2054; x_wconf 88' lang='grc' dir='ltr'>τοι</span> <span class='ocrx_word' id='word_1_207' title='bbox 1695 2003 1775 2055; x_wconf 86' lang='grc' dir='ltr'>ὅτι</span> 
     </span>
     <span class='ocr_line' id='line_1_24' title="bbox 101 2086 1773 2156; baseline 0.001 -18"><span class='ocrx_word' id='word_1_208' title='bbox 101 2087 483 2153; x_wconf 89' lang='grc' dir='ltr'>Θεμιστοκλέης</span> <span class='ocrx_word' id='word_1_209' title='bbox 514 2090 540 2139; x_wconf 93' lang='lat'><em>6</em></span> <span class='ocrx_word' id='word_1_210' title='bbox 568 2087 830 2153; x_wconf 83' lang='grc' dir='ltr'>Ἀθηναῖος</span> <span class='ocrx_word' id='word_1_211' title='bbox 873 2089 956 2140; x_wconf 91' lang='grc' dir='ltr'>σοὶ</span> <span class='ocrx_word' id='word_1_212' title='bbox 993 2089 1307 2154; x_wconf 92' lang='grc' dir='ltr'>βουλόμενος</span> <span class='ocrx_word' id='word_1_213' title='bbox 1345 2086 1609 2155; x_wconf 86' lang='grc' dir='ltr'>ὑποργέειν</span> <span class='ocrx_word' id='word_1_214' title='bbox 1646 2087 1773 2156; x_wconf 85' lang='grc' dir='ltr'>ἔσχε</span> 
     </span>
     <span class='ocr_line' id='line_1_25' title="bbox 97 2170 1772 2238; baseline 0.001 -16"><span class='ocrx_word' id='word_1_215' title='bbox 97 2171 210 2226; x_wconf 88' lang='grc' dir='ltr'>τοὺς</span> <span class='ocrx_word' id='word_1_216' title='bbox 244 2170 504 2238; x_wconf 60' lang='grc' dir='ltr'>’Έλληνας</span> <span class='ocrx_word' id='word_1_217' title='bbox 544 2175 632 2226; x_wconf 85' lang='grc' dir='ltr'>τὰς</span> <span class='ocrx_word' id='word_1_218' title='bbox 678 2172 793 2227; x_wconf 87' lang='grc' dir='ltr'>νέας</span> <span class='ocrx_word' id='word_1_219' title='bbox 837 2172 1177 2238; x_wconf 88' lang='grc' dir='ltr'>βουλομένους</span> <span class='ocrx_word' id='word_1_220' title='bbox 1221 2173 1414 2225; x_wconf 87' lang='grc' dir='ltr'>διώκειν</span> <span class='ocrx_word' id='word_1_221' title='bbox 1461 2172 1540 2224; x_wconf 90' lang='grc' dir='ltr'>καὶ</span> <span class='ocrx_word' id='word_1_222' title='bbox 1584 2173 1672 2226; x_wconf 80' lang='grc' dir='ltr'>τὰς</span> <span class='ocrx_word' id='word_1_223' title='bbox 1718 2174 1772 2224; x_wconf 83' lang='grc' dir='ltr'>ἐν</span> 
     </span>
     <span class='ocr_line' id='line_1_26' title="bbox 25 2254 1772 2328; baseline -0.002 -17"><span class='ocrx_word' id='word_1_224' title='bbox 25 2271 73 2311; x_wconf 83' lang='lat'>25</span> <span class='ocrx_word' id='word_1_225' title='bbox 97 2254 465 2328; x_wconf 81' lang='grc' dir='ltr'>Ἑλλησπόντῳ</span> <span class='ocrx_word' id='word_1_226' title='bbox 497 2258 718 2326; x_wconf 81' lang='grc' dir='ltr'>γεφύρας</span> <span class='ocrx_word' id='word_1_227' title='bbox 747 2258 904 2311; x_wconf 86' lang='grc' dir='ltr'>λύειν.</span> <span class='ocrx_word' id='word_1_228' title='bbox 983 2258 1061 2310; x_wconf 88' lang='grc' dir='ltr'>καὶ</span> <span class='ocrx_word' id='word_1_229' title='bbox 1084 2262 1171 2310; x_wconf 83' lang='grc' dir='ltr'>νῦν</span> <span class='ocrx_word' id='word_1_230' title='bbox 1196 2257 1301 2309; x_wconf 88' lang='grc' dir='ltr'>κατ’</span> <span class='ocrx_word' id='word_1_231' title='bbox 1325 2258 1543 2325; x_wconf 85' lang='grc' dir='ltr'>ἡσυχίην</span> <span class='ocrx_word' id='word_1_232' title='bbox 1573 2255 1772 2321; x_wconf 81' lang='grc' dir='ltr'>πολλὴν</span> 
     </span>
     <span class='ocr_line' id='line_1_27' title="bbox 99 2341 1883 2409; baseline 0 -18"><span class='ocrx_word' id='word_1_233' title='bbox 99 2341 306 2406; x_wconf 80' lang='grc' dir='ltr'>κομίζεο.</span> <span class='ocrx_word' id='word_1_234' title='bbox 400 2345 446 2395; x_wconf 78' lang='grc' dir='ltr'>οἱ</span> <span class='ocrx_word' id='word_1_235' title='bbox 474 2345 566 2408; x_wconf 82' lang='grc' dir='ltr'>μὲν</span> <span class='ocrx_word' id='word_1_236' title='bbox 595 2348 748 2395; x_wconf 81' lang='grc' dir='ltr'>ταῦτα</span> <span class='ocrx_word' id='word_1_237' title='bbox 780 2341 1093 2409; x_wconf 90' lang='grc' dir='ltr'>σημήναντες</span> <span class='ocrx_word' id='word_1_238' title='bbox 1124 2341 1379 2395; x_wconf 86' lang='grc' dir='ltr'>ἀπέπλεον</span> <span class='ocrx_word' id='word_1_239' title='bbox 1410 2343 1590 2394; x_wconf 88' lang='grc' dir='ltr'>ὀπίσω·</span> <span class='ocrx_word' id='word_1_240' title='bbox 1639 2343 1686 2393; x_wconf 83' lang='grc' dir='ltr'>οἱ</span> <span class='ocrx_word' id='word_1_241' title='bbox 1716 2343 1770 2394; x_wconf 82' lang='grc' dir='ltr'>δὲ</span> <span class='ocrx_word' id='word_1_242' title='bbox 1810 2354 1883 2391; x_wconf 88' lang='lat'>111</span> 
     </span>
    </p>
   </div>
   <div class='ocr_carea' id='block_1_3' title="bbox 155 2481 1770 2535">
    <p class='ocr_par' dir='ltr' id='par_1_3' title="bbox 155 2481 1770 2535">
     <span class='ocr_line' id='line_1_28' title="bbox 155 2481 1770 2535; baseline 0.003 -17"><span class='ocrx_word' id='word_1_243' title='bbox 155 2492 172 2518; x_wconf 89' lang='lat'>1</span> <span class='ocrx_word' id='word_1_244' title='bbox 205 2493 266 2532; x_wconf 88' lang='lat' dir='ltr'>pr.</span> <span class='ocrx_word' id='word_1_245' title='bbox 287 2498 334 2522; x_wconf 85' lang='grc' dir='ltr'>τε</span> <span class='ocrx_word' id='word_1_246' title='bbox 357 2494 438 2521; x_wconf 89' lang='lat' dir='ltr'>om.</span> <span class='ocrx_word' id='word_1_247' title='bbox 463 2482 563 2532; x_wconf 63' lang='lat' dir='ltr'>PG)</span> <span class='ocrx_word' id='word_1_248' title='bbox 579 2482 619 2521; x_wconf 92' lang='lat' dir='ltr'>R</span> <span class='ocrx_word' id='word_1_249' title='bbox 635 2482 716 2522; x_wconf 96' lang='lat' dir='ltr'>SV</span> <span class='ocrx_word' id='word_1_250' title='bbox 828 2482 1032 2535; x_wconf 84' lang='grc' dir='ltr'>ἐμπιπρείς</span> <span class='ocrx_word' id='word_1_251' title='bbox 1053 2481 1092 2520; x_wconf 94' lang='grc' dir='ltr'>Α</span> <span class='ocrx_word' id='word_1_252' title='bbox 1108 2482 1143 2520; x_wconf 90' lang='grc' dir='ltr'>Β</span> <span class='ocrx_word' id='word_1_253' title='bbox 1161 2497 1169 2522; x_wconf 87' lang='lat'>:</span> <span class='ocrx_word' id='word_1_254' title='bbox 1204 2484 1399 2533; x_wconf 83' lang='grc' dir='ltr'>ἐμπιπρῆς</span> <span class='ocrx_word' id='word_1_255' title='bbox 1426 2482 1460 2520; x_wconf 90' lang='lat' dir='ltr'>C</span> <span class='ocrx_word' id='word_1_256' title='bbox 1572 2494 1598 2530; x_wconf 86' lang='lat'><strong>3</strong></span> <span class='ocrx_word' id='word_1_257' title='bbox 1627 2484 1770 2523; x_wconf 81' lang='grc' dir='ltr'>παῖδας</span> 
     </span>
    </p>
   </div>
   <div class='ocr_carea' id='block_1_4' title="bbox 95 2534 1771 2861">
    <p class='ocr_par' dir='ltr' id='par_1_4' title="bbox 95 2534 1771 2861">
     <span class='ocr_line' id='line_1_29' title="bbox 99 2534 1771 2589; baseline 0.001 -13"><span class='ocrx_word' id='word_1_258' title='bbox 99 2534 149 2574; x_wconf 87' lang='lat' dir='ltr'>P¹</span> <span class='ocrx_word' id='word_1_259' title='bbox 277 2536 366 2589; x_wconf 85' lang='grc' dir='ltr'>ἔχει</span> <span class='ocrx_word' id='word_1_260' title='bbox 387 2549 468 2576; x_wconf 86' lang='lat' dir='ltr'>om.</span> <span class='ocrx_word' id='word_1_261' title='bbox 493 2536 574 2577; x_wconf 87' lang='lat' dir='ltr'>SV</span> <span class='ocrx_word' id='word_1_262' title='bbox 770 2551 791 2577; x_wconf 77' lang='grc'>4</span> <span class='ocrx_word' id='word_1_263' title='bbox 822 2537 1138 2587; x_wconf 85' lang='grc' dir='ltr'>καταμείναντες</span> <span class='ocrx_word' id='word_1_264' title='bbox 1164 2537 1203 2574; x_wconf 90' lang='lat' dir='ltr'>R</span> <span class='ocrx_word' id='word_1_265' title='bbox 1220 2536 1301 2576; x_wconf 86' lang='lat' dir='ltr'>SV</span> <span class='ocrx_word' id='word_1_266' title='bbox 1317 2536 1368 2575; x_wconf 64' lang='grc' dir='ltr'>Ρο</span> <span class='ocrx_word' id='word_1_267' title='bbox 1562 2549 1586 2586; x_wconf 88' lang='grc'>5</span> <span class='ocrx_word' id='word_1_268' title='bbox 1617 2534 1771 2578; x_wconf 85' lang='grc' dir='ltr'>αὐτέων</span> 
     </span>
     <span class='ocr_line' id='line_1_30' title="bbox 95 2590 1770 2645; baseline 0.002 -17"><span class='ocrx_word' id='word_1_269' title='bbox 95 2590 135 2628; x_wconf 88' lang='grc' dir='ltr'>Α</span> <span class='ocrx_word' id='word_1_270' title='bbox 151 2590 185 2629; x_wconf 91' lang='grc' dir='ltr'>Β</span> <span class='ocrx_word' id='word_1_271' title='bbox 199 2591 233 2630; x_wconf 89' lang='lat' dir='ltr'>C</span> <span class='ocrx_word' id='word_1_272' title='bbox 413 2592 452 2629; x_wconf 87' lang='lat'>6·</span> <span class='ocrx_word' id='word_1_273' title='bbox 469 2590 642 2645; x_wconf 85' lang='grc' dir='ltr'>σπόρους</span> <span class='ocrx_word' id='word_1_274' title='bbox 665 2591 699 2630; x_wconf 91' lang='lat' dir='ltr'>C</span> <span class='ocrx_word' id='word_1_275' title='bbox 811 2595 1023 2634; x_wconf 82' lang='grc' dir='ltr'>παντελῶς</span> <span class='ocrx_word' id='word_1_276' title='bbox 1047 2592 1080 2630; x_wconf 94' lang='lat' dir='ltr'>C</span> <span class='ocrx_word' id='word_1_277' title='bbox 1097 2592 1131 2630; x_wconf 93' lang='lat' dir='ltr'>P</span> <span class='ocrx_word' id='word_1_278' title='bbox 1144 2592 1183 2630; x_wconf 91' lang='lat' dir='ltr'>R</span> <span class='ocrx_word' id='word_1_279' title='bbox 1198 2592 1228 2630; x_wconf 88' lang='lat' dir='ltr'>S</span> <span class='ocrx_word' id='word_1_280' title='bbox 1241 2591 1280 2629; x_wconf 95' lang='lat' dir='ltr'>V</span> <span class='ocrx_word' id='word_1_281' title='bbox 1462 2603 1484 2639; x_wconf 95' lang='lat'><strong>7</strong></span> <span class='ocrx_word' id='word_1_282' title='bbox 1515 2590 1770 2639; x_wconf 83' lang='grc' dir='ltr'>Ἑλλήσπον-</span> 
     </span>
     <span class='ocr_line' id='line_1_31' title="bbox 95 2645 1770 2698; baseline -0.001 -13"><span class='ocrx_word' id='word_1_283' title='bbox 95 2662 168 2686; x_wconf 82' lang='grc' dir='ltr'>τον</span> <span class='ocrx_word' id='word_1_284' title='bbox 190 2645 223 2684; x_wconf 90' lang='lat' dir='ltr'>C</span> <span class='ocrx_word' id='word_1_285' title='bbox 442 2659 469 2697; x_wconf 92' lang='lat'>9</span> <span class='ocrx_word' id='word_1_286' title='bbox 497 2646 741 2695; x_wconf 80' lang='grc' dir='ltr'>ποιήσασθαι</span> <span class='ocrx_word' id='word_1_287' title='bbox 765 2646 799 2684; x_wconf 91' lang='grc' dir='ltr'>Β</span> <span class='ocrx_word' id='word_1_288' title='bbox 817 2645 856 2684; x_wconf 89' lang='lat' dir='ltr'>R</span> <span class='ocrx_word' id='word_1_289' title='bbox 872 2646 955 2686; x_wconf 88' lang='lat' dir='ltr'>SV</span> <span class='ocrx_word' id='word_1_290' title='bbox 1123 2645 1282 2698; x_wconf 81' lang='grc' dir='ltr'>Πέρσεα</span> <span class='ocrx_word' id='word_1_291' title='bbox 1304 2646 1343 2685; x_wconf 92' lang='lat' dir='ltr'>R</span> <span class='ocrx_word' id='word_1_292' title='bbox 1360 2646 1440 2685; x_wconf 86' lang='lat' dir='ltr'>SV</span> <span class='ocrx_word' id='word_1_293' title='bbox 1585 2645 1655 2696; x_wconf 77' lang='grc' dir='ltr'>ἢν]</span> <span class='ocrx_word' id='word_1_294' title='bbox 1680 2647 1714 2687; x_wconf 84' lang='grc' dir='ltr'>εἶ</span> <span class='ocrx_word' id='word_1_295' title='bbox 1735 2645 1770 2684; x_wconf 93' lang='lat' dir='ltr'>C</span> 
     </span>
     <span class='ocr_line' id='line_1_32' title="bbox 100 2699 1768 2752; baseline 0 -14"><span class='ocrx_word' id='word_1_296' title='bbox 100 2712 149 2739; x_wconf 88' lang='lat'>10</span> <span class='ocrx_word' id='word_1_297' title='bbox 187 2700 275 2752; x_wconf 78' lang='grc' dir='ltr'>ἔχει</span> <span class='ocrx_word' id='word_1_298' title='bbox 307 2700 399 2739; x_wconf 93' lang='lat' dir='ltr'>RV</span> <span class='ocrx_word' id='word_1_299' title='bbox 509 2701 577 2741; x_wconf 78' lang='grc' dir='ltr'>οὖν</span> <span class='ocrx_word' id='word_1_300' title='bbox 607 2700 698 2739; x_wconf 92' lang='lat' dir='ltr'>RV</span> <span class='ocrx_word' id='word_1_301' title='bbox 900 2713 947 2750; x_wconf 91' lang='lat'>14</span> <span class='ocrx_word' id='word_1_302' title='bbox 987 2703 1024 2742; x_wconf 81' lang='grc' dir='ltr'>οἷ</span> <span class='ocrx_word' id='word_1_303' title='bbox 1051 2714 1133 2741; x_wconf 90' lang='lat' dir='ltr'>om.</span> <span class='ocrx_word' id='word_1_304' title='bbox 1168 2700 1305 2740; x_wconf 87' lang='lat' dir='ltr'>RSV</span> <span class='ocrx_word' id='word_1_305' title='bbox 1417 2699 1703 2752; x_wconf 75' lang='grc' dir='ltr'>ἀνεγνωσμένη</span> <span class='ocrx_word' id='word_1_306' title='bbox 1728 2700 1768 2738; x_wconf 90' lang='lat' dir='ltr'>R</span> 
     </span>
     <span class='ocr_line' id='line_1_33' title="bbox 101 2754 1770 2806; baseline 0.001 -12"><span class='ocrx_word' id='word_1_307' title='bbox 101 2766 148 2804; x_wconf 84' lang='lat'>15</span> <span class='ocrx_word' id='word_1_308' title='bbox 179 2758 200 2796; x_wconf 85' lang='lat'><em>6</em></span> <span class='ocrx_word' id='word_1_309' title='bbox 221 2768 301 2795; x_wconf 89' lang='lat' dir='ltr'>om.</span> <span class='ocrx_word' id='word_1_310' title='bbox 326 2755 365 2794; x_wconf 91' lang='lat' dir='ltr'>R</span> <span class='ocrx_word' id='word_1_311' title='bbox 381 2754 464 2794; x_wconf 90' lang='lat' dir='ltr'>SV</span> <span class='ocrx_word' id='word_1_312' title='bbox 661 2757 710 2794; x_wconf 86' lang='lat'>16</span> <span class='ocrx_word' id='word_1_313' title='bbox 741 2756 958 2796; x_wconf 78' lang='grc' dir='ltr'>ἐπίστευσε</span> <span class='ocrx_word' id='word_1_314' title='bbox 981 2756 1020 2795; x_wconf 93' lang='lat' dir='ltr'>R</span> <span class='ocrx_word' id='word_1_315' title='bbox 1037 2756 1118 2795; x_wconf 86' lang='lat' dir='ltr'>SV</span> <span class='ocrx_word' id='word_1_316' title='bbox 1310 2768 1355 2805; x_wconf 89' lang='lat'>17</span> <span class='ocrx_word' id='word_1_317' title='bbox 1388 2754 1684 2806; x_wconf 82' lang='grc' dir='ltr'>ἀπικεομένοισι</span> <span class='ocrx_word' id='word_1_318' title='bbox 1706 2755 1740 2793; x_wconf 92' lang='lat' dir='ltr'>C</span> <span class='ocrx_word' id='word_1_319' title='bbox 1759 2769 1770 2795; x_wconf 80' lang='lat' dir='ltr'>t</span> 
     </span>
     <span class='ocr_line' id='line_1_34' title="bbox 96 2809 1768 2861; baseline 0 -11"><span class='ocrx_word' id='word_1_320' title='bbox 96 2810 302 2860; x_wconf 83' lang='grc' dir='ltr'>ἀπικνεομ.</span> <span class='ocrx_word' id='word_1_321' title='bbox 326 2809 415 2849; x_wconf 91' lang='grc' dir='ltr'>ΑΒ</span> <span class='ocrx_word' id='word_1_322' title='bbox 553 2812 604 2851; x_wconf 80' lang='grc' dir='ltr'>τὰ</span> <span class='ocrx_word' id='word_1_323' title='bbox 626 2809 764 2861; x_wconf 81' lang='grc' dir='ltr'>αὐτὸς]</span> <span class='ocrx_word' id='word_1_324' title='bbox 788 2809 993 2851; x_wconf 84' lang='grc' dir='ltr'>τούτοισιν</span> <span class='ocrx_word' id='word_1_325' title='bbox 1018 2810 1135 2850; x_wconf 91' lang='lat' dir='ltr'>RV:</span> <span class='ocrx_word' id='word_1_326' title='bbox 1165 2810 1221 2851; x_wconf 78' lang='grc' dir='ltr'>ὦν</span> <span class='ocrx_word' id='word_1_327' title='bbox 1240 2828 1277 2851; x_wconf 90' lang='grc' dir='ltr'>τ.</span> <span class='ocrx_word' id='word_1_328' title='bbox 1303 2810 1333 2849; x_wconf 88' lang='lat' dir='ltr'>S</span> <span class='ocrx_word' id='word_1_329' title='bbox 1551 2812 1599 2848; x_wconf 87' lang='lat'>18</span> <span class='ocrx_word' id='word_1_330' title='bbox 1631 2812 1768 2859; x_wconf 80' lang='grc' dir='ltr'>ἐπειδὴ</span> 
     </span>
    </p>
   </div>
   <div class='ocr_carea' id='block_1_5' title="bbox 93 2863 1770 3025">
    <p class='ocr_par' dir='ltr' id='par_1_5' title="bbox 93 2863 1770 3025">
     <span class='ocr_line' id='line_1_35' title="bbox 98 2863 1769 2920; baseline 0.001 -17"><span class='ocrx_word' id='word_1_331' title='bbox 98 2864 132 2903; x_wconf 92' lang='grc' dir='ltr'><em>Ρ</em></span> <span class='ocrx_word' id='word_1_332' title='bbox 142 2863 181 2902; x_wconf 93' lang='lat' dir='ltr'>R</span> <span class='ocrx_word' id='word_1_333' title='bbox 193 2863 270 2904; x_wconf 91' lang='lat' dir='ltr'>SV</span> <span class='ocrx_word' id='word_1_334' title='bbox 376 2878 426 2915; x_wconf 93' lang='lat'>19</span> <span class='ocrx_word' id='word_1_335' title='bbox 445 2866 632 2909; x_wconf 83' lang='grc' dir='ltr'>Σίκυννος</span> <span class='ocrx_word' id='word_1_336' title='bbox 646 2866 680 2905; x_wconf 93' lang='lat' dir='ltr'>C</span> <span class='ocrx_word' id='word_1_337' title='bbox 695 2880 704 2905; x_wconf 73' lang='grc' dir='ltr'>ε</span> <span class='ocrx_word' id='word_1_338' title='bbox 727 2866 883 2909; x_wconf 82' lang='grc' dir='ltr'>Σίκινος</span> <span class='ocrx_word' id='word_1_339' title='bbox 899 2865 938 2903; x_wconf 91' lang='lat' dir='ltr'>R</span> <span class='ocrx_word' id='word_1_340' title='bbox 1052 2879 1106 2904; x_wconf 85' lang='lat'>20</span> <span class='ocrx_word' id='word_1_341' title='bbox 1129 2865 1273 2920; x_wconf 84' lang='grc' dir='ltr'>Ξέρξεα</span> <span class='ocrx_word' id='word_1_342' title='bbox 1287 2866 1326 2904; x_wconf 90' lang='lat' dir='ltr'>R</span> <span class='ocrx_word' id='word_1_343' title='bbox 1338 2865 1368 2904; x_wconf 91' lang='lat' dir='ltr'>S</span> <span class='ocrx_word' id='word_1_344' title='bbox 1378 2866 1417 2904; x_wconf 96' lang='lat' dir='ltr'>V</span> <span class='ocrx_word' id='word_1_345' title='bbox 1528 2878 1579 2904; x_wconf 87' lang='lat'>22</span> <span class='ocrx_word' id='word_1_346' title='bbox 1601 2864 1682 2916; x_wconf 79' lang='grc' dir='ltr'>ὅτι]</span> <span class='ocrx_word' id='word_1_347' title='bbox 1698 2868 1720 2906; x_wconf 83' lang='grc' dir='ltr'><strong>ὁ</strong></span> <span class='ocrx_word' id='word_1_348' title='bbox 1734 2865 1769 2904; x_wconf 90' lang='lat' dir='ltr'>C</span> 
     </span>
     <span class='ocr_line' id='line_1_36' title="bbox 95 2918 1770 2975; baseline 0 -17"><span class='ocrx_word' id='word_1_349' title='bbox 95 2931 148 2969; x_wconf 84' lang='lat'>23</span> <span class='ocrx_word' id='word_1_350' title='bbox 188 2918 229 2971; x_wconf 89' lang='lat'>6]</span> <span class='ocrx_word' id='word_1_351' title='bbox 259 2937 322 2960; x_wconf 86' lang='grc' dir='ltr'>τοι</span> <span class='ocrx_word' id='word_1_352' title='bbox 355 2919 394 2958; x_wconf 87' lang='lat' dir='ltr'>R</span> <span class='ocrx_word' id='word_1_353' title='bbox 411 2920 441 2960; x_wconf 91' lang='lat' dir='ltr'>S</span> <span class='ocrx_word' id='word_1_354' title='bbox 454 2920 493 2960; x_wconf 94' lang='lat' dir='ltr'>V</span> <span class='ocrx_word' id='word_1_355' title='bbox 616 2921 680 2961; x_wconf 84' lang='grc' dir='ltr'>σοὶ</span> <span class='ocrx_word' id='word_1_356' title='bbox 711 2933 792 2960; x_wconf 89' lang='lat' dir='ltr'>om.</span> <span class='ocrx_word' id='word_1_357' title='bbox 826 2919 866 2958; x_wconf 91' lang='lat' dir='ltr'>R</span> <span class='ocrx_word' id='word_1_358' title='bbox 882 2920 912 2960; x_wconf 90' lang='lat' dir='ltr'>S</span> <span class='ocrx_word' id='word_1_359' title='bbox 924 2920 965 2960; x_wconf 93' lang='lat' dir='ltr'>V</span> <span class='ocrx_word' id='word_1_360' title='bbox 982 2938 990 2961; x_wconf 92' lang='lat'><strong>:</strong></span> <span class='ocrx_word' id='word_1_361' title='bbox 1039 2922 1090 2962; x_wconf 88' lang='grc' dir='ltr'>σὺ</span> <span class='ocrx_word' id='word_1_362' title='bbox 1121 2921 1155 2959; x_wconf 94' lang='lat' dir='ltr'>C</span> <span class='ocrx_word' id='word_1_363' title='bbox 1269 2920 1503 2975; x_wconf 77' lang='grc' dir='ltr'>ὑπουργέειν</span> <span class='ocrx_word' id='word_1_364' title='bbox 1533 2920 1567 2960; x_wconf 92' lang='lat' dir='ltr'>C</span> <span class='ocrx_word' id='word_1_365' title='bbox 1584 2920 1618 2960; x_wconf 93' lang='lat' dir='ltr'>P</span> <span class='ocrx_word' id='word_1_366' title='bbox 1633 2920 1672 2958; x_wconf 91' lang='lat' dir='ltr'>R</span> <span class='ocrx_word' id='word_1_367' title='bbox 1688 2919 1719 2959; x_wconf 90' lang='lat' dir='ltr'>S</span> <span class='ocrx_word' id='word_1_368' title='bbox 1731 2919 1770 2959; x_wconf 95' lang='lat' dir='ltr'>V</span> 
     </span>
     <span class='ocr_line' id='line_1_37' title="bbox 93 2974 1064 3025; baseline 0.003 -13"><span class='ocrx_word' id='word_1_369' title='bbox 93 2986 146 3023; x_wconf 82' lang='lat'>24</span> <span class='ocrx_word' id='word_1_370' title='bbox 175 2977 271 3025; x_wconf 85' lang='grc' dir='ltr'>νῆας</span> <span class='ocrx_word' id='word_1_371' title='bbox 295 2974 335 3013; x_wconf 88' lang='lat' dir='ltr'>R</span> <span class='ocrx_word' id='word_1_372' title='bbox 351 2974 381 3015; x_wconf 90' lang='lat' dir='ltr'>S</span> <span class='ocrx_word' id='word_1_373' title='bbox 393 2974 433 3014; x_wconf 93' lang='lat' dir='ltr'>V</span> <span class='ocrx_word' id='word_1_374' title='bbox 599 2977 653 3015; x_wconf 82' lang='lat'>26</span> <span class='ocrx_word' id='word_1_375' title='bbox 682 2974 898 3017; x_wconf 80' lang='grc' dir='ltr'>ἀπέπλωον</span> <span class='ocrx_word' id='word_1_376' title='bbox 920 2974 961 3015; x_wconf 90' lang='lat' dir='ltr'>R</span> <span class='ocrx_word' id='word_1_377' title='bbox 980 2975 1010 3015; x_wconf 89' lang='lat' dir='ltr'>S</span> <span class='ocrx_word' id='word_1_378' title='bbox 1024 2975 1064 3015; x_wconf 96' lang='lat' dir='ltr'>V</span> 
     </span>
    </p>
   </div>
  </div>
 </body>
</html>
