2132 3340
17 43 158 92 VIII.
188 57 252 106 35

179 1454 243 1504 37

213 1799 238 1830 2

923 44 1350 107 ΗΡοΔοΤοῪ

289 174 414 229 ὅκως
453 172 770 240 συλήσαντες
804 174 864 228 τὸ
901 174 1006 243 ἱρὸν
1041 174 1098 227 τὸ
1139 177 1192 227 ἐν
1233 180 1490 243 Δελφοῖσι
1532 175 1745 243 βασιλέϊ
1787 174 1953 251 Ξέρξῃ
2007 224 2009 226 .

290 258 585 324 ἀποδέξαιεν
613 261 672 311 τὰ
703 257 947 327 χρήματα.
1038 258 1201 312 πάντα
1238 259 1279 311 δ’
1317 259 1564 324 ἠπίστατο
1595 262 1656 312 τὰ
1686 263 1739 313 ἐν
1768 267 1834 332 τῷ
1867 264 1952 334 ἱρῷ

290 343 389 393 ὅσα
416 343 573 410 λόγου
609 342 669 407 ἦν
703 340 818 406 ἄξια
854 341 1121 410 Ξέρξης,
1097 365 1161 397 ως
1199 344 1298 411 ἐγὼ
1333 343 1718 411 πυνθάνομαι,”
1691 367 1891 411 αμεινον
1919 342 1951 412 ἢ

288 449 351 478 τα
385 429 438 479 ἐν
473 431 606 479 τοῖσι
638 429 841 480 οἰκίοισι
877 427 1035 488 ἔλιπε,
1069 433 1273 481 πολλῶν
1303 428 1398 480 αἰεὶ
1428 429 1698 496 λεγόντων,
1738 429 1816 482 καὶ
1854 430 1946 496 μά-

287 518 441 563 λιστα
462 513 523 562 τὰ
549 509 773 579 ΚροίσουΙ
800 517 887 564 τοῦ
911 511 1195 565 Ἀλυάττεω
1220 512 1648 579 ἀναθήματα.οἱ
1672 516 1725 566 δὲ
1750 516 1948 582 Δελφοὶ
1973 526 1996 580 '5

286 596 647 661 πυνθανόμενοι
677 601 829 648 ταῦτα
860 598 910 651 ἐς
939 600 1108 649 πᾶσαν
1139 598 1382 664 ἀρρωδίην
1413 598 1641 656 ἀπίκατο,
1675 599 1730 649 ἐν
1759 599 1949 664 δείματι

286 682 340 732 δὲ
361 679 564 750 μεγάλῳ
585 686 918 735 κατεστεῶτες
940 682 1262 747 ἐμαντεύοντο
1281 680 1391 748 περὶ
1414 685 1510 733 τῶν
1531 683 1647 748 ἱρῶν
1664 681 1946 750 χρημάτων,

286 766 384 817 εἴτε
415 763 553 832 σφέα
584 767 708 817 κατὰ
744 769 835 832 γῆς
873 764 1178 833 κατορύξωσι
1213 767 1311 818 εἴτε
1352 766 1659 831 ἐκκομίσωσι
1695 768 1746 819 ἐς
1785 765 1947 832 ἄλλην

285 849 469 917 χώρην.
557 851 583 900 6
612 852 666 902 δὲ
699 851 808 904 θεός
840 857 1004 917 σφεας
1033 849 1119 901 οὐκ
1156 849 1214 902 ἔα
1245 848 1439 909 κινέειν,
1473 852 1575 918 φὰς
1605 849 1749 905 αὐτὸς
1781 850 1947 906 ἱκανὸς

284 933 410 985 εἶναι
448 937 546 986 τῶν
591 937 774 986 ἑωυτοῦ
816 937 1172 1001 προκατῆσθαι.
1263 933 1465 1002 Δελφοὶ
1508 937 1562 987 δὲ
1603 939 1756 986 ταῦτα
1798 935 1943 987 ἀκού-
1975 963 2024 991 10

284 1038 463 1071 σαντες
494 1017 669 1085 σφέων
706 1018 866 1071 αὐτῶν
903 1017 1015 1086 πέρι
1050 1019 1357 1086 ἐφρόντιζον.
1447 1017 1597 1071 τέκνα
1624 1018 1716 1084 μέν
1747 1041 1834 1072 νυν
1865 1020 1946 1072 καὶ

283 1108 518 1169 γυναῖκας
548 1102 702 1170 πέρην
725 1105 776 1157 ἐς
805 1102 897 1168 τὴν
919 1102 1150 1172 Ἀχαιίην
1181 1102 1479 1170 διέπεμψαν,
1513 1102 1673 1155 αὐτῶν
1703 1106 1756 1155 δὲ
1786 1106 1832 1156 οἱ
1853 1107 1945 1170 μὲν

282 1191 515 1239 πλεῖστοι
552 1187 815 1252 ἀνέβησαν
852 1189 902 1242 ἐς
935 1191 1023 1239 τοῦ
1052 1192 1362 1254 Παρνησσοῦ
1396 1189 1484 1242 τὰς
1524 1189 1741 1255 κορυφᾶς
1778 1188 1857 1239 καὶ
1893 1190 1944 1243 ἐς

280 1275 337 1322 τὸ
374 1273 628 1338 Κωρύκιον
668 1271 847 1339 ἄντρον
883 1273 1220 1336 ἀνηνείκαντο,
1259 1274 1307 1324 οἱ
1346 1274 1400 1324 δὲ
1438 1273 1488 1325 ἐς
1514 1271 1820 1340 ’Ἄμφισσαν
1854 1271 1945 1337 τὴν

279 1356 495 1422 Λοκρίδα
534 1356 826 1420 ὑπεξῆλθον.
919 1355 1100 1410 πάντες
1145 1358 1198 1408 δὲ
1245 1354 1314 1408 ὧν
1355 1358 1401 1408 οἱ
1450 1356 1649 1422 Δελφοὶ
1711 1354 1944 1421 ἐξέλιπον
1971 1382 2019 1424 15
2068 1397 2072 1402 -

277 1439 367 1504 τὴν
398 1441 561 1499 πόλιν,
596 1439 730 1505 πλὴν
760 1439 999 1505 ἑξήκοντα
1028 1441 1218 1507 ἀνδρῶν
1250 1440 1329 1492 καὶ
1358 1444 1444 1492 τοῦ
1474 1438 1759 1506 προφήτεω.
1835 1442 1943 1494 ἐπεὶ
1974 1470 1979 1485 0

277 1526 330 1575 δὲ
362 1526 521 1592 ἀγχοῦ
543 1546 595 1577 τε
620 1525 751 1590 ἦσαν
774 1527 820 1576 οἱ
843 1524 1101 1591 βάρβαροι
1129 1525 1351 1579 ἐπιόντες
1384 1525 1463 1576 καὶ
1494 1524 1704 1591 ἀπῴρων
1733 1523 1791 1576 τὸ
1816 1525 1938 1592 ἱρόν,
1954 1528 2132 1587 ow?

278 1609 332 1660 ἐν
362 1609 518 1678 τούτῳ
551 1610 577 1659 6
608 1608 883 1676 προφήτης,
916 1614 982 1678 τῷ
1014 1610 1200 1674 οὕνομα
1230 1607 1290 1673 ἦν
1314 1606 1601 1675 Ἀκήρατος,
1628 1609 1718 1679 ὁρᾷ
1739 1607 1834 1675 πρὸ
1857 1613 1943 1661 τοῦ
2002 1601 2116 1649 ‘⁴⁸⁴

278 1698 396 1757 νηοῦ
426 1695 560 1745 ὅπλα
590 1695 888 1759 προκείμενα
910 1692 1103 1745 ἔσωθεν
1126 1695 1180 1745 ἐκ
1203 1697 1289 1744 τοῦ
1315 1691 1532 1760 μεγάρου
1562 1689 1941 1760 ἐξενηνειγμένα

278 1776 371 1843 ἱρά,
404 1783 502 1829 τῶν
532 1779 617 1830 οὐκ
641 1779 783 1829 ὅσιον
807 1776 867 1842 ἦν
890 1776 1136 1830 ἅπτεσθαι
1165 1777 1437 1844 ἀνθρώπων
1467 1776 1646 1829 οὐδενί.
1718 1777 1746 1827 6
1766 1779 1858 1843 μὲν
1879 1777 1939 1842 δὴ
1965 1802 2016 1829 20

274 1860 351 1925 ἤιε
384 1849 606 1928 Δελφῶν
635 1868 769 1914 τοῖσι
793 1866 1034 1928 παρεοῦσι
1064 1860 1327 1926 σημανέων
1358 1860 1415 1912 τὸ
1444 1859 1603 1928 τέρας·
1650 1863 1697 1913 οἱ
1727 1863 1781 1913 δὲ
1810 1860 1937 1928 βάρ-

274 1951 426 2012 βαροι
462 1946 630 2010 ἐπειδὴ
672 1947 899 2013 ἐγίνοντο
936 1946 1246 2013 ἐπειγόμενοι
1285 1947 1406 1997 κατὰ
1442 1949 1497 1997 τὸ
1537 1944 1642 2012 ἱρὸν
1676 1948 1764 2010 τῆς
1804 1949 1937 2012 Προ-

274 2031 414 2095 νηίης
447 2030 729 2096 Ἀθηναίης,
765 2031 1041 2098 ἐπιγίνεταί
1074 2036 1172 2097 σφι
1209 2028 1354 2096 τέρεα
1389 2029 1462 2099 ἔτι
1495 2028 1679 2095 μέζονα
1707 2034 1794 2081 τοῦ
1823 2030 1939 2096 πρὶν

273 2114 542 2181 γενομένου
580 2114 760 2181 τέρεος.
851 2118 990 2180 θῶμα
1023 2116 1115 2180 μὲν
1159 2116 1255 2181 γὰρ
1301 2114 1381 2166 καὶ
1424 2118 1567 2166 τοῦτο
1613 2111 1766 2180 κάρτα
1809 2114 1934 2173 ἐστί,

273 2199 407 2251 ὅπλα
437 2197 583 2265 ἀρήια
613 2198 865 2264 αὐτόματα
895 2201 1115 2266 φανῆναι
1145 2197 1240 2263 ἔξω
1266 2198 1564 2265 προκείμενα
1586 2202 1672 2249 τοῦ
1700 2202 1833 2262 νηοῦ·
1878 2199 1939 2249 τὰ
1964 2221 2011 2262 25

274 2286 325 2335 δὲ
362 2282 419 2347 δὴ
452 2284 534 2335 ἐπὶ
569 2283 723 2352 τούτῳ
761 2283 964 2349 δεύτερα
1001 2283 1329 2350 ἐπιγενόμενα
1366 2282 1444 2333 καὶ
1481 2283 1561 2333 διὰ
1599 2281 1799 2334 πάντων
1837 2288 1935 2349 φα-

276 2366 481 2432 σμάτων
506 2366 618 2432 ἄξια
642 2366 871 2433 θωμάσαι
901 2366 1139 2432 μάλιστα.
1229 2365 1337 2418 ἐπεὶ
1359 2368 1456 2433 γὰρ
1479 2365 1537 2430 δὴ
1561 2364 1692 2430 ἦσαν
1716 2366 1938 2419 ἐπιόντες

333 2519 349 2544 Ι
383 2515 503 2547 συλλ.
532 2507 563 2545 S
715 2520 739 2544 2
771 2505 988 2547 ἐπιστέατο
1011 2505 1050 2542 R
1068 2505 1151 2544 SV
1306 2516 1330 2553 5
1361 2505 1412 2545 τὰ
1432 2517 1513 2543 om.
1537 2503 1575 2541 R
1591 2503 1671 2545 SV
1781 2504 1937 2556 Δελφοὶ

275 2560 318 2601 δὲ
340 2560 381 2598 Α
396 2561 431 2599 Β
447 2561 480 2599 C
495 2560 528 2599 P
709 2574 729 2609 7
762 2560 826 2613 δὲ]
848 2578 894 2601 τε
917 2561 955 2599 R
971 2561 1000 2599 S
1013 2561 1051 2598 V
1225 2560 1252 2597 8
1281 2558 1410 2611 σφεας
1435 2558 1474 2596 R
1490 2558 1520 2597 S
1535 2558 1572 2596 V
1681 2557 1937 2611 κατορύξουσι

275 2619 357 2655 εἴτε
380 2615 637 2666 ἐκκομίσουσι
660 2616 693 2653 Ρ
805 2632 950 2666 κατωρ.
977 2615 1013 2653 R
1031 2614 1068 2653 V
1232 2628 1259 2664 9
1289 2622 1396 2666 σφεα
1417 2613 1538 2652 Stein
1649 2615 1774 2653 κινεῖν
1794 2611 1835 2649 Α
1848 2612 1882 2650 Β
1900 2612 1934 2650 C

278 2681 323 2708 11
356 2669 679 2723 περιεφρόντιζον
702 2670 736 2708 Β
751 2670 784 2708 C
982 2681 1030 2707 12
1060 2668 1231 2719 Ἀχαϊην
1255 2667 1293 2704 R
1491 2680 1539 2716 13
1569 2670 1779 2720 Παρνησοῦ
1799 2665 1934 2705 ABC

279 2737 327 2773 14
350 2725 557 2776 Ἀμφισαν
581 2725 614 2762 C
631 2724 686 2762 Rl
913 2736 961 2773 15
992 2722 1198 2775 ἐξέλειπον
1229 2721 1262 2760 Β
1486 2735 1532 2771 17
1563 2738 1610 2761 τε
1639 2734 1719 2759 om.
1753 2720 1839 2759 AB
1855 2721 1937 2759 CP

278 2793 327 2828 19
357 2778 646 2832 ἐξενηνεγμένα
667 2779 704 2817 Α
719 2780 752 2816 Β
768 2780 800 2817 C
950 2790 1006 2817 20
1034 2779 1221 2830 ἀνθρώπω
1244 2776 1283 2814 R
1299 2777 1328 2814 S
1342 2776 1378 2813 V
1520 2789 1573 2814 22
1602 2776 1798 2829 Προνηίης
1820 2775 1859 2812 R
1873 2776 1933 2815 V:

276 2834 405 2882 -ναίης
425 2833 463 2871 Α
478 2834 512 2871 Β
528 2834 560 2872 C
575 2833 608 2872 P
627 2849 636 2873 ε
667 2835 806 2882 -νοιΐης
829 2835 859 2872 S
984 2843 987 2845 “
1045 2845 1097 2881 23
1127 2829 1288 2882 μείζονα
1309 2830 1347 2868 R
1362 2831 1398 2869 V
1581 2844 1632 2879 24
1660 2829 1935 2882 γεγενημένου

279 2889 318 2926 R
334 2887 414 2926 SV
524 2894 655 2939 θωνμα
679 2888 712 2926 Ρ
725 2890 764 2927 R
781 2889 811 2926 S
823 2888 861 2926 V
990 2886 1064 2936 μὲν
1083 2899 1164 2925 om.
1191 2885 1231 2923 R
1247 2886 1276 2924 S
1289 2886 1327 2924 V
1508 2886 1562 2923 26
1591 2884 1853 2936 ἐπιγενόμενα
1874 2884 1933 2923 P:

278 2941 534 2996 ἐπιγινόμενα
554 2942 594 2980 Α
610 2943 644 2981 Β
660 2944 693 2982 C
714 2957 722 2981 ζ
751 2942 946 2995 ’γινόμενα
968 2942 1007 2979 R
1022 2942 1052 2980 S
1066 2940 1103 2978 V
1269 2953 1319 2990 27
1350 2940 1550 2990 θωυμάσαι
1576 2939 1608 2978 Ρ
1623 2939 1662 2977 R
1678 2940 1707 2978 S
1722 2939 1759 2977 V
