<?xml version="1.0" encoding="UTF-8"?>
<!DOCTYPE html PUBLIC "-//W3C//DTD XHTML 1.0 Transitional//EN"
    "http://www.w3.org/TR/xhtml1/DTD/xhtml1-transitional.dtd">
<html xmlns="http://www.w3.org/1999/xhtml" xml:lang="en" lang="en">
 <head>
  <title>
</title>
<meta http-equiv="Content-Type" content="text/html;charset=utf-8" />
  <meta name='ocr-system' content='tesseract 3.04.00' />
  <meta name='ocr-capabilities' content='ocr_page ocr_carea ocr_par ocr_line ocrx_word'/>
</head>
<body>
  <div class='ocr_page' id='page_1' title='image "./herodotihistoria02herouoft_0056.png"; bbox 0 0 2034 3328; ppageno 0'>
   <div class='ocr_carea' id='block_1_1' title="bbox 83 107 1322 170">
    <p class='ocr_par' dir='ltr' id='par_1_1' title="bbox 83 107 1322 170">
     <span class='ocr_line' id='line_1_1' title="bbox 83 107 1322 170; baseline 0 -13"><span class='ocrx_word' id='word_1_1' title='bbox 83 108 143 167; x_wconf 84' lang='lat' dir='ltr'>v.</span> <span class='ocrx_word' id='word_1_2' title='bbox 170 111 230 170; x_wconf 81' lang='lat'>91</span> <span class='ocrx_word' id='word_1_3' title='bbox 897 107 1322 159; x_wconf 63' lang='grc' dir='ltr'>ΗΡοΔοΤοΎΛ</span> 
     </span>
    </p>
   </div>
   <div class='ocr_carea' id='block_1_2' title="bbox 0 237 1999 2497">
    <p class='ocr_par' dir='ltr' id='par_1_2' title="bbox 0 237 1926 559">
     <span class='ocr_line' id='line_1_2' title="bbox 268 237 1926 304; baseline 0.002 -17"><span class='ocrx_word' id='word_1_4' title='bbox 268 238 399 290; x_wconf 83' lang='grc' dir='ltr'>ὥστε</span> <span class='ocrx_word' id='word_1_5' title='bbox 430 237 798 304; x_wconf 84' lang='grc' dir='ltr'>ἐκμεμαθήκασι</span> <span class='ocrx_word' id='word_1_6' title='bbox 825 237 1048 304; x_wconf 88' lang='grc' dir='ltr'>μάλιστα</span> <span class='ocrx_word' id='word_1_7' title='bbox 1070 241 1161 303; x_wconf 78' lang='grc' dir='ltr'>μὲν</span> <span class='ocrx_word' id='word_1_8' title='bbox 1185 241 1231 290; x_wconf 78' lang='grc' dir='ltr'>οἱ</span> <span class='ocrx_word' id='word_1_9' title='bbox 1261 240 1502 304; x_wconf 84' lang='grc' dir='ltr'>περίοικοι</span> <span class='ocrx_word' id='word_1_10' title='bbox 1532 237 1691 291; x_wconf 84' lang='grc' dir='ltr'>αὐτῶν</span> <span class='ocrx_word' id='word_1_11' title='bbox 1718 238 1926 291; x_wconf 85' lang='grc' dir='ltr'>Βοιωτοὶ</span> 
     </span>
     <span class='ocr_line' id='line_1_3' title="bbox 0 308 1923 403; baseline 0.002 -30"><span class='ocrx_word' id='word_1_12' title='bbox 0 328 44 403; x_wconf 61' lang='lat'>¹:</span> <span class='ocrx_word' id='word_1_13' title='bbox 60 308 349 396; x_wconf 41' lang='grc' dir='ltr'>μᾶὴμκαὶ</span> <span class='ocrx_word' id='word_1_14' title='bbox 379 322 669 382; x_wconf 84' lang='grc' dir='ltr'>Χαλκιδέες,</span> <span class='ocrx_word' id='word_1_15' title='bbox 695 322 826 391; x_wconf 83' lang='grc' dir='ltr'>τάχα</span> <span class='ocrx_word' id='word_1_16' title='bbox 854 322 909 375; x_wconf 90' lang='grc' dir='ltr'>δέ</span> <span class='ocrx_word' id='word_1_17' title='bbox 930 344 1004 377; x_wconf 90' lang='grc' dir='ltr'>τις</span> <span class='ocrx_word' id='word_1_18' title='bbox 1029 324 1108 375; x_wconf 91' lang='grc' dir='ltr'>καὶ</span> <span class='ocrx_word' id='word_1_19' title='bbox 1137 322 1296 376; x_wconf 88' lang='grc' dir='ltr'>ἄλλος</span> <span class='ocrx_word' id='word_1_20' title='bbox 1319 321 1652 388; x_wconf 80' lang='grc' dir='ltr'>ἐκμαθήσεται</span> <span class='ocrx_word' id='word_1_21' title='bbox 1675 324 1923 392; x_wconf 67' lang='grc' dir='ltr'>ἁμαρτών.</span> 
     </span>
     <span class='ocr_line' id='line_1_4' title="bbox 202 399 1926 474; baseline 0.002 -17"><span class='ocrx_word' id='word_1_22' title='bbox 202 422 227 465; x_wconf 87' lang='grc'>3</span> <span class='ocrx_word' id='word_1_23' title='bbox 269 407 432 459; x_wconf 81' lang='grc' dir='ltr'>ἐπείτε</span> <span class='ocrx_word' id='word_1_24' title='bbox 476 410 529 459; x_wconf 81' lang='grc' dir='ltr'>δὲ</span> <span class='ocrx_word' id='word_1_25' title='bbox 575 409 738 459; x_wconf 84' lang='grc' dir='ltr'>ἐκεῖνα</span> <span class='ocrx_word' id='word_1_26' title='bbox 782 405 1080 471; x_wconf 80' lang='grc' dir='ltr'>ποιήσαντες</span> <span class='ocrx_word' id='word_1_27' title='bbox 1118 406 1414 474; x_wconf 84' lang='grc' dir='ltr'>ἡμάρτομεν,</span> <span class='ocrx_word' id='word_1_28' title='bbox 1458 411 1544 459; x_wconf 82' lang='grc' dir='ltr'>νῦν</span> <span class='ocrx_word' id='word_1_29' title='bbox 1588 399 1926 474; x_wconf 88' lang='grc' dir='ltr'>πειρησόμεθά</span> 
     </span>
     <span class='ocr_line' id='line_1_5' title="bbox 268 490 1924 559; baseline 0.002 -19"><span class='ocrx_word' id='word_1_30' title='bbox 268 497 406 557; x_wconf 91' lang='grc' dir='ltr'>σφεα</span> <span class='ocrx_word' id='word_1_31' title='bbox 436 490 538 556; x_wconf 80' lang='grc' dir='ltr'>ἅμα</span> <span class='ocrx_word' id='word_1_32' title='bbox 567 493 681 556; x_wconf 83' lang='grc' dir='ltr'>ὑμῖν</span> <span class='ocrx_word' id='word_1_33' title='bbox 712 492 987 556; x_wconf 86' lang='grc' dir='ltr'>ἀκεόμενοι·</span> <span class='ocrx_word' id='word_1_34' title='bbox 1034 491 1183 542; x_wconf 82' lang='grc' dir='ltr'>αὐτοῦ</span> <span class='ocrx_word' id='word_1_35' title='bbox 1213 493 1309 559; x_wconf 77' lang='grc' dir='ltr'>γὰρ</span> <span class='ocrx_word' id='word_1_36' title='bbox 1347 491 1523 543; x_wconf 88' lang='grc' dir='ltr'>τούτου</span> <span class='ocrx_word' id='word_1_37' title='bbox 1559 492 1745 544; x_wconf 84' lang='grc' dir='ltr'>εἵνεκεν</span> <span class='ocrx_word' id='word_1_38' title='bbox 1779 492 1924 544; x_wconf 85' lang='grc' dir='ltr'>τόνδε</span> 
     </span>
    </p>

    <p class='ocr_par' dir='ltr' id='par_1_3' title="bbox 154 574 1971 981">
     <span class='ocr_line' id='line_1_6' title="bbox 266 574 1971 643; baseline 0.001 -17"><span class='ocrx_word' id='word_1_39' title='bbox 266 596 318 627; x_wconf 91' lang='grc' dir='ltr'>τε</span> <span class='ocrx_word' id='word_1_40' title='bbox 348 574 546 639; x_wconf 84' lang='grc' dir='ltr'>Ἱππίην</span> <span class='ocrx_word' id='word_1_41' title='bbox 580 575 1004 643; x_wconf 79' lang='grc' dir='ltr'>μετεπεμψάμεθα</span> <span class='ocrx_word' id='word_1_42' title='bbox 1042 575 1121 627; x_wconf 88' lang='grc' dir='ltr'>καὶ</span> <span class='ocrx_word' id='word_1_43' title='bbox 1157 575 1308 641; x_wconf 80' lang='grc' dir='ltr'>ὑμέας</span> <span class='ocrx_word' id='word_1_44' title='bbox 1344 574 1442 628; x_wconf 86' lang='grc' dir='ltr'>ἀπὸ</span> <span class='ocrx_word' id='word_1_45' title='bbox 1477 581 1575 628; x_wconf 83' lang='grc' dir='ltr'>τῶν</span> <span class='ocrx_word' id='word_1_46' title='bbox 1604 577 1810 636; x_wconf 89' lang='grc' dir='ltr'>πολίων,</span> <span class='ocrx_word' id='word_1_47' title='bbox 1843 577 1924 628; x_wconf 82' lang='grc' dir='ltr'>ἵνα</span> <span class='ocrx_word' id='word_1_48' title='bbox 1948 597 1971 639; x_wconf 89' lang='lat'><strong>5</strong></span> 
     </span>
     <span class='ocr_line' id='line_1_7' title="bbox 266 659 1924 730; baseline 0.004 -21"><span class='ocrx_word' id='word_1_49' title='bbox 266 664 411 728; x_wconf 79' lang='grc' dir='ltr'>κοινῷ</span> <span class='ocrx_word' id='word_1_50' title='bbox 441 681 495 712; x_wconf 90' lang='grc' dir='ltr'>τε</span> <span class='ocrx_word' id='word_1_51' title='bbox 524 661 661 729; x_wconf 82' lang='grc' dir='ltr'>λόγῳ</span> <span class='ocrx_word' id='word_1_52' title='bbox 700 660 778 712; x_wconf 85' lang='grc' dir='ltr'>καὶ</span> <span class='ocrx_word' id='word_1_53' title='bbox 815 665 958 729; x_wconf 80' lang='grc' dir='ltr'>κοινῷ</span> <span class='ocrx_word' id='word_1_54' title='bbox 991 660 1160 730; x_wconf 80' lang='grc' dir='ltr'>στόλῳ</span> <span class='ocrx_word' id='word_1_55' title='bbox 1197 661 1536 727; x_wconf 81' lang='grc' dir='ltr'>ἐσαγαγόντες</span> <span class='ocrx_word' id='word_1_56' title='bbox 1566 659 1713 713; x_wconf 82' lang='grc' dir='ltr'>αὐτὸν</span> <span class='ocrx_word' id='word_1_57' title='bbox 1752 663 1802 714; x_wconf 91' lang='grc' dir='ltr'>ἐς</span> <span class='ocrx_word' id='word_1_58' title='bbox 1836 662 1924 715; x_wconf 82' lang='grc' dir='ltr'>τὰς</span> 
     </span>
     <span class='ocr_line' id='line_1_8' title="bbox 154 741 1921 812; baseline 0.004 -22"><span class='ocrx_word' id='word_1_59' title='bbox 154 754 233 802; x_wconf 86' lang='lat'>92-</span> <span class='ocrx_word' id='word_1_60' title='bbox 264 741 478 808; x_wconf 87' lang='grc' dir='ltr'>Ἀθήνας</span> <span class='ocrx_word' id='word_1_61' title='bbox 501 745 761 809; x_wconf 83' lang='grc' dir='ltr'>ἀποδῶμεν</span> <span class='ocrx_word' id='word_1_62' title='bbox 785 745 846 796; x_wconf 81' lang='grc' dir='ltr'>τὰ</span> <span class='ocrx_word' id='word_1_63' title='bbox 871 744 949 796; x_wconf 90' lang='grc' dir='ltr'>καὶ</span> <span class='ocrx_word' id='word_1_64' title='bbox 973 745 1294 810; x_wconf 85' lang='grc' dir='ltr'>ἀπειλόμεθα.</span> <span class='ocrx_word' id='word_1_65' title='bbox 1370 747 1415 797; x_wconf 81' lang='grc' dir='ltr'>οἱ</span> <span class='ocrx_word' id='word_1_66' title='bbox 1438 747 1529 810; x_wconf 83' lang='grc' dir='ltr'>μὲν</span> <span class='ocrx_word' id='word_1_67' title='bbox 1552 749 1703 797; x_wconf 80' lang='grc' dir='ltr'>ταῦτα</span> <span class='ocrx_word' id='word_1_68' title='bbox 1725 745 1921 812; x_wconf 84' lang='grc' dir='ltr'>ἔλεγον,</span> 
     </span>
     <span class='ocr_line' id='line_1_9' title="bbox 263 823 1935 897; baseline 0.004 -19"><span class='ocrx_word' id='word_1_69' title='bbox 263 831 362 880; x_wconf 85' lang='grc' dir='ltr'>τῶν</span> <span class='ocrx_word' id='word_1_70' title='bbox 402 830 455 880; x_wconf 79' lang='grc' dir='ltr'>δὲ</span> <span class='ocrx_word' id='word_1_71' title='bbox 495 828 772 897; x_wconf 88' lang='grc' dir='ltr'>συμμάχων</span> <span class='ocrx_word' id='word_1_72' title='bbox 811 827 867 880; x_wconf 85' lang='grc' dir='ltr'>τὸ</span> <span class='ocrx_word' id='word_1_73' title='bbox 910 832 1103 894; x_wconf 88' lang='grc' dir='ltr'>πλῆθος</span> <span class='ocrx_word' id='word_1_74' title='bbox 1146 830 1233 881; x_wconf 84' lang='grc' dir='ltr'>οὐκ</span> <span class='ocrx_word' id='word_1_75' title='bbox 1274 823 1526 881; x_wconf 89' lang='grc' dir='ltr'>ἐνεδέκετο</span> <span class='ocrx_word' id='word_1_76' title='bbox 1569 829 1682 883; x_wconf 82' lang='grc' dir='ltr'>τοὺς</span> <span class='ocrx_word' id='word_1_77' title='bbox 1724 830 1935 896; x_wconf 64' lang='grc' dir='ltr'>λόγους.,</span> 
     </span>
     <span class='ocr_line' id='line_1_10' title="bbox 264 911 1924 981; baseline 0.003 -19"><span class='ocrx_word' id='word_1_78' title='bbox 264 914 310 963; x_wconf 84' lang='grc' dir='ltr'>οἱ</span> <span class='ocrx_word' id='word_1_79' title='bbox 353 911 444 977; x_wconf 87' lang='grc' dir='ltr'>μέν</span> <span class='ocrx_word' id='word_1_80' title='bbox 484 934 570 965; x_wconf 94' lang='grc' dir='ltr'>νυν</span> <span class='ocrx_word' id='word_1_81' title='bbox 609 912 757 964; x_wconf 87' lang='grc' dir='ltr'>ἄλλοι</span> <span class='ocrx_word' id='word_1_82' title='bbox 801 913 1017 981; x_wconf 84' lang='grc' dir='ltr'>ἡσυχίην</span> <span class='ocrx_word' id='word_1_83' title='bbox 1061 911 1200 980; x_wconf 80' lang='grc' dir='ltr'>ἦγον,</span> <span class='ocrx_word' id='word_1_84' title='bbox 1243 915 1504 980; x_wconf 89' lang='grc' dir='ltr'>Κορίνθιος</span> <span class='ocrx_word' id='word_1_85' title='bbox 1543 916 1595 966; x_wconf 79' lang='grc' dir='ltr'>δὲ</span> <span class='ocrx_word' id='word_1_86' title='bbox 1632 913 1924 979; x_wconf 88' lang='grc' dir='ltr'>Σωσικλέης</span> 
     </span>
    </p>

    <p class='ocr_par' dir='ltr' id='par_1_4' title="bbox 196 995 1999 1065">
     <span class='ocr_line' id='line_1_11' title="bbox 196 995 1999 1065; baseline 0.002 -22"><span class='ocrx_word' id='word_1_87' title='bbox 196 1016 226 1043; x_wconf 88' lang='grc' dir='ltr'>α</span> <span class='ocrx_word' id='word_1_88' title='bbox 265 995 407 1061; x_wconf 82' lang='grc' dir='ltr'>ἔλεξε</span> <span class='ocrx_word' id='word_1_89' title='bbox 440 996 572 1049; x_wconf 86' lang='grc' dir='ltr'>τάδε·</span> <span class='ocrx_word' id='word_1_90' title='bbox 610 995 683 1047; x_wconf 69' lang='lat' dir='ltr'>‘’“H</span> <span class='ocrx_word' id='word_1_91' title='bbox 722 997 779 1062; x_wconf 76' lang='grc' dir='ltr'>δὴ</span> <span class='ocrx_word' id='word_1_92' title='bbox 811 998 839 1048; x_wconf 88' lang='grc' dir='ltr'>ὅ</span> <span class='ocrx_word' id='word_1_93' title='bbox 873 1019 927 1049; x_wconf 92' lang='grc' dir='ltr'>τε</span> <span class='ocrx_word' id='word_1_94' title='bbox 964 996 1169 1063; x_wconf 82' lang='grc' dir='ltr'>οὐρανὸς</span> <span class='ocrx_word' id='word_1_95' title='bbox 1206 997 1374 1064; x_wconf 86' lang='grc' dir='ltr'>ἔνερθε</span> <span class='ocrx_word' id='word_1_96' title='bbox 1410 997 1554 1050; x_wconf 87' lang='grc' dir='ltr'>ἔσται</span> <span class='ocrx_word' id='word_1_97' title='bbox 1592 1000 1680 1063; x_wconf 85' lang='grc' dir='ltr'>τῆς</span> <span class='ocrx_word' id='word_1_98' title='bbox 1714 1000 1806 1065; x_wconf 87' lang='grc' dir='ltr'>γῆς</span> <span class='ocrx_word' id='word_1_99' title='bbox 1843 998 1923 1051; x_wconf 88' lang='grc' dir='ltr'>καὶ</span> <span class='ocrx_word' id='word_1_100' title='bbox 1950 1017 1999 1046; x_wconf 87' lang='grc' dir='ltr'>ιο</span> 
     </span>
    </p>

    <p class='ocr_par' dir='ltr' id='par_1_5' title="bbox 262 1080 1980 1402">
     <span class='ocr_line' id='line_1_12' title="bbox 263 1080 1980 1148; baseline 0.002 -16"><span class='ocrx_word' id='word_1_101' title='bbox 263 1080 292 1144; x_wconf 89' lang='grc' dir='ltr'>ἡ</span> <span class='ocrx_word' id='word_1_102' title='bbox 327 1083 391 1147; x_wconf 89' lang='grc' dir='ltr'>γῆ</span> <span class='ocrx_word' id='word_1_103' title='bbox 431 1080 677 1148; x_wconf 86' lang='grc' dir='ltr'>μετέωρος</span> <span class='ocrx_word' id='word_1_104' title='bbox 711 1083 833 1148; x_wconf 79' lang='grc' dir='ltr'>ὑπὲρ</span> <span class='ocrx_word' id='word_1_105' title='bbox 869 1085 956 1133; x_wconf 85' lang='grc' dir='ltr'>τοῦ</span> <span class='ocrx_word' id='word_1_106' title='bbox 991 1081 1212 1148; x_wconf 81' lang='grc' dir='ltr'>οὐρανοῦ,</span> <span class='ocrx_word' id='word_1_107' title='bbox 1254 1083 1332 1134; x_wconf 89' lang='grc' dir='ltr'>καὶ</span> <span class='ocrx_word' id='word_1_108' title='bbox 1375 1080 1626 1148; x_wconf 83' lang='grc' dir='ltr'>ἄνθρωποι</span> <span class='ocrx_word' id='word_1_109' title='bbox 1670 1081 1823 1147; x_wconf 88' lang='grc' dir='ltr'>νομὸν</span> <span class='ocrx_word' id='word_1_110' title='bbox 1866 1084 1922 1135; x_wconf 92' lang='grc' dir='ltr'>ἐν</span> <span class='ocrx_word' id='word_1_111' title='bbox 1966 1098 1980 1107; x_wconf 65' lang='grc'><strong>“</strong></span> 
     </span>
     <span class='ocr_line' id='line_1_13' title="bbox 266 1163 1920 1236; baseline 0.003 -21"><span class='ocrx_word' id='word_1_112' title='bbox 266 1163 503 1236; x_wconf 88' lang='grc' dir='ltr'>θαλάσσῃ</span> <span class='ocrx_word' id='word_1_113' title='bbox 535 1164 704 1230; x_wconf 79' lang='grc' dir='ltr'>ἕξουσι</span> <span class='ocrx_word' id='word_1_114' title='bbox 736 1166 815 1217; x_wconf 90' lang='grc' dir='ltr'>καὶ</span> <span class='ocrx_word' id='word_1_115' title='bbox 846 1165 1012 1233; x_wconf 83' lang='grc' dir='ltr'>ἰχθύες</span> <span class='ocrx_word' id='word_1_116' title='bbox 1048 1165 1133 1217; x_wconf 87' lang='grc' dir='ltr'>τὸν</span> <span class='ocrx_word' id='word_1_117' title='bbox 1170 1166 1411 1233; x_wconf 88' lang='grc' dir='ltr'>πρότερον</span> <span class='ocrx_word' id='word_1_118' title='bbox 1446 1165 1712 1233; x_wconf 82' lang='grc' dir='ltr'>ἄνθρωποι,</span> <span class='ocrx_word' id='word_1_119' title='bbox 1747 1167 1832 1219; x_wconf 87' lang='grc' dir='ltr'>ὅτε</span> <span class='ocrx_word' id='word_1_120' title='bbox 1861 1188 1920 1234; x_wconf 93' lang='grc' dir='ltr'>γε</span> 
     </span>
     <span class='ocr_line' id='line_1_14' title="bbox 262 1246 1920 1318; baseline 0.003 -19"><span class='ocrx_word' id='word_1_121' title='bbox 262 1249 413 1313; x_wconf 85' lang='grc' dir='ltr'>ὑμεῖς,</span> <span class='ocrx_word' id='word_1_122' title='bbox 447 1246 484 1300; x_wconf 75' lang='grc' dir='ltr'><em>ὦ</em></span> <span class='ocrx_word' id='word_1_123' title='bbox 519 1251 913 1315; x_wconf 87' lang='grc' dir='ltr'>Λακεδαιμόνιοι,</span> <span class='ocrx_word' id='word_1_124' title='bbox 948 1251 1232 1317; x_wconf 83' lang='grc' dir='ltr'>ἰσοκρατίας</span> <span class='ocrx_word' id='word_1_125' title='bbox 1268 1251 1597 1304; x_wconf 83' lang='grc' dir='ltr'>καταλύοντες</span> <span class='ocrx_word' id='word_1_126' title='bbox 1633 1251 1920 1318; x_wconf 89' lang='grc' dir='ltr'>τυραννίδας</span> 
     </span>
     <span class='ocr_line' id='line_1_15' title="bbox 262 1333 1919 1402; baseline 0.002 -18"><span class='ocrx_word' id='word_1_127' title='bbox 262 1334 312 1387; x_wconf 91' lang='grc' dir='ltr'>ἐς</span> <span class='ocrx_word' id='word_1_128' title='bbox 343 1335 430 1386; x_wconf 82' lang='grc' dir='ltr'>τὰς</span> <span class='ocrx_word' id='word_1_129' title='bbox 461 1334 615 1389; x_wconf 91' lang='grc' dir='ltr'>πόλις·</span> <span class='ocrx_word' id='word_1_130' title='bbox 639 1334 867 1402; x_wconf 79' lang='grc' dir='ltr'>κατάγειν</span> <span class='ocrx_word' id='word_1_131' title='bbox 891 1333 1344 1401; x_wconf 78' lang='grc' dir='ltr'>παρασκευάζεσθε,</span> <span class='ocrx_word' id='word_1_132' title='bbox 1371 1339 1457 1386; x_wconf 86' lang='grc' dir='ltr'>τοῦ</span> <span class='ocrx_word' id='word_1_133' title='bbox 1479 1334 1593 1388; x_wconf 78' lang='grc' dir='ltr'>οὔτε</span> <span class='ocrx_word' id='word_1_134' title='bbox 1622 1334 1919 1402; x_wconf 89' lang='grc' dir='ltr'>ἀδικώτερόν</span> 
     </span>
    </p>

    <p class='ocr_par' dir='ltr' id='par_1_6' title="bbox 195 1417 1993 1824">
     <span class='ocr_line' id='line_1_16' title="bbox 195 1417 1993 1487; baseline 0.002 -19"><span class='ocrx_word' id='word_1_135' title='bbox 195 1428 220 1460; x_wconf 86' lang='grc'><strong>2</strong></span> <span class='ocrx_word' id='word_1_136' title='bbox 262 1418 371 1470; x_wconf 88' lang='grc' dir='ltr'>ἐστι</span> <span class='ocrx_word' id='word_1_137' title='bbox 402 1417 544 1470; x_wconf 81' lang='grc' dir='ltr'>οὐδὲν</span> <span class='ocrx_word' id='word_1_138' title='bbox 576 1417 679 1470; x_wconf 90' lang='grc' dir='ltr'>κατ’</span> <span class='ocrx_word' id='word_1_139' title='bbox 711 1419 996 1485; x_wconf 85' lang='grc' dir='ltr'>ἀνθρώπους</span> <span class='ocrx_word' id='word_1_140' title='bbox 1028 1419 1142 1471; x_wconf 79' lang='grc' dir='ltr'>οὔτε</span> <span class='ocrx_word' id='word_1_141' title='bbox 1170 1419 1579 1486; x_wconf 83' lang='grc' dir='ltr'>μιαιφονώτερον.</span> <span class='ocrx_word' id='word_1_142' title='bbox 1658 1421 1701 1471; x_wconf 87' lang='grc' dir='ltr'>εἷ</span> <span class='ocrx_word' id='word_1_143' title='bbox 1730 1421 1827 1487; x_wconf 80' lang='grc' dir='ltr'>γὰρ</span> <span class='ocrx_word' id='word_1_144' title='bbox 1856 1419 1916 1485; x_wconf 76' lang='grc' dir='ltr'>δὴ</span> <span class='ocrx_word' id='word_1_145' title='bbox 1945 1443 1993 1486; x_wconf 84' lang='lat'>15</span> 
     </span>
     <span class='ocr_line' id='line_1_17' title="bbox 259 1502 1916 1570; baseline 0.003 -18"><span class='ocrx_word' id='word_1_146' title='bbox 259 1502 404 1553; x_wconf 82' lang='grc' dir='ltr'>τοῦτό</span> <span class='ocrx_word' id='word_1_147' title='bbox 433 1524 491 1569; x_wconf 90' lang='grc' dir='ltr'>γε</span> <span class='ocrx_word' id='word_1_148' title='bbox 514 1502 673 1555; x_wconf 83' lang='grc' dir='ltr'>δοκέει</span> <span class='ocrx_word' id='word_1_149' title='bbox 695 1504 810 1568; x_wconf 84' lang='grc' dir='ltr'>ὑμῖν</span> <span class='ocrx_word' id='word_1_150' title='bbox 841 1503 967 1555; x_wconf 75' lang='grc' dir='ltr'>εἶναι</span> <span class='ocrx_word' id='word_1_151' title='bbox 996 1503 1219 1570; x_wconf 88' lang='grc' dir='ltr'>χρηστὸν</span> <span class='ocrx_word' id='word_1_152' title='bbox 1249 1503 1383 1555; x_wconf 85' lang='grc' dir='ltr'>ὥστε</span> <span class='ocrx_word' id='word_1_153' title='bbox 1413 1504 1799 1568; x_wconf 84' lang='grc' dir='ltr'>τυραννεύεσθαι</span> <span class='ocrx_word' id='word_1_154' title='bbox 1827 1505 1916 1558; x_wconf 76' lang='grc' dir='ltr'>τὰς</span> 
     </span>
     <span class='ocr_line' id='line_1_18' title="bbox 258 1586 1914 1656; baseline 0.002 -19"><span class='ocrx_word' id='word_1_155' title='bbox 258 1587 420 1645; x_wconf 84' lang='grc' dir='ltr'>πόλις,</span> <span class='ocrx_word' id='word_1_156' title='bbox 455 1586 591 1638; x_wconf 81' lang='grc' dir='ltr'>αὐτοὶ</span> <span class='ocrx_word' id='word_1_157' title='bbox 627 1592 811 1654; x_wconf 83' lang='grc' dir='ltr'>πρῶτοι</span> <span class='ocrx_word' id='word_1_158' title='bbox 846 1587 1087 1654; x_wconf 91' lang='grc' dir='ltr'>τύραννον</span> <span class='ocrx_word' id='word_1_159' title='bbox 1125 1586 1555 1655; x_wconf 86' lang='grc' dir='ltr'>καταστησάμενοι</span> <span class='ocrx_word' id='word_1_160' title='bbox 1590 1590 1723 1655; x_wconf 77' lang='grc' dir='ltr'>παρὰ</span> <span class='ocrx_word' id='word_1_161' title='bbox 1758 1589 1914 1656; x_wconf 86' lang='grc' dir='ltr'>σφίσι</span> 
     </span>
     <span class='ocr_line' id='line_1_19' title="bbox 258 1669 1912 1736; baseline 0.003 -16"><span class='ocrx_word' id='word_1_162' title='bbox 258 1669 454 1723; x_wconf 82' lang='grc' dir='ltr'>αὐτοῖσι</span> <span class='ocrx_word' id='word_1_163' title='bbox 484 1672 609 1723; x_wconf 82' lang='grc' dir='ltr'>οὕτω</span> <span class='ocrx_word' id='word_1_164' title='bbox 642 1672 720 1723; x_wconf 89' lang='grc' dir='ltr'>καὶ</span> <span class='ocrx_word' id='word_1_165' title='bbox 749 1676 884 1723; x_wconf 82' lang='grc' dir='ltr'>τοῖσι</span> <span class='ocrx_word' id='word_1_166' title='bbox 913 1671 1121 1723; x_wconf 81' lang='grc' dir='ltr'>ἄλλοισι</span> <span class='ocrx_word' id='word_1_167' title='bbox 1156 1672 1358 1736; x_wconf 80' lang='grc' dir='ltr'>δίζησθε</span> <span class='ocrx_word' id='word_1_168' title='bbox 1389 1670 1696 1724; x_wconf 87' lang='grc' dir='ltr'>κατιστάναι·</span> <span class='ocrx_word' id='word_1_169' title='bbox 1741 1676 1828 1724; x_wconf 82' lang='grc' dir='ltr'>νῦν</span> <span class='ocrx_word' id='word_1_170' title='bbox 1859 1674 1912 1725; x_wconf 78' lang='grc' dir='ltr'>δὲ</span> 
     </span>
     <span class='ocr_line' id='line_1_20' title="bbox 257 1754 1922 1824; baseline 0.001 -19"><span class='ocrx_word' id='word_1_171' title='bbox 257 1754 393 1806; x_wconf 80' lang='grc' dir='ltr'>αὐτοὶ</span> <span class='ocrx_word' id='word_1_172' title='bbox 451 1755 701 1822; x_wconf 88' lang='grc' dir='ltr'>τυράννων</span> <span class='ocrx_word' id='word_1_173' title='bbox 758 1755 950 1822; x_wconf 89' lang='grc' dir='ltr'>ἄπειροι</span> <span class='ocrx_word' id='word_1_174' title='bbox 1011 1756 1176 1810; x_wconf 90' lang='grc' dir='ltr'>ἐόντες</span> <span class='ocrx_word' id='word_1_175' title='bbox 1228 1756 1306 1807; x_wconf 88' lang='grc' dir='ltr'>καὶ</span> <span class='ocrx_word' id='word_1_176' title='bbox 1365 1755 1718 1824; x_wconf 88' lang='grc' dir='ltr'>φυλάσσοντες</span> <span class='ocrx_word' id='word_1_177' title='bbox 1769 1761 1922 1808; x_wconf 80' lang='grc' dir='ltr'>τοῦτο</span> 
     </span>
    </p>

    <p class='ocr_par' dir='ltr' id='par_1_7' title="bbox 0 1826 1991 2244">
     <span class='ocr_line' id='line_1_21' title="bbox 0 1826 1991 1930; baseline 0.002 -41"><span class='ocrx_word' id='word_1_178' title='bbox 0 1826 249 1930; x_wconf 49' lang='lat' dir='ltr'>quaess,</span> <span class='ocrx_word' id='word_1_179' title='bbox 247 1839 563 1891; x_wconf 84' lang='grc' dir='ltr'>δεινότατα’</span> <span class='ocrx_word' id='word_1_180' title='bbox 543 1861 596 1892; x_wconf 91' lang='grc' dir='ltr'>εν</span> <span class='ocrx_word' id='word_1_181' title='bbox 632 1847 692 1913; x_wconf 84' lang='grc' dir='ltr'>τῇ</span> <span class='ocrx_word' id='word_1_182' title='bbox 728 1839 928 1911; x_wconf 84' lang='grc' dir='ltr'>Σπάρτῃ</span> <span class='ocrx_word' id='word_1_183' title='bbox 964 1839 1030 1905; x_wconf 82' lang='grc' dir='ltr'>μὴ</span> <span class='ocrx_word' id='word_1_184' title='bbox 1064 1839 1323 1907; x_wconf 91' lang='grc' dir='ltr'>γενέσθαι,</span> <span class='ocrx_word' id='word_1_185' title='bbox 1350 1844 1678 1916; x_wconf 65' lang='grc' dir='ltr'>παραχρασθε</span> <span class='ocrx_word' id='word_1_186' title='bbox 1715 1843 1764 1895; x_wconf 87' lang='grc' dir='ltr'>ἐς</span> <span class='ocrx_word' id='word_1_187' title='bbox 1800 1840 1914 1895; x_wconf 83' lang='grc' dir='ltr'>τοὺς</span> <span class='ocrx_word' id='word_1_188' title='bbox 1940 1863 1991 1893; x_wconf 84' lang='lat'>20</span> 
     </span>
     <span class='ocr_line' id='line_1_22' title="bbox 172 1922 1914 1992; baseline 0.002 -20"><span class='ocrx_word' id='word_1_189' title='bbox 172 1935 173 1938; x_wconf 78' lang='grc'>’</span> <span class='ocrx_word' id='word_1_190' title='bbox 256 1922 564 1991; x_wconf 84' lang='grc' dir='ltr'>συμμάχους·</span> <span class='ocrx_word' id='word_1_191' title='bbox 611 1925 653 1976; x_wconf 84' lang='grc' dir='ltr'>εἷ</span> <span class='ocrx_word' id='word_1_192' title='bbox 676 1927 729 1976; x_wconf 81' lang='grc' dir='ltr'>δὲ</span> <span class='ocrx_word' id='word_1_193' title='bbox 760 1925 907 1976; x_wconf 83' lang='grc' dir='ltr'>αὐτοῦ</span> <span class='ocrx_word' id='word_1_194' title='bbox 929 1924 1149 1992; x_wconf 87' lang='grc' dir='ltr'>ἔμπειροι</span> <span class='ocrx_word' id='word_1_195' title='bbox 1173 1923 1287 1976; x_wconf 82' lang='grc' dir='ltr'>ἔατε</span> <span class='ocrx_word' id='word_1_196' title='bbox 1311 1923 1432 1976; x_wconf 88' lang='grc' dir='ltr'>κατά</span> <span class='ocrx_word' id='word_1_197' title='bbox 1455 1946 1547 1991; x_wconf 91' lang='grc' dir='ltr'>περ</span> <span class='ocrx_word' id='word_1_198' title='bbox 1568 1925 1725 1990; x_wconf 85' lang='grc' dir='ltr'>ἡμεῖς,</span> <span class='ocrx_word' id='word_1_199' title='bbox 1752 1926 1914 1992; x_wconf 80' lang='grc' dir='ltr'>εἴχετε</span> 
     </span>
     <span class='ocr_line' id='line_1_23' title="bbox 255 2005 1911 2075; baseline 0.001 -17"><span class='ocrx_word' id='word_1_200' title='bbox 255 2005 317 2058; x_wconf 82' lang='grc' dir='ltr'>ἂν</span> <span class='ocrx_word' id='word_1_201' title='bbox 357 2008 469 2074; x_wconf 86' lang='grc' dir='ltr'>περὶ</span> <span class='ocrx_word' id='word_1_202' title='bbox 509 2007 656 2059; x_wconf 82' lang='grc' dir='ltr'>αὐτοῦ</span> <span class='ocrx_word' id='word_1_203' title='bbox 689 2008 888 2075; x_wconf 85' lang='grc' dir='ltr'>γνώμας</span> <span class='ocrx_word' id='word_1_204' title='bbox 923 2009 1184 2073; x_wconf 90' lang='grc' dir='ltr'>ἀμείνονας</span> <span class='ocrx_word' id='word_1_205' title='bbox 1221 2007 1578 2074; x_wconf 85' lang='grc' dir='ltr'>συμβαλέσθαι</span> <span class='ocrx_word' id='word_1_206' title='bbox 1611 2008 1648 2074; x_wconf 88' lang='grc' dir='ltr'><em>ἤ</em></span> <span class='ocrx_word' id='word_1_207' title='bbox 1678 2031 1770 2075; x_wconf 90' lang='grc' dir='ltr'>περ</span> <span class='ocrx_word' id='word_1_208' title='bbox 1806 2013 1911 2060; x_wconf 80' lang='grc' dir='ltr'>νῦν.</span> 
     </span>
     <span class='ocr_line' id='line_1_24' title="bbox 177 2091 1908 2160; baseline 0.002 -20"><span class='ocrx_word' id='word_1_209' title='bbox 177 2093 217 2154; x_wconf 90' lang='grc' dir='ltr'>β</span> <span class='ocrx_word' id='word_1_210' title='bbox 258 2093 568 2157; x_wconf 90' lang='grc' dir='ltr'>Κορινθίοισι</span> <span class='ocrx_word' id='word_1_211' title='bbox 590 2095 687 2159; x_wconf 78' lang='grc' dir='ltr'>γὰρ</span> <span class='ocrx_word' id='word_1_212' title='bbox 709 2091 769 2157; x_wconf 84' lang='grc' dir='ltr'>ἧν</span> <span class='ocrx_word' id='word_1_213' title='bbox 787 2093 964 2146; x_wconf 91' lang='grc' dir='ltr'>πόλιος</span> <span class='ocrx_word' id='word_1_214' title='bbox 989 2091 1294 2146; x_wconf 87' lang='grc' dir='ltr'>κατάστασις</span> <span class='ocrx_word' id='word_1_215' title='bbox 1317 2092 1499 2158; x_wconf 89' lang='grc' dir='ltr'>τοιήδε·</span> <span class='ocrx_word' id='word_1_216' title='bbox 1546 2092 1607 2157; x_wconf 86' lang='grc' dir='ltr'>ἧν</span> <span class='ocrx_word' id='word_1_217' title='bbox 1625 2094 1908 2160; x_wconf 88' lang='grc' dir='ltr'>ὀλιγαρχίη,</span> 
     </span>
     <span class='ocr_line' id='line_1_25' title="bbox 258 2174 1910 2244; baseline 0.002 -19"><span class='ocrx_word' id='word_1_218' title='bbox 258 2174 336 2226; x_wconf 90' lang='grc' dir='ltr'>καὶ</span> <span class='ocrx_word' id='word_1_219' title='bbox 354 2175 556 2226; x_wconf 55' lang='lat' dir='ltr'>&#39;roffi-od</span> <span class='ocrx_word' id='word_1_220' title='bbox 578 2176 850 2244; x_wconf 89' lang='grc' dir='ltr'>Βακχιάδαι</span> <span class='ocrx_word' id='word_1_221' title='bbox 870 2176 1164 2242; x_wconf 88' lang='grc' dir='ltr'>καλεόμενοι</span> <span class='ocrx_word' id='word_1_222' title='bbox 1186 2176 1361 2242; x_wconf 86' lang='grc' dir='ltr'>ἔνεμον</span> <span class='ocrx_word' id='word_1_223' title='bbox 1384 2177 1474 2241; x_wconf 82' lang='grc' dir='ltr'>τὴν</span> <span class='ocrx_word' id='word_1_224' title='bbox 1491 2177 1656 2236; x_wconf 89' lang='grc' dir='ltr'>πόλιν,</span> <span class='ocrx_word' id='word_1_225' title='bbox 1677 2178 1910 2229; x_wconf 88' lang='grc' dir='ltr'>ἐδίδοσαν</span> 
     </span>
    </p>

    <p class='ocr_par' dir='ltr' id='par_1_8' title="bbox 254 2250 1986 2497">
     <span class='ocr_line' id='line_1_26' title="bbox 255 2250 1986 2327; baseline 0.001 -19"><span class='ocrx_word' id='word_1_226' title='bbox 255 2260 308 2309; x_wconf 83' lang='grc' dir='ltr'>δὲ</span> <span class='ocrx_word' id='word_1_227' title='bbox 327 2259 418 2309; x_wconf 83' lang='grc' dir='ltr'>’καὶ</span> <span class='ocrx_word' id='word_1_228' title='bbox 454 2250 634 2326; x_wconf 88' lang='grc' dir='ltr'>ἤγοντο</span> <span class='ocrx_word' id='word_1_229' title='bbox 666 2259 724 2324; x_wconf 81' lang='grc' dir='ltr'>ἐξ</span> <span class='ocrx_word' id='word_1_230' title='bbox 751 2259 1003 2324; x_wconf 88' lang='grc' dir='ltr'>ἀλλήλων.</span> <span class='ocrx_word' id='word_1_231' title='bbox 1079 2260 1317 2327; x_wconf 90' lang='grc' dir='ltr'>Ἀμφίονι</span> <span class='ocrx_word' id='word_1_232' title='bbox 1347 2263 1400 2312; x_wconf 81' lang='grc' dir='ltr'>δὲ</span> <span class='ocrx_word' id='word_1_233' title='bbox 1432 2261 1563 2312; x_wconf 90' lang='grc' dir='ltr'>ἐόντι</span> <span class='ocrx_word' id='word_1_234' title='bbox 1597 2261 1783 2312; x_wconf 89' lang='grc' dir='ltr'>τούτων</span> <span class='ocrx_word' id='word_1_235' title='bbox 1811 2265 1910 2311; x_wconf 81' lang='grc' dir='ltr'>τῶν</span> <span class='ocrx_word' id='word_1_236' title='bbox 1936 2282 1986 2323; x_wconf 82' lang='lat'>25</span> 
     </span>
     <span class='ocr_line' id='line_1_27' title="bbox 256 2342 1908 2412; baseline 0.001 -20"><span class='ocrx_word' id='word_1_237' title='bbox 256 2342 447 2409; x_wconf 82' lang='grc' dir='ltr'>ἀνδρῶν</span> <span class='ocrx_word' id='word_1_238' title='bbox 489 2344 679 2410; x_wconf 89' lang='grc' dir='ltr'>γίνεται</span> <span class='ocrx_word' id='word_1_239' title='bbox 723 2343 939 2411; x_wconf 90' lang='grc' dir='ltr'>θυγάτηρ</span> <span class='ocrx_word' id='word_1_240' title='bbox 982 2343 1141 2412; x_wconf 90' lang='grc' dir='ltr'>χωλή·</span> <span class='ocrx_word' id='word_1_241' title='bbox 1190 2345 1374 2409; x_wconf 85' lang='grc' dir='ltr'>οὔνομα</span> <span class='ocrx_word' id='word_1_242' title='bbox 1418 2343 1473 2396; x_wconf 86' lang='grc' dir='ltr'>δέ</span> <span class='ocrx_word' id='word_1_243' title='bbox 1516 2346 1563 2396; x_wconf 81' lang='grc' dir='ltr'>οἱ</span> <span class='ocrx_word' id='word_1_244' title='bbox 1607 2343 1667 2409; x_wconf 86' lang='grc' dir='ltr'>ἧν</span> <span class='ocrx_word' id='word_1_245' title='bbox 1710 2343 1908 2410; x_wconf 87' lang='grc' dir='ltr'>Λάβδα.</span> 
     </span>
     <span class='ocr_line' id='line_1_28' title="bbox 254 2425 1909 2497; baseline 0.002 -21"><span class='ocrx_word' id='word_1_246' title='bbox 254 2425 436 2490; x_wconf 90' lang='grc' dir='ltr'>ταύτην</span> <span class='ocrx_word' id='word_1_247' title='bbox 468 2427 789 2496; x_wconf 90' lang='grc' dir='ltr'>Βακχιαδέων</span> <span class='ocrx_word' id='word_1_248' title='bbox 819 2430 915 2495; x_wconf 80' lang='grc' dir='ltr'>γὰρ</span> <span class='ocrx_word' id='word_1_249' title='bbox 950 2427 1110 2481; x_wconf 83' lang='grc' dir='ltr'>οὐδεὶς</span> <span class='ocrx_word' id='word_1_250' title='bbox 1145 2427 1298 2492; x_wconf 88' lang='grc' dir='ltr'>ἤθελε</span> <span class='ocrx_word' id='word_1_251' title='bbox 1326 2431 1495 2495; x_wconf 89' lang='grc' dir='ltr'>γῆμαι,</span> <span class='ocrx_word' id='word_1_252' title='bbox 1526 2430 1665 2497; x_wconf 81' lang='grc' dir='ltr'>ἴσχει</span> <span class='ocrx_word' id='word_1_253' title='bbox 1695 2427 1909 2480; x_wconf 91' lang='grc' dir='ltr'>Ἠετίων</span> 
     </span>
    </p>
   </div>
   <div class='ocr_carea' id='block_1_3' title="bbox 222 2564 1908 2999">
    <p class='ocr_par' dir='ltr' id='par_1_9' title="bbox 314 2564 1908 2617">
     <span class='ocr_line' id='line_1_29' title="bbox 314 2564 1908 2617; baseline 0.001 -14"><span class='ocrx_word' id='word_1_254' title='bbox 314 2577 332 2603; x_wconf 91' lang='lat'>1</span> <span class='ocrx_word' id='word_1_255' title='bbox 366 2564 518 2606; x_wconf 81' lang='grc' dir='ltr'>αὐτέων</span> <span class='ocrx_word' id='word_1_256' title='bbox 548 2565 578 2604; x_wconf 90' lang='lat' dir='ltr'>S</span> <span class='ocrx_word' id='word_1_257' title='bbox 592 2566 632 2604; x_wconf 94' lang='lat' dir='ltr'>V</span> <span class='ocrx_word' id='word_1_258' title='bbox 781 2578 805 2603; x_wconf 85' lang='lat'><strong>2</strong></span> <span class='ocrx_word' id='word_1_259' title='bbox 835 2565 1155 2617; x_wconf 82' lang='grc' dir='ltr'>ἐκμεμαθήσεται</span> <span class='ocrx_word' id='word_1_260' title='bbox 1177 2565 1211 2603; x_wconf 93' lang='lat' dir='ltr'>C</span> <span class='ocrx_word' id='word_1_261' title='bbox 1363 2580 1388 2616; x_wconf 93' lang='lat'>4</span> <span class='ocrx_word' id='word_1_262' title='bbox 1419 2574 1526 2617; x_wconf 86' lang='grc' dir='ltr'>σφεα</span> <span class='ocrx_word' id='word_1_263' title='bbox 1555 2564 1648 2605; x_wconf 82' lang='lat' dir='ltr'>Eltz</span> <span class='ocrx_word' id='word_1_264' title='bbox 1665 2579 1675 2604; x_wconf 72' lang='grc' dir='ltr'><strong><em>ε</em></strong></span> <span class='ocrx_word' id='word_1_265' title='bbox 1715 2573 1842 2617; x_wconf 84' lang='grc' dir='ltr'>σφεας</span> <span class='ocrx_word' id='word_1_266' title='bbox 1873 2564 1908 2604; x_wconf 92' lang='lat' dir='ltr'><strong>L</strong></span> 
     </span>
    </p>

    <p class='ocr_par' dir='ltr' id='par_1_10' title="bbox 222 2619 1907 2999">
     <span class='ocr_line' id='line_1_30' title="bbox 222 2619 1904 2671; baseline 0.001 -11"><span class='ocrx_word' id='word_1_267' title='bbox 222 2632 229 2637; x_wconf 67' lang='lat'>⁴</span> <span class='ocrx_word' id='word_1_268' title='bbox 255 2619 485 2670; x_wconf 82' lang='grc' dir='ltr'>ἀπικόμενοι</span> <span class='ocrx_word' id='word_1_269' title='bbox 505 2620 695 2661; x_wconf 85' lang='grc' dir='ltr'>τίσασθαι</span> <span class='ocrx_word' id='word_1_270' title='bbox 716 2620 756 2659; x_wconf 91' lang='grc' dir='ltr'><strong>Α</strong></span> <span class='ocrx_word' id='word_1_271' title='bbox 769 2620 804 2658; x_wconf 92' lang='grc' dir='ltr'>Β</span> <span class='ocrx_word' id='word_1_272' title='bbox 821 2620 854 2659; x_wconf 94' lang='lat' dir='ltr'>C</span> <span class='ocrx_word' id='word_1_273' title='bbox 869 2621 904 2659; x_wconf 92' lang='lat' dir='ltr'>P</span> <span class='ocrx_word' id='word_1_274' title='bbox 1123 2632 1148 2669; x_wconf 90' lang='lat'>5</span> <span class='ocrx_word' id='word_1_275' title='bbox 1177 2620 1245 2671; x_wconf 82' lang='grc' dir='ltr'>τε]</span> <span class='ocrx_word' id='word_1_276' title='bbox 1267 2621 1341 2661; x_wconf 75' lang='grc' dir='ltr'>τὸν</span> <span class='ocrx_word' id='word_1_277' title='bbox 1360 2619 1401 2658; x_wconf 94' lang='grc' dir='ltr'><strong>Α</strong></span> <span class='ocrx_word' id='word_1_278' title='bbox 1415 2620 1449 2658; x_wconf 91' lang='grc' dir='ltr'>Β</span> <span class='ocrx_word' id='word_1_279' title='bbox 1465 2620 1499 2658; x_wconf 93' lang='lat' dir='ltr'>C</span> <span class='ocrx_word' id='word_1_280' title='bbox 1683 2633 1705 2670; x_wconf 92' lang='lat'><strong>7</strong></span> <span class='ocrx_word' id='word_1_281' title='bbox 1736 2621 1802 2661; x_wconf 79' lang='grc' dir='ltr'>καὶ</span> <span class='ocrx_word' id='word_1_282' title='bbox 1821 2633 1904 2661; x_wconf 88' lang='lat' dir='ltr'>om.</span> 
     </span>
     <span class='ocr_line' id='line_1_31' title="bbox 257 2673 1907 2728; baseline 0.002 -16"><span class='ocrx_word' id='word_1_283' title='bbox 257 2674 290 2712; x_wconf 92' lang='grc' dir='ltr'>Ρ</span> <span class='ocrx_word' id='word_1_284' title='bbox 303 2674 332 2712; x_wconf 92' lang='lat' dir='ltr'>S</span> <span class='ocrx_word' id='word_1_285' title='bbox 347 2674 383 2712; x_wconf 96' lang='lat' dir='ltr'>V</span> <span class='ocrx_word' id='word_1_286' title='bbox 397 2674 436 2712; x_wconf 96' lang='lat' dir='ltr'>U</span> <span class='ocrx_word' id='word_1_287' title='bbox 600 2687 628 2724; x_wconf 88' lang='lat'>9</span> <span class='ocrx_word' id='word_1_288' title='bbox 657 2675 843 2726; x_wconf 66' lang='grc' dir='ltr'>Σωκλέης</span> <span class='ocrx_word' id='word_1_289' title='bbox 863 2674 902 2712; x_wconf 91' lang='grc' dir='ltr'>Α</span> <span class='ocrx_word' id='word_1_290' title='bbox 914 2675 949 2713; x_wconf 91' lang='grc' dir='ltr'>Β</span> <span class='ocrx_word' id='word_1_291' title='bbox 966 2674 999 2713; x_wconf 95' lang='lat' dir='ltr'>C</span> <span class='ocrx_word' id='word_1_292' title='bbox 1166 2687 1215 2713; x_wconf 92' lang='lat'>10</span> <span class='ocrx_word' id='word_1_293' title='bbox 1245 2674 1367 2727; x_wconf 72' lang='grc' dir='ltr'>ἔλεγε</span> <span class='ocrx_word' id='word_1_294' title='bbox 1388 2675 1419 2714; x_wconf 90' lang='lat' dir='ltr'>S</span> <span class='ocrx_word' id='word_1_295' title='bbox 1431 2674 1524 2713; x_wconf 52' lang='lat' dir='ltr'>V‘U</span> <span class='ocrx_word' id='word_1_296' title='bbox 1635 2673 1752 2715; x_wconf 78' lang='grc' dir='ltr'>ἔσται</span> <span class='ocrx_word' id='word_1_297' title='bbox 1774 2674 1907 2728; x_wconf 79' lang='grc' dir='ltr'>ἔνερθε</span> 
     </span>
     <span class='ocr_line' id='line_1_32' title="bbox 256 2728 1906 2782; baseline 0.002 -15"><span class='ocrx_word' id='word_1_298' title='bbox 256 2729 289 2767; x_wconf 94' lang='grc' dir='ltr'>Ρ</span> <span class='ocrx_word' id='word_1_299' title='bbox 305 2728 385 2767; x_wconf 89' lang='lat' dir='ltr'>SV</span> <span class='ocrx_word' id='word_1_300' title='bbox 400 2729 439 2767; x_wconf 94' lang='lat' dir='ltr'><strong>U</strong></span> <span class='ocrx_word' id='word_1_301' title='bbox 572 2742 620 2767; x_wconf 86' lang='lat'>12</span> <span class='ocrx_word' id='word_1_302' title='bbox 650 2731 687 2770; x_wconf 84' lang='grc' dir='ltr'>οἱ</span> <span class='ocrx_word' id='word_1_303' title='bbox 707 2729 843 2782; x_wconf 85' lang='grc' dir='ltr'>ι’χθύες</span> <span class='ocrx_word' id='word_1_304' title='bbox 865 2728 896 2768; x_wconf 90' lang='lat' dir='ltr'>S</span> <span class='ocrx_word' id='word_1_305' title='bbox 1024 2741 1072 2778; x_wconf 88' lang='lat'>13</span> <span class='ocrx_word' id='word_1_306' title='bbox 1101 2728 1406 2771; x_wconf 81' lang='grc' dir='ltr'>καταλύσαντες</span> <span class='ocrx_word' id='word_1_307' title='bbox 1426 2729 1456 2767; x_wconf 89' lang='lat' dir='ltr'>S</span> <span class='ocrx_word' id='word_1_308' title='bbox 1469 2729 1507 2767; x_wconf 96' lang='lat' dir='ltr'>V</span> <span class='ocrx_word' id='word_1_309' title='bbox 1521 2728 1561 2767; x_wconf 93' lang='lat' dir='ltr'>U</span> <span class='ocrx_word' id='word_1_310' title='bbox 1685 2741 1733 2778; x_wconf 92' lang='lat'>14</span> <span class='ocrx_word' id='word_1_311' title='bbox 1761 2729 1906 2770; x_wconf 81' lang='grc' dir='ltr'>πόλιας</span> 
     </span>
     <span class='ocr_line' id='line_1_33' title="bbox 256 2782 1905 2835; baseline 0.002 -14"><span class='ocrx_word' id='word_1_312' title='bbox 256 2783 290 2821; x_wconf 93' lang='grc' dir='ltr'>Ρ</span> <span class='ocrx_word' id='word_1_313' title='bbox 305 2782 385 2822; x_wconf 91' lang='lat' dir='ltr'>SV</span> <span class='ocrx_word' id='word_1_314' title='bbox 399 2783 438 2822; x_wconf 94' lang='lat' dir='ltr'>U</span> <span class='ocrx_word' id='word_1_315' title='bbox 457 2797 466 2822; x_wconf 82' lang='lat' dir='ltr'><strong><em>z</em></strong></span> <span class='ocrx_word' id='word_1_316' title='bbox 496 2783 633 2826; x_wconf 83' lang='grc' dir='ltr'>πόλεις</span> <span class='ocrx_word' id='word_1_317' title='bbox 655 2784 689 2823; x_wconf 91' lang='lat' dir='ltr'>C</span> <span class='ocrx_word' id='word_1_318' title='bbox 711 2784 773 2835; x_wconf 87' lang='lat' dir='ltr'>(it.</span> <span class='ocrx_word' id='word_1_319' title='bbox 802 2784 868 2834; x_wconf 75' lang='lat'>17)</span> <span class='ocrx_word' id='word_1_320' title='bbox 1021 2796 1069 2833; x_wconf 90' lang='lat'>15</span> <span class='ocrx_word' id='word_1_321' title='bbox 1100 2784 1216 2825; x_wconf 79' lang='grc' dir='ltr'>οὐδέν</span> <span class='ocrx_word' id='word_1_322' title='bbox 1237 2787 1325 2825; x_wconf 86' lang='grc' dir='ltr'>ἐστι</span> <span class='ocrx_word' id='word_1_323' title='bbox 1348 2783 1474 2823; x_wconf 92' lang='lat' dir='ltr'>PSV</span> <span class='ocrx_word' id='word_1_324' title='bbox 1488 2783 1526 2822; x_wconf 92' lang='lat' dir='ltr'><strong>U</strong></span> <span class='ocrx_word' id='word_1_325' title='bbox 1670 2796 1716 2834; x_wconf 91' lang='lat'>17</span> <span class='ocrx_word' id='word_1_326' title='bbox 1747 2788 1905 2834; x_wconf 83' lang='grc' dir='ltr'>πρῶτον</span> 
     </span>
     <span class='ocr_line' id='line_1_34' title="bbox 254 2836 1904 2892; baseline -0.002 -13"><span class='ocrx_word' id='word_1_327' title='bbox 254 2837 308 2876; x_wconf 85' lang='lat' dir='ltr'>V¹</span> <span class='ocrx_word' id='word_1_328' title='bbox 477 2839 527 2877; x_wconf 86' lang='lat'>18</span> <span class='ocrx_word' id='word_1_329' title='bbox 555 2838 711 2889; x_wconf 73' lang='grc' dir='ltr'>δίζεσθε</span> <span class='ocrx_word' id='word_1_330' title='bbox 734 2839 768 2877; x_wconf 93' lang='grc' dir='ltr'>Ρ</span> <span class='ocrx_word' id='word_1_331' title='bbox 781 2839 811 2878; x_wconf 91' lang='lat' dir='ltr'>S</span> <span class='ocrx_word' id='word_1_332' title='bbox 823 2840 861 2879; x_wconf 95' lang='lat' dir='ltr'>V</span> <span class='ocrx_word' id='word_1_333' title='bbox 875 2838 915 2877; x_wconf 91' lang='lat' dir='ltr'><strong>U</strong></span> <span class='ocrx_word' id='word_1_334' title='bbox 1084 2851 1133 2889; x_wconf 84' lang='lat'>19</span> <span class='ocrx_word' id='word_1_335' title='bbox 1163 2840 1314 2892; x_wconf 75' lang='grc' dir='ltr'>ἄπειροι</span> <span class='ocrx_word' id='word_1_336' title='bbox 1338 2838 1475 2879; x_wconf 80' lang='grc' dir='ltr'>ἐόντες</span> <span class='ocrx_word' id='word_1_337' title='bbox 1499 2836 1699 2890; x_wconf 79' lang='grc' dir='ltr'>τυράννων</span> <span class='ocrx_word' id='word_1_338' title='bbox 1721 2837 1755 2876; x_wconf 92' lang='grc' dir='ltr'>Ρ</span> <span class='ocrx_word' id='word_1_339' title='bbox 1767 2838 1798 2876; x_wconf 91' lang='lat' dir='ltr'>S</span> <span class='ocrx_word' id='word_1_340' title='bbox 1810 2838 1850 2876; x_wconf 92' lang='lat' dir='ltr'>V</span> <span class='ocrx_word' id='word_1_341' title='bbox 1865 2837 1904 2876; x_wconf 93' lang='lat' dir='ltr'><strong>U</strong></span> 
     </span>
     <span class='ocr_line' id='line_1_35' title="bbox 256 2891 1902 2946; baseline -0.001 -14"><span class='ocrx_word' id='word_1_342' title='bbox 256 2892 468 2934; x_wconf 83' lang='grc' dir='ltr'>δεινότατα</span> <span class='ocrx_word' id='word_1_343' title='bbox 487 2896 607 2934; x_wconf 83' lang='grc' dir='ltr'>τοῦτο</span> <span class='ocrx_word' id='word_1_344' title='bbox 630 2894 663 2932; x_wconf 93' lang='grc' dir='ltr'>Ρ</span> <span class='ocrx_word' id='word_1_345' title='bbox 677 2894 757 2933; x_wconf 92' lang='lat' dir='ltr'>SV</span> <span class='ocrx_word' id='word_1_346' title='bbox 772 2894 811 2932; x_wconf 94' lang='lat' dir='ltr'><strong>U</strong></span> <span class='ocrx_word' id='word_1_347' title='bbox 844 2915 847 2918; x_wconf 92' lang='lat'>·</span> <span class='ocrx_word' id='word_1_348' title='bbox 933 2905 986 2932; x_wconf 83' lang='lat'>20</span> <span class='ocrx_word' id='word_1_349' title='bbox 1009 2895 1271 2946; x_wconf 83' lang='grc' dir='ltr'>παραχρῆσθε</span> <span class='ocrx_word' id='word_1_350' title='bbox 1288 2892 1330 2931; x_wconf 95' lang='grc' dir='ltr'><strong>Α</strong></span> <span class='ocrx_word' id='word_1_351' title='bbox 1342 2893 1377 2931; x_wconf 94' lang='grc' dir='ltr'>Β</span> <span class='ocrx_word' id='word_1_352' title='bbox 1393 2892 1427 2931; x_wconf 95' lang='lat' dir='ltr'>C</span> <span class='ocrx_word' id='word_1_353' title='bbox 1551 2904 1599 2930; x_wconf 83' lang='lat'>21</span> <span class='ocrx_word' id='word_1_354' title='bbox 1633 2894 1744 2934; x_wconf 78' lang='grc' dir='ltr'>αὐτοὶ</span> <span class='ocrx_word' id='word_1_355' title='bbox 1766 2891 1796 2931; x_wconf 92' lang='lat' dir='ltr'>S</span> <span class='ocrx_word' id='word_1_356' title='bbox 1810 2892 1849 2930; x_wconf 96' lang='lat' dir='ltr'>V</span> <span class='ocrx_word' id='word_1_357' title='bbox 1862 2891 1902 2930; x_wconf 92' lang='lat' dir='ltr'><strong>U</strong></span> 
     </span>
     <span class='ocr_line' id='line_1_36' title="bbox 258 2946 1902 2999; baseline 0 -14"><span class='ocrx_word' id='word_1_358' title='bbox 258 2947 364 2995; x_wconf 90' lang='lat' dir='ltr'>(non</span> <span class='ocrx_word' id='word_1_359' title='bbox 386 2946 438 2993; x_wconf 78' lang='lat' dir='ltr'>C)</span> <span class='ocrx_word' id='word_1_360' title='bbox 457 2963 466 2988; x_wconf 91' lang='lat'>:</span> <span class='ocrx_word' id='word_1_361' title='bbox 497 2948 577 2988; x_wconf 87' lang='lat' dir='ltr'><strong>del.</strong></span> <span class='ocrx_word' id='word_1_362' title='bbox 598 2948 888 2988; x_wconf 87' lang='lat' dir='ltr'>Wilarnowitz</span> <span class='ocrx_word' id='word_1_363' title='bbox 1105 2960 1158 2987; x_wconf 85' lang='lat'>22</span> <span class='ocrx_word' id='word_1_364' title='bbox 1188 2948 1368 2999; x_wconf 77' lang='grc' dir='ltr'>ἀμείνους</span> <span class='ocrx_word' id='word_1_365' title='bbox 1388 2946 1423 2986; x_wconf 94' lang='lat' dir='ltr'>C</span> <span class='ocrx_word' id='word_1_366' title='bbox 1590 2946 1902 2998; x_wconf 81' lang='grc' dir='ltr'>συμβάλλεσθαι</span> 
     </span>
    </p>
   </div>
   <div class='ocr_carea' id='block_1_4' title="bbox 258 3001 1746 3069">
    <p class='ocr_par' dir='ltr' id='par_1_11' title="bbox 258 3001 1746 3069">
     <span class='ocr_line' id='line_1_37' title="bbox 258 3001 1746 3069; baseline 0 -27"><span class='ocrx_word' id='word_1_367' title='bbox 258 3001 292 3040; x_wconf 92' lang='grc' dir='ltr'>Ρ</span> <span class='ocrx_word' id='word_1_368' title='bbox 305 3001 385 3040; x_wconf 85' lang='lat' dir='ltr'>SV</span> <span class='ocrx_word' id='word_1_369' title='bbox 399 3002 438 3040; x_wconf 91' lang='lat' dir='ltr'><strong>U</strong></span> <span class='ocrx_word' id='word_1_370' title='bbox 605 3017 656 3053; x_wconf 88' lang='lat'>24</span> <span class='ocrx_word' id='word_1_371' title='bbox 688 3005 723 3045; x_wconf 81' lang='grc' dir='ltr'>οἱ</span> <span class='ocrx_word' id='word_1_372' title='bbox 741 3003 809 3042; x_wconf 91' lang='lat' dir='ltr'>vel</span> <span class='ocrx_word' id='word_1_373' title='bbox 833 3005 870 3069; x_wconf 69' lang='grc' dir='ltr'>οζ</span> <span class='ocrx_word' id='word_1_374' title='bbox 888 3001 985 3044; x_wconf 81' lang='grc' dir='ltr'>τότε</span> <span class='ocrx_word' id='word_1_375' title='bbox 1007 3001 1179 3052; x_wconf 86' lang='lat' dir='ltr'>Madvig</span> <span class='ocrx_word' id='word_1_376' title='bbox 1289 3002 1515 3054; x_wconf 82' lang='grc' dir='ltr'>ἐξεδίδοσαν</span> <span class='ocrx_word' id='word_1_377' title='bbox 1534 3001 1746 3042; x_wconf 76' lang='grc' dir='ltr'>Τουτιιίει·</span> 
     </span>
    </p>
   </div>
  </div>
 </body>
</html>
