2132 3340
759 116 1134 168 ΙΣΤΟΡΙΩΝ
1195 119 1234 167 Ζ

167 243 462 301 ’ἀπέστελλε-
485 244 585 299 ’ἐπί
615 267 671 299 τε
706 245 967 316 Ἐρέτριαν
1004 247 1083 300 καὶ
1119 246 1351 314 Ἀθήνας,
1386 250 1545 318 Δᾷτίν
1581 271 1651 309 τε,
1692 241 1835 305 ἐόντα

165 333 352 396 ,Μῆδον
398 329 559 398 γένος,
611 331 690 383 καὶ
734 331 1076 400 Ἀρταφρένεα
1122 332 1209 385 τὸν
1254 333 1618 402 Ἀρταφρένεος
1665 340 1831 395 παῖδα,

172 413 475 483 ἀδελφιδέον
501 418 699 468 ἑωυτοῦ·
745 417 1088 483 ἐντειλάμενος
1118 420 1171 470 δὲ
1202 417 1461 484 ἀπέπεμπε
1485 417 1832 486 ἐξανδραποδί-

173 520 362 554 σαντας
392 499 612 567 -Ἀθήνας
653 501 732 553 καὶ
767 500 1027 570 Ἐρέτριαν
1067 501 1270 570 ἀνάγειν
1310 506 1472 573 ἑωυτῷ
1519 506 1570 558 ἐς
1613 506 1737 572 ὄψιν
1775 506 1836 556 τὰ

116 609 148 652 Υς,
172 583 470 652 ἀνδράποδα.
564 585 734 640 ὡςδὲ
779 588 826 639 οἱ
873 587 1142 654 στρατηγοὶ
1193 587 1327 638 οῦτοι
1378 590 1425 639 οἱ
1476 588 1836 657 ἀποδεχθέντες

162 669 495 738 πορευόμενοι
539 671 672 738 παρὰ
715 670 964 737 βασιλέος
1008 671 1243 724 ἀπίκοντο
1289 674 1376 736 τῆς
1419 674 1647 737 Κιλικίης
1691 674 1743 727 ἐς
1781 672 1838 725 τὸ

172 753 380 821 Ἀλήιον
409 756 596 814 πεδίον,
630 754 731 822 ἅμα
762 756 997 823 ἀγόμενοι
1027 755 1176 820 πεζὸν
1209 755 1425 823 στρατὸν
1448 757 1643 808 πολλόν
1672 778 1727 809 τε
1757 758 1836 809 καὶ

173 837 227 891 εὖ
257 837 645 905 ἐσκευασμένον,
679 841 891 893 ἐνθαῦτα
926 838 1487 907 στρατοπεδευομένοισι
1523 830 1711 905 ἐπῆλθε
1744 844 1837 906 μὲν

173 923 200 975 ὀ
229 922 457 978 ναυτικὸς
480 927 575 978 πᾶς
600 923 811 992 στρατὸς
835 925 861 974 ὁ
885 924 1170 994 ἐπιταχθεὶς
1201 924 1477 984 ἑκάστοισι,
1502 924 1835 993 παρεγένοντο

83 1028 150 1058 ¹10
173 1009 227 1060 δὲ
252 1008 332 1060 καὶ
362 1009 413 1061 αἱ
444 1008 726 1076 ἱππαγωγοὶ
757 1007 880 1068 νέες,
907 1010 994 1063 τὰς
1015 1014 1084 1080 τῷ
1108 1007 1327 1078 προτέρῳ
1352 1010 1452 1061 ἔτεϊ
1475 1013 1680 1076 προεῖπε
1701 1015 1836 1062 τοῖσι

173 1094 356 1144 ἑωυτοῦ
386 1093 760 1161 δασμοφόροισι
793 1097 1005 1160 Δαρεῖος
1035 1092 1324 1158 ἑτοιμάζειν.
1412 1094 1753 1159 ἐσβαλόμενοι
1784 1097 1836 1146 δὲ

173 1175 288 1238 τοὺς
312 1177 497 1237 ,ἵππους
529 1179 580 1232 ἐς
609 1177 789 1231 ταύτας
806 1176 899 1228 ’καὶ
920 1180 1016 1233 ,τὸν
1046 1176 1195 1241 πεζὸν
1221 1176 1436 1244 στρατὸν
1460 1176 1837 1242 ἐσβιβάσαντες

163 1256 244 1327 ,[ἐς
282 1261 371 1315 τὰς
411 1258 544 1329 νέας]
586 1261 771 1314 ἔπλεον
812 1258 1110 1334 ἑξακοσίῃσι
1150 1259 1374 1329 τριήρεσι
1415 1263 1466 1316 ἐς
1500 1260 1591 1325 τὴν
1628 1261 1837 1326 Ἰωνίην.

81 1398 89 1404 ,
173 1346 400 1398 ἐνθεῦτεν
431 1348 485 1398 δὲ
514 1345 572 1397 οὐ
601 1347 735 1414 παρὰ
764 1344 854 1411 τὴν
884 1345 1089 1412 ἤπειρον
1121 1346 1261 1415 εἶχον
1290 1347 1378 1400 τὰς
1414 1345 1528 1400 νέας
1565 1346 1642 1398 ἰθὺ
1671 1350 1757 1398 τοῦ
1786 1367 1840 1398 τε

100 1428 559 1495 ι5.“Ελλησπόντου
596 1431 675 1483 καὶ
711 1433 800 1496 τῆς
837 1430 1076 1498 Θρηίκης,
1115 1429 1232 1496 ἀλλ’
1270 1432 1323 1482 ἐκ
1361 1429 1530 1496 Σάμου
1566 1431 1839 1497 ὁρμώμενοι

173 1513 306 1581 παρά
334 1535 388 1567 τε
404 1512 604 1582 Ἴκαρον
637 1515 715 1567 καὶ
746 1515 826 1567 διὰ
855 1513 1024 1579 νήσων
1053 1514 1139 1567 τὸν
1162 1515 1321 1567 πλόον
1352 1516 1620 1574 ἐποιεῦντο,
1654 1514 1719 1569 ὣς
1746 1518 1839 1580 μὲν

175 1598 284 1664 ἐμοὶ
324 1597 531 1658 δοκέειν,
572 1600 829 1654 δείσαντες
866 1598 1091 1665 μάλιστα
1131 1603 1216 1651 τὸν
1256 1600 1529 1667 περίπλοον
1566 1603 1652 1650 τοῦ
1679 1598 1835 1658 Ἀθω,

168 1683 251 1735 ὅτι
279 1687 347 1753 τῷ
379 1681 599 1754 προτέρῳ
632 1683 732 1736 ἔτεϊ
762 1683 1043 1749 ποιεύμενοι
1073 1683 1224 1755 ταύτῃ
1254 1682 1344 1747 τὴν
1375 1682 1578 1748 κομιδὴν
1607 1682 1839 1751 μεγάλως

173 1766 570 1834 προσέπταισαν·
602 1767 724 1835 πρὸς
743 1770 796 1820 δὲ
818 1768 944 1833 καὶὴ
967 1766 1134 1832 Νάξος
1154 1766 1317 1835 σφέας
1335 1766 1581 1835 ἠνάγκαζε
1599 1767 1837 1834 πρότερον

87 1871 152 1901 »20
173 1850 260 1904 οὐκ
296 1853 504 1904 ἁλοῦσα.
593 1851 702 1905 ἐπεὶ
737 1854 790 1904 δὲ
827 1854 881 1904 ἐκ
911 1856 998 1904 τοῦ
1027 1850 1238 1919 Ἰκαρίου
1272 1851 1517 1919 πελάγεος
1547 1852 1831 1919 προσφερό-

167 1956 314 2002 μενοι
356 1933 693 2004 προσέμειξαν
735 1943 796 2010 τῇ
839 1935 991 2006 Νάξῳ
1035 1934 1137 2001 (ἐπὶ
1179 1935 1361 2001 ταύτην
1403 1937 1499 2003 γὰρ
1538 1935 1597 2000 δὴ
1638 1936 1834 2002 πρώτην

173 2021 379 2089 ἐπεῖχον
410 2021 772 2088 στρατεύεσθαι
801 2022 847 2073 οἱ
878 2017 1108 2087 Πέρσαι),
1139 2018 1439 2086 μεμνημένοι
1468 2024 1567 2072 τῶν
1597 2020 1835 2086 πρότερον

172 2106 221 2157 οἱ
252 2103 434 2171 Νάξιοι
464 2104 587 2173 πρὸς
617 2107 677 2157 τὰ
713 2107 830 2172 ὄρεα
864 2106 1064 2173 οἴχοντο
1095 2104 1367 2172 φεύγοντες
1402 2103 1514 2156 οὐδὲ
1549 2103 1833 2169 ὑπέμειναν.

174 2191 222 2249 οἱ
273 2192 327 2242 δὲ
376 2188 572 2257 Πέρσαι
626 2188 1111 2258 ἀνδραποδισάμενοι
1161 2188 1273 2242 τοὺς
1326 2187 1607 2254 κατέλαβον
1659 2188 1836 2247 αὐτῶν,

92 2293 148 2335 {25
176 2272 458 2342 ἐνέπρησαν
489 2274 569 2326 καὶ
597 2276 659 2326 τᾶ
692 2275 772 2341 ἱρὰ
803 2274 881 2326 καὶ
911 2273 1001 2338 τὴν
1031 2274 1197 2326 πόλιν.
1276 2277 1428 2325 ταῦτα
1457 2275 1510 2324 δὲ
1539 2270 1838 2337 ποιήσαντες

173 2359 256 2411 ἐπὶ
303 2361 391 2412 τὰς
435 2357 597 2413 ἄλλας
644 2357 828 2423 νήσους
875 2356 1137 2425 ἀνάγοντο.
1225 2359 1280 2410 ἐν
1325 2355 1362 2428 ᾧ
1407 2359 1460 2409 δὲ
1508 2357 1641 2409 οὗτοι
1689 2361 1839 2408 ταῦτα

174 2444 388 2503 ἐποίευν,
421 2445 468 2496 οἱ
499 2441 682 2509 Δήλιοι
719 2443 1118 2504 ἐκλιπόντεςκαὶ
1148 2441 1284 2495 αὐτοὶ
1316 2441 1405 2507 τὴν
1437 2443 1612 2506 Δῆλον
1641 2442 1839 2509 οἴχοντο

231 2593 250 2620 1
297 2581 500 2624 ἀπέστελε
540 2582 602 2622 C:
645 2581 865 2623 ἀπέστειλε
899 2581 939 2621 Α
959 2581 1045 2621 ΒΡ
1242 2579 1466 2633 Ἐρέτρειαν
1505 2578 1650 2618 ABC
1691 2579 1754 2629 (it.
1791 2579 1839 2629 4)

174 2649 200 2676 2
229 2638 377 2687 Μήδων
398 2637 428 2677 S
441 2637 479 2677 V
655 2650 681 2688 3
711 2638 911 2690 ἀδελφεὸν
931 2637 964 2675 C
979 2637 1010 2675 S
1185 2648 1210 2685 4
1241 2636 1354 2688 ἄγειν
1375 2634 1408 2673 C
1425 2634 1479 2674 P:
1512 2635 1682 2687 ἀγαγεῖν
1703 2633 1741 2671 R
1757 2633 1787 2673 S
1800 2634 1840 2673 V

173 2691 285 2742 5δὲ
318 2693 380 2734 καὶ
417 2692 527 2733 ofR
640 2694 675 2733 οἱ
707 2690 972 2740 om.RSV
1137 2702 1160 2739 7
1202 2707 1248 2730 τε
1282 2688 1542 2729 om.ABC
1705 2688 1840 2738 8μὲν

175 2747 318 2786 om.C
415 2762 418 2766 ’
501 2745 951 2797 9alt.‹5om.RSV
1140 2757 1188 2784 10
1218 2743 1522 2785 atomRSV
1630 2742 1675 2783 ἃς
1703 2742 1839 2781 ABC

180 2813 228 2851 13
249 2804 289 2843 ἐς
309 2802 380 2843 τὰς
401 2799 491 2844 νέας
512 2814 594 2842 om.
619 2801 658 2840 R
674 2801 756 2841 SV
869 2797 916 2849 1¹4
940 2798 1120 2841 ἐνθέντες
1141 2798 1180 2837 Α
1196 2799 1230 2837 Β
1348 2801 1397 2838 16
1419 2798 1577 2852 Ἴκαρον
1594 2796 1838 2838 Gebhardt:

174 2853 343 2910 Ἰκάριον
380 2855 414 2895 L
581 2868 628 2906 17
672 2856 855 2906 μάλιστα
887 2868 972 2897 om.
1014 2851 1060 2893 Pt
1084 2854 1121 2893 R
1146 2854 1176 2892 S
1198 2853 1234 2892 V
1404 2854 1451 2892 18
1490 2853 1612 2906 τρίτῳ
1646 2851 1840 2906 πρότερον

177 2909 347 2950 Dobree
483 2911 636 2959 ταύτην
677 2910 715 2948 R
937 2922 986 2948 21
1034 2909 1273 2961 προσέμιξαν
1314 2908 1347 2946 L
1487 2911 1645 2962 πρῶτον
1689 2906 1727 2946 R
1751 2907 1781 2947 S
1802 2907 1840 2947 V

177 2977 230 3004 22
258 2965 458 3020 προτέρων
480 2965 520 3006 R
535 2966 616 3007 SV
781 2966 835 3005 26
866 2965 950 3018 ἐπὶ]
975 2967 1014 3006 ἐς
1037 2963 1071 3002 C

1878 118 1961 169 VI.
1990 132 2062 182 94

1874 600 1945 652 9⁵

1875 2368 1944 2418 97
