2034 3328
718 55 1100 144 12T0pmN
1162 96 1203 144 E
1838 90 1895 137 V.
1915 90 1986 139 26

127 227 331 294 Λῆμνόν
360 248 414 279 τε
452 227 530 279 καὶ
552 225 780 294 Ἴμβρον,
813 226 1097 295 ἀμφοτέρας
1134 227 1206 279 ἔτι
1236 226 1347 278 τότε
1385 228 1478 278 ὑπὸ
1510 229 1797 293 Πελασγῶν

128 311 428 378 οἰκεομένας.
517 314 564 364 οἱ
610 314 702 378 μὲν
749 311 807 376 δὴ
857 310 1068 378 Λήμνιοι
1121 313 1199 363 καὶ
1251 309 1570 378 ἐμαχέσαντο
1619 310 1670 361 εὖ
1720 311 1797 361 καὶ
1835 320 1897 370 27

127 397 425 464 ἀμυνόμενοι
456 398 550 449 ἀνὰ
584 397 768 464 χρόνον
799 397 1139 461 ἐκακώθησαν,
1171 401 1304 448 τοῖσι
1341 397 1393 447 δὲ
1424 398 1676 461 περιεοῦσι
1712 394 1795 445 αὐ-

125 487 226 535 τῶν
248 483 294 534 οἱ
319 480 518 549 Πέρσαι
545 481 773 550 ὕπαρχον
801 483 1039 534 ἐπιστᾶσι
1065 480 1350 546 Λυκάρητον
1381 479 1467 531 τὸν
1492 480 1800 546 Μαιανδρίου

79 589 102 632 5
125 571 214 619 τοῦ
251 566 659 633 βασιλεύσαντος
699 564 866 632 Σάμου
906 566 1174 630 ἀδελφεόν.
1262 565 1404 618 οὗτος
1449 566 1475 615 ὁ
1517 564 1800 631 Λυκάρητος
1836 580 1862 611 2

125 651 295 720 ἄρχων
325 653 380 703 ἐν
410 649 592 720 Λήμνῳ
622 657 846 721 τελευτᾷ.
880 689 890 702 .
925 690 936 702 .
972 689 983 702 .
1017 651 1145 714 αἰτίη
1175 652 1228 701 δὲ
1257 649 1433 701 τούτου
1462 648 1565 713 ἥδε·
1612 647 1800 703 πάντας

124 736 507 804 ἠνδραποδίζετο
537 736 617 787 καὶ
650 734 1034 802 κατεστρέφετο,
1066 733 1301 807 τοὺς-μὲν
1330 734 1689 799 λιποστρατίης
1720 734 1799 785 ἐπὶ
1827 723 2034 782 humb-⁸

127 821 320 874 Σκύθας
355 820 659 886 αἰτιώμενος,
697 819 898 884 τοὺς-δὲ
939 820 1172 871 σίνεσθαι
1205 817 1294 870 τὸν
1333 819 1546 886 Δαρείου
1585 817 1799 885 στρατὸν
1819 813 2034 871 ι’νεῗἼβΡΡᾸ

127 905 227 958 ἀπὸ
258 903 486 957 Σκυθέων
516 905 678 957 ὀπίσω
710 904 1152 969 ἀποκομιζόμενον.

55 1012 105 1040 10
209 989 372 1043 Οὗτος
401 988 492 1055 μέν
515 1010 603 1042 νυν
625 993 842 1041 τοσαῦτα
871 986 1177 1056 ἐξεργάσατο
1203 985 1569 1055 στρατηγήσας,
1594 988 1716 1054 μετὰ
1748 990 1800 1039 δὲ
1837 986 1902 1032 28

127 1074 184 1126 οὗ
212 1078 407 1127 πολλὸν
436 1074 620 1142 χρόνον
650 1073 822 1127 ἄνεσις
859 1077 1021 1125 κακῶν
1051 1071 1127 1137 ἧν,
1163 1075 1243 1125 καὶ
1272 1072 1454 1140 ἤρχετο
1485 1072 1541 1124 τὸ
1572 1072 1801 1139 δεύτερον

127 1161 182 1211 ἐκ
213 1157 385 1223 Νάξου
413 1179 467 1210 τε
499 1157 577 1209 καὶ
609 1156 838 1222 Μιλήτου
861 1155 1007 1209 Ἴωσι
1036 1158 1268 1225 γίνεσθαι
1306 1155 1445 1209 κακά.
1532 1161 1674 1209 τοῦτο
1709 1160 1801 1222 μὲν

126 1243 273 1312 γὰρὴ
298 1241 468 1308 Νάξος
498 1242 779 1314 εὐδαιμονίῃ
810 1246 907 1295 τῶν
937 1240 1108 1306 νήσων
1133 1241 1394 1309 προέφερε,
1420 1246 1564 1292 τοῦτο
1595 1244 1648 1292 δὲ
1679 1243 1801 1293 κατὰ

126 1327 215 1380 τὸν
249 1327 398 1380 αὐτὸν
436 1327 621 1395 χρόνον
659 1327 689 1392 ἡ
733 1327 961 1391 Μίλητος
1002 1325 1123 1390 αὐτή
1160 1349 1214 1378 τε
1255 1329 1440 1390 ἑωυτῆς
1477 1324 1700 1391 μάλιστα
1740 1325 1799 1390 δὴ

25 1416 102 1474 ‘15
126 1413 239 1465 τότε
269 1409 543 1478 ἀκμάσασα
579 1412 658 1464 καὶ
694 1411 753 1476 δὴ
786 1411 865 1463 καὶ
895 1414 983 1475 τῆς
1012 1410 1202 1475 Ἰωνίης
1239 1409 1300 1474 ἦν
1332 1412 1619 1485 πρό-σχημα,
1654 1405 1987 1486 narb-5803,

127 1498 279 1564 περθε
322 1499 375 1549 δὲ
414 1496 601 1548 τούτων
641 1497 721 1548 ἐπὶ
761 1497 846 1547 δύο
886 1497 1063 1562 γενεὰς
1104 1496 1296 1562 ἀνδρῶν
1338 1493 1609 1559 νοσήσασα
1648 1497 1698 1548 ἐς
1737 1497 1799 1545 τὰ

125 1580 350 1647 μάλιστα
394 1579 564 1640 στάσι,
607 1580 756 1649 μέχρι
795 1580 851 1631 οὗ
888 1602 973 1645 μιν
1014 1579 1196 1646 Πάριοι
1239 1578 1553 1647 κατήρτισαν·
1599 1579 1800 1632 τούτους

126 1668 222 1733 γᾶρ
247 1668 636 1732 καταρτιστῆρας
660 1667 713 1717 ἐκ
735 1663 935 1717 πάντων
953 1663 1217 1730 Ἑλλήνων
1242 1665 1438 1716 εἵλοντο
1462 1666 1508 1716 οἱ
1534 1662 1797 1728 Μιλήσιοι.

129 1747 447 1815 κατήλλαξαν
484 1748 538 1801 δέ
582 1755 746 1817 σφεας
785 1750 880 1801 ὧδε
920 1751 967 1801 οἳ
1008 1747 1207 1816 Πάριοι·
1255 1748 1320 1802 ὡς
1363 1750 1597 1800 ἀπίκοντο
1642 1748 1799 1800 αὐτῶν
1835 1756 1906 1804 29

55 1854 106 1883 20
127 1832 302 1902 ἄνδρες
347 1836 393 1887 οἱ
440 1833 636 1901 ἄριστοι
683 1835 734 1887 ἐς
777 1833 868 1898 τὴν
914 1834 1163 1898 Μίλητον,
1191 1834 1351 1899 >ὥρων
1395 1835 1488 1900 γὰρ
1533 1832 1592 1898 δή
1637 1839 1800 1899 σφεας

127 1921 302 1972 δεινῶς
324 1917 791 1986 οἰκοφθορημένους,
818 1917 1018 1985 ἔφασαν
1040 1917 1200 1969 αὐτῶν
1223 1917 1505 1982 βούλεσθαι
1528 1914 1800 1980 διεξελθεῖν

126 2002 218 2068 τὴν
251 2003 436 2072 χώρην.
525 2006 776 2056 ποιεῦντες
811 2004 864 2055 δὲ
898 2006 1054 2054 ταῦτα
1089 2001 1169 2053 καὶ
1205 2000 1471 2066 διεξιόντες
1505 2005 1676 2054 πᾶσαν
1710 2001 1812 2065 τὴν,
1875 2052 1951 2083 αἱ*
1997 2057 2034 2082 u

128 2088 409 2153 Μιλησίην,
442 2087 568 2141 ὅκως
602 2089 713 2139 τινὰ
748 2089 901 2139 ἴδοιεν
931 2083 1031 2154 <ἐνξ
1061 2087 1356 2158 ἀνεστῃκυίῃ
1387 2087 1446 2158 τῇ
1478 2086 1615 2158 χώρῃ
1648 2055 2034 2153 ἀγρὸνῖρκοέα

128 2171 182 2224 εὖ
210 2170 595 2240 ἐξεργασμένον,
627 2169 979 2238 ἀπεγράφοντο
1009 2170 1066 2222 τὸ
1095 2170 1282 2236 οὔνομα
1311 2174 1395 2221 τοῦ
1429 2171 1683 2223 δεσπότεω
1715 2174 1801 2222 τοῦ
1846 2152 2034 2182 meo-.-

55 2273 104 2316 25
129 2256 299 2324 ἀγροῦ.
386 2252 768 2320 διεξελάσαντες
807 2257 861 2308 δὲ
900 2258 1073 2307 πᾶσαν
1108 2254 1199 2319 τὴν
1233 2254 1403 2323 χώρην
1441 2255 1519 2307 καὶ
1560 2256 1800 2308 σπανίους
1837 2273 1861 2303 2

128 2341 354 2408 εὑρόντες
382 2339 601 2399 τούτους,
636 2340 701 2394 ὡς
731 2339 949 2408 τάχιστα
984 2338 1275 2407 κατέβησαν
1305 2340 1356 2393 ἐς
1386 2338 1443 2391 τὸ
1477 2338 1620 2398 ἄστυ,
1653 2340 1799 2414 ἀλέην
1822 2344 2034 2390 amo-nb*

114 2424 457 2491 ’ποιησάμενοι
502 2422 746 2489 ἀπέδεξαν
788 2424 989 2478 τούτους
1031 2425 1124 2488 μὲν
1166 2423 1257 2488 τὴν
1301 2424 1452 2476 πόλιν
1495 2422 1663 2489 νέμειν
1701 2428 1800 2475 τῶν

182 2575 209 2603 2
224 2562 283 2605 -εῧ
301 2576 384 2604 om.
407 2562 488 2603 SV
503 2561 542 2601 U
779 2574 805 2611 3
835 2559 989 2603 αὐτέων
1010 2560 1040 2600 S
1055 2561 1093 2600 V
1109 2561 1147 2600 U
1173 2561 1236 2605 (it.
1259 2561 1331 2614 21)
1553 2561 1581 2599 6
1609 2559 1800 2600 lacunam

126 2619 275 2659 statuit
292 2617 559 2658 Valckenaer
724 2628 746 2666 7
779 2619 1052 2669 λιποστρατιῆ
1075 2615 1105 2654 S
1119 2615 1157 2655 V
1171 2616 1210 2655 U
1368 2628 1396 2666 9
1424 2616 1497 2656 τὸν
1517 2615 1595 2656 ἀπὸ
1618 2615 1652 2654 Ρ
1664 2615 1694 2655 S
1707 2615 1747 2655 V
1759 2615 1799 2654 U

131 2685 183 2714 ιο
208 2671 285 2724 μέν
303 2671 394 2725 νυν]
418 2670 463 2714 δὲ
480 2670 571 2711 ΑΒ
585 2670 619 2710 C
767 2682 813 2710 11
845 2671 981 2712 ἄνεσις
1002 2671 1056 2709 de
1077 2670 1116 2709 la
1138 2670 1273 2710 Barre
1293 2684 1303 2710 t
1333 2671 1448 2713 ἅνεος
1470 2670 1503 2708 C
1523 2684 1533 2710 :
1563 2671 1686 2712 ἄνεως
1706 2669 1797 2710 rell.

132 2740 182 2778 13
218 2744 271 2778 ην
304 2727 439 2767 SVU
664 2737 712 2774 14
751 2726 875 2767 αὐτὸν
902 2737 987 2766 om.
1020 2724 1156 2765 SVU
1378 2726 1428 2764 16
1456 2724 1634 2766 τουτέων
1663 2724 1800 2764 SVU

131 2795 180 2833 17
211 2781 356 2824 στάσει
387 2780 571 2822 PSVU
739 2779 1040 2830 κατηρτίσαντο
1071 2779 1207 2819 SVU
1346 2825 1351 2830 ¹
1434 2781 1484 2818 18
1512 2779 1612 2833 γὰρ]
1643 2778 1687 2820 δὲ
1719 2779 1753 2818 C
1769 2779 1803 2818 P

128 2837 291 2880 πάντων
317 2836 466 2879 τῶνΡ
689 2846 738 2886 19
767 2837 804 2876 οἱ
832 2847 915 2875 om.
945 2833 1134 2874 ABCP
1355 2847 1410 2874 20
1439 2836 1585 2875 otom.
1615 2834 1800 2874 PSVU

130 2892 180 2942 δή
199 2905 283 2933 om.
306 2891 389 2933 SV
402 2891 442 2932 U
635 2902 685 2929 21
718 2890 842 2932 αὐτὸν
862 2889 896 2928 C
1096 2901 1150 2929 22
1179 2887 1455 2942 διεξελθόντες
1476 2888 1559 2928 SV
1573 2888 1613 2928 U
1725 2890 1801 2938 τὴν

132 2953 186 2988 Μ.
208 2950 345 2989 πᾶσαν
364 2946 499 2987 SVU
726 2955 779 2993 23
810 2946 854 2986 ἐν
872 2942 969 2984 add.
990 2943 1155 2985 Reiske
1375 2955 1430 2993 24
1460 2942 1745 2998 ἀπεγραφέατο
1766 2942 1800 2982 L

131 3003 307 3054 τοῦνομα
328 3002 362 3042 Ρ
374 3001 405 3043 S
417 3001 457 3042 V
469 3000 509 3041 U
622 3011 686 3051 pr.
709 3002 783 3041 τοῦ
801 3011 885 3040 om.
909 2998 940 3040 S
951 2999 991 3040 V
1004 2998 1044 3039 U
