2132 3340
70 64 183 112 VII,
200 66 301 113 226

206 293 301 342 227

202 536 300 584 228

271 1096 295 1127 2

0 1362 231 1448 ἔπιθ’

266 1480 292 1524 3

261 1940 291 1985 4

183 2277 288 2328 229

970 60 1400 111 ΗΡΟΔΟΤΟΎ

342 193 419 244 καὶ
461 191 595 244 ἄλλα
629 194 982 261 τοιουτότροπα
1018 193 1139 247 ἔπεά
1176 200 1306 261 φασι
1354 192 1598 260 Διηνέκεα
1637 194 1724 247 τὸν
1766 197 2004 248 Λακεδαι-

337 278 510 342 μόνιον
552 276 791 329 λιπέσθαι
834 279 1143 349 μνημόσυνα.
1231 281 1354 343 μετὰ
1399 281 1453 330 δὲ
1495 283 1670 330 τοῦτον
1714 281 2004 346 ἀριστεῦσαι

338 361 575 428 λέγονται
597 364 974 427 Λακεδαιμόνιοι
999 363 1086 414 δύο
1105 363 1362 430 ἀδελφεοί,
1385 362 1607 429 Ἀλφεός
1629 384 1684 414 τε
1709 363 1787 414 καὶ
1814 362 2003 430 Μάρων

339 444 684 514 Ὀρσιφάντου
719 450 906 501 παῖδες.
997 446 1268 500 Θεσπιέων
1305 449 1359 499 δὲ
1396 448 1647 512 εὐδοκίμεε
1682 444 1904 512 μάλιστα
1934 453 2002 518 τῷ

338 530 524 595 οὔνομα
554 529 614 594 ἦν
640 531 964 598 Διθύραμβος
986 529 1308 599 Ἁρματίδεω.
1384 534 1627 598 θαφθεῖσι
1649 531 1702 583 δέ
1733 537 1831 598 σφι
1854 532 2003 584 αὐτοῦ
2025 552 2048 593 5

336 614 489 686 ταύτῃ
535 621 596 687 τῇ
639 637 731 682 περ
776 615 963 667 ἔπεσον
1008 616 1088 667 καὶ
1131 621 1264 667 τοῖσι
1308 615 1548 682 πρότερον
1591 613 1927 680 τελευτήσασι
1969 611 2000 680 ἢ

337 695 492 765 (τοὺς)
516 698 613 751 ὑπὸ
642 701 903 751 Λεωνίδεω
928 698 1347 768 ἀποπεμφθέντας
1370 701 1617 768 οἴχεσθαι,
1644 697 2001 768 ἐπιγέγραπται

336 782 600 849 γράμματα
628 782 847 850 λέγοντα
875 782 1010 835 τάδε·

418 887 652 955 μυριάσιν
683 891 803 940 ποτὲ
833 893 950 961 τῇδε
978 890 1284 956 τριηκοσίαις
1316 888 1564 958 ἐμάχοντο

502 975 557 1024 ἐκ
587 972 984 1025 Πελοποννάσου
1015 972 1241 1042 χιλιάδες
1271 973 1480 1040 τέτορες.
2027 990 2076 1020 ῐο

335 1082 487 1129 ταῦτα
515 1080 607 1143 μὲν
631 1077 688 1143 δὴ
713 1082 848 1131 τοῖσι
873 1081 999 1132 πᾶσι
1022 1078 1396 1147 ἐπιγέγραπται,
1422 1084 1556 1131 τοῖσι
1579 1080 1632 1131 δὲ
1657 1076 1997 1151 Σπαρτιήτῃσι

335 1162 450 1232 ι’δίῃ·

415 1264 453 1318 ὦ
485 1266 622 1333 ξεῖν’,
656 1267 930 1335 ἀγγέλλειν
962 1269 1368 1334 Λακεδαιμονίοις
1399 1270 1474 1326 ὅτι
1504 1272 1620 1342 τῇδε

499 1353 700 1418 κείμεθα
729 1358 833 1406 τοῖς
863 1354 1036 1405 κείνων
1065 1351 1256 1421 ῥήμασι
1284 1355 1583 1419 πειθόμενοι.

332 1457 779 1523 Λακεδαιμονίοισι
807 1459 900 1523 μὲν
931 1456 989 1522 δὴ
1020 1462 1181 1516 τοῦτο,
1214 1463 1281 1528 τῷ
1314 1459 1367 1510 δὲ
1395 1456 1544 1524 μάντι
1572 1458 1701 1510 τόδε·
2021 1466 2072 1512 ¹⁵

411 1563 581 1627 μνῆμα
610 1562 725 1614 τόδε
757 1557 973 1614 κλεινοῖο
1005 1563 1278 1629 Μεγιστία,
1311 1563 1369 1614 ὅν
1399 1583 1519 1614 ποτε
1550 1565 1718 1627 Μῆδοι

497 1645 772 1714 Σπερχειὸν
803 1651 1024 1712 ποταμὸν
1056 1651 1253 1699 κτεῖναν
1283 1645 1629 1714 ἀμειψάμενοι,

411 1729 630 1796 μάντιος,
664 1730 718 1785 ὃς
748 1731 861 1783 τότε
893 1734 1060 1798 Κῆρας
1092 1729 1431 1799 ἐπερχομένας
1461 1729 1607 1799 σάφα
1636 1730 1777 1784 εἰδὼς

495 1814 585 1866 οὐκ
615 1814 733 1882 ἔτλη
767 1814 995 1882 Σπάρτης
1023 1814 1272 1883 ἡγεμόνας
1301 1819 1580 1884 προλιπεῖν.

327 1919 668 1989 ἐπιγράμμασι
701 1918 794 1986 μέν
835 1941 923 1973 νυν
970 1920 1049 1972 καὶ
1089 1919 1328 1993 στήλῃσι,
1368 1918 1462 1985 ἔξω
1503 1915 1534 1993 ἢ
1570 1918 1627 1971 τὸ
1661 1923 1749 1971 τοῦ
1786 1917 1992 1985 μάντιος
2016 1947 2068 1976 20

327 2006 629 2073 ἐπίγραμμα,
656 2003 1019 2073 Ἀμφικτύονές
1052 2005 1159 2057 εἶσί
1177 2010 1342 2073 σφεας
1366 2006 1413 2057 οἱ
1437 2002 1887 2070 ἐπικοσμήσαντες·
1933 2002 1990 2055 τὸ

326 2091 378 2141 δὲ
419 2094 507 2142 τοῦ
539 2088 747 2156 μάντιος
794 2088 1083 2157 Μεγιστίεω
1130 2089 1404 2156 Σιμωνίδης
1449 2089 1475 2139 ὁ
1518 2086 1843 2155 Λεωπρέπεός
1878 2090 1990 2140 ἐστι

327 2174 451 2224 κατὰ
481 2171 666 2239 ξεινίην
697 2174 723 2224 ὁ
754 2171 1054 2242 ἐπιγράψας.

411 2258 518 2309 Δύο
550 2259 603 2310 δὲ
632 2257 820 2310 τούτων
856 2263 955 2312 τῶν
988 2258 1289 2325 τριηκοσίων
1325 2256 1530 2324 λέγεται
1569 2256 1788 2324 Εὔρυτόν
1818 2277 1872 2309 τε
1908 2255 1988 2308 καὶ

324 2339 703 2409 Ἀριστόδημον,
731 2340 916 2409 παρεὸν
940 2340 1138 2393 αὐτοῖσι
1160 2339 1492 2409 ἀμφοτέροισι
1521 2345 1667 2410 κοινῷ
1697 2340 1833 2409 λόγῳ
1862 2360 1984 2408 χρη-
2012 2363 2059 2405 25

325 2424 593 2492 σαμένοισι
621 2421 652 2490 ἢ
689 2427 1014 2490 ἀποσωθῆναι
1050 2425 1171 2491 ὁμοῦ
1206 2426 1258 2479 ἐς
1287 2423 1536 2492 Σπάρτην,
1571 2424 1636 2479 ὣς
1669 2423 1986 2490 μεμετιμένοι

323 2530 378 2564 τε
408 2508 540 2576 ἦσαν
571 2511 625 2562 ἐκ
655 2513 743 2563 τοῦ
772 2508 1110 2578 στρατοπέδου
1130 2507 1228 2562 ὑπὸ
1249 2509 1505 2562 Λεωνίδεω
1537 2507 1616 2560 καὶ
1647 2505 1910 2560 κατεκέατο
1932 2508 1987 2559 ἐν

382 2661 402 2689 1
434 2648 631 2698 Διηνέκεά
659 2657 760 2702 φασι
791 2647 830 2686 R
847 2647 928 2688 SV
1091 2659 1117 2698 3
1150 2644 1324 2699 Ἀλφεδς
1352 2645 1395 2688 δὲ
1426 2646 1487 2686 C:
1521 2644 1739 2699 Ἀδελφεός
1766 2662 1814 2687 τε
1843 2645 1879 2685 Β
1896 2644 1986 2685 RV

323 2714 350 2753 5
389 2707 554 2756 ταφεῖσι
585 2703 650 2744 R:
694 2706 880 2744 θαπτεῖσι
911 2702 993 2742 SV
1158 2703 1185 2740 6
1220 2703 1246 2750 ἢ
1275 2714 1355 2741 οηι.
1394 2700 1433 2739 R
1451 2700 1536 2740 SV
1700 2712 1723 2750 7
1765 2700 1858 2742 τοὺς
1886 2700 1980 2740 add.

325 2757 530 2799 Schaeser
650 2771 679 2810 9
704 2761 805 2812 τᾷδε
823 2757 1070 2812 τριακοσίαις
1093 2755 1396 2795 Schneidewin
1511 2767 1562 2794 10
1591 2755 1902 2803 Πελοποννήσου
1921 2754 1986 2803 (ἒς

322 2813 521 2862 -πονήσου
542 2811 635 2852 RV
778 2824 822 2851 11
855 2813 905 2862 δὴ
927 2825 1011 2853 om.
1035 2812 1074 2852 R
1090 2810 1173 2850 SV
1322 2823 1371 2849 12
1401 2809 1480 2851 ἷδία
1501 2809 1541 2847 R
1556 2808 1638 2848 SV
1805 2821 1853 2858 13
1882 2811 1983 2861 ξεῖνε

323 2866 412 2906 ΑΒ
428 2867 513 2906 CV
668 2878 716 2916 15
745 2865 820 2918 μὲν
839 2867 907 2918 δὴ]
932 2865 976 2908 δὲ
999 2865 1033 2905 C
1186 2867 1235 2904 16
1264 2868 1442 2906 κλειτοῖο
1463 2863 1503 2902 R
1519 2864 1549 2903 S
1563 2863 1601 2903 V
1737 2875 1786 2902 21
1818 2862 1888 2914 τὸ]
1909 2865 1983 2903 τοῦ

326 2919 418 2960 RV
598 2934 651 2960 22
680 2920 941 2974 Νεωπρέπεός
963 2921 1022 2960 C:
1051 2918 1305 2974 Λεωτρέπεος
1329 2918 1367 2956 R
1384 2918 1464 2959 SV
1646 2929 1699 2966 24
1730 2916 1869 2970 ἔρυτόν
1891 2916 1930 2956 R
1944 2915 1982 2957 V

325 2987 376 3026 27
405 2974 644 3029 γεΑΒΟε
674 2988 754 3016 om.
782 2975 817 3016 E
