2132 3340
732 77 1107 126 ΙΣΤΟΡΙΩΝ
1169 76 1219 123 Η
1845 74 2113 144 V11.1674

140 210 183 261 εἰ
227 209 323 275 γὰρ
365 204 424 270 δὴ
470 204 790 273 ἐπιφοιτήσει
834 227 889 273 γε
937 204 1204 274 συνεχέως,
1246 206 1402 273 φαίην
1446 204 1507 256 ἂν
1545 204 1622 256 καὶ
1659 202 1804 257 αὐτὸς

139 296 274 344 θεῖον
305 290 445 343 εἶναι.
521 291 563 341 εἶ
595 288 650 341 δέ
679 311 755 341 τοι
793 291 918 341 οὕτω
950 291 1209 355 δεδόκηται
1239 291 1466 356 γίνεσθαι
1499 289 1577 340 καὶ
1608 288 1693 339 οὐκ
1723 286 1804 339 οἷά
1841 305 1868 349 3

138 398 193 429 τε
244 373 363 427 αὐτὸ
415 373 748 441 παρατρέψαι,
795 374 912 425 ἀλλ’
956 374 1046 439 ἤδη
1093 378 1170 426 δεῖ
1210 376 1296 439 ἐμὲ
1345 377 1400 426 ἐν
1444 375 1580 445 κοίτῃ
1634 374 1692 445 τῇ
1741 373 1807 445 σῇ

141 451 475 517 κατυπνῶσαι,
511 457 650 525 φέρε,
693 457 891 510 τούτων.
922 457 982 523 ἐξ
1016 460 1133 524 ἐμεῦ
1168 456 1559 523 ἐπιτελευμένων
1597 455 1804 524 φανήτω

92 570 115 610 5
141 544 220 596 καὶ
252 543 376 609 ἐμοί.
461 541 610 610 μέχρι
642 543 695 594 δὲ
725 542 900 594 τούτου
936 543 994 615 τῇ
1030 543 1288 614 παρεούσῃ
1324 543 1497 613 γνώμῃ
1531 538 1801 609 χρήσομαι.

139 631 359 680 τοσαῦτα
417 627 559 680 εἴπας
618 625 947 693 Ἀρτάβανος,
1010 628 1225 691 ἐλπίζων
1286 625 1482 693 Ξέρξην
1543 624 1805 690 ἀποδέξειν
1842 644 1896 694 17

137 711 354 779 λέγοντα
384 709 542 769 οὐδέν,
566 712 730 762 ἐποίεε
760 710 817 761 τὸ
848 712 1190 776 κελευόμενον·
1239 710 1378 764 ἐνδὺς
1401 713 1453 761 δὲ
1487 709 1577 774 τὴν
1604 707 1803 776 Ξέρξεω

141 798 329 860 ἐσθῆτα
361 795 440 846 καὶ
472 795 693 860 ἱζόμενος
718 797 767 848 ἐς
791 799 878 847 τὸν
901 794 1179 860 βασιλήιον
1203 795 1380 861 θρόνον
1406 794 1470 846 ὡς
1499 795 1624 859 μετὰ
1652 798 1804 844 ταῦτα

142 884 307 953 κοῖτον
337 878 577 938 ἐποιέετο,
605 878 729 943 ἦλθέ
760 882 805 931 οἱ
838 879 1199 948 κατυπνωμένῳ
1223 879 1380 931 τώυτὸ
1411 880 1605 945 ὄνειρον
1635 877 1693 929 τὸ
1723 879 1803 929 καὶ

69 988 118 1017 ιο
140 966 272 1031 παρὰ
297 963 492 1030 Ξέρξην
516 964 710 1030 ἐφοίτα,
737 965 991 1030 ὑπερστὰν
1014 967 1065 1015 δὲ
1090 968 1175 1015 τοῦ
1200 962 1515 1030 Ἀρταβάνου
1540 962 1647 1015 εἶπε
1670 961 1803 1014 τάδε·

139 1048 210 1101 Σὺ
239 1047 299 1114 δὴ
325 1053 484 1101 κεῖνος
504 1048 574 1101 εἷς
597 1049 623 1098 ὁ
649 1047 979 1099 ἀποσπεύδων
1005 1046 1202 1115 Ξέρξην
1226 1047 1587 1115 στρατεύεσθαι
1610 1047 1692 1098 ἐπὶ
1715 1046 1805 1110 τὴν
1844 1064 1869 1095 2

137 1131 367 1184 (Ελλάδα
398 1132 464 1186 ὡς
494 1130 552 1196 δὴ
585 1133 852 1196 κηδόμενος
876 1132 1052 1191 αὐτοῦς
1102 1131 1217 1183 ἀλλ’
1248 1131 1360 1182 οὔτε
1393 1133 1443 1184 ἐς
1465 1130 1520 1181 τὸ
1542 1130 1806 1196 μετέπειτα

140 1217 252 1269 οὔτε
283 1218 334 1271 ἐς
363 1216 420 1267 τὸ
443 1217 716 1283 παραυτίκα
746 1220 834 1268 νῦν
867 1214 1214 1282 καταπροΐξεαι
1247 1214 1539 1282 ἀποτρέπων
1568 1214 1625 1266 τὸ
1655 1218 1806 1282 χρεὸν

140 1300 390 1374 γενέσθαι,
405 1299 601 1368 Ξέρξην
621 1303 675 1352 δὲ
693 1303 754 1352 τὰ
774 1303 851 1352 δεῖ
868 1300 1270 1364 ἀνηκουστέοντα
1280 1303 1472 1358 παθεῖν,
1486 1299 1614 1369 αὐτῷ
1635 1300 1804 1368 ἐκείνῳ

70 1409 114 1449 ¹5
139 1383 430 1450 δεδήλωται.
500 1384 653 1435 ταῦτά
676 1406 730 1436 τε
753 1385 812 1449 δὴ
839 1385 1007 1436 ἐδόκεε
1031 1383 1344 1451 Ἀρτάβανος
1367 1383 1424 1434 τὸ
1446 1386 1638 1450 ὄνειρον
1663 1385 1798 1434 ἀπει-
1844 1384 1898 1430 18

137 1468 275 1522 λέειν
310 1469 407 1521 καὶ
431 1473 659 1535 θερμοῖσι
697 1471 969 1536 σιδηρίοισι
1007 1470 1222 1520 ἐκκαίειν
1262 1468 1411 1519 αὐτοῦ
1444 1467 1654 1532 μέλλειν
1690 1468 1804 1520 τοὺς

140 1554 449 1622 ὀφθαλμούς.
521 1554 600 1605 καὶ
630 1552 684 1607 ὃς
716 1553 962 1618 ἀμβώσας
992 1552 1129 1620 μέγα
1152 1549 1459 1622 ἀναθρῴσκει
1491 1553 1569 1603 καὶ
1602 1552 1801 1618 παριζό-

137 1659 285 1703 μενος
327 1636 509 1710 Ξέρξῃ,
542 1637 610 1692 ὡς
644 1636 735 1701 τὴν
775 1639 900 1704 ὄψιν
936 1640 982 1689 οἱ
1018 1642 1103 1688 τοῦ
1141 1639 1371 1689 ἐνυπνίου
1407 1635 1637 1700 διεξῆλθε
1674 1637 1809 1700 ὅπη--

138 1721 391 1789 γεόμενος,
426 1721 628 1790 δεύτερά
660 1724 706 1774 οἱ
734 1720 875 1789 λέγει
906 1720 1038 1774 τάδε·
1085 1721 1221 1788 Ἐγὼ
1252 1720 1359 1785 μέν,
1393 1717 1430 1770 ὦ
1460 1724 1697 1785 βασιλεῦ,
1724 1721 1804 1771 οἵα
1843 1734 1868 1765 2

67 1827 118 1856 20
137 1804 394 1873 ἄνθρωπος
425 1807 541 1858 ἰδὼν
569 1805 660 1871 ἤδη
685 1805 856 1858 πολλά
885 1828 939 1858 τε
964 1806 1043 1857 καὶ
1061 1805 1260 1873 μεγάλα
1289 1806 1511 1857 πεσόντα
1540 1803 1804 1871 πρήγματα

137 1888 233 1942 ὑπὸ
262 1889 517 1955 ἡσσόνων,
552 1889 639 1940 οὐκ
670 1890 764 1941 ἔων
795 1912 856 1942 σε
895 1892 956 1942 τὰ
993 1888 1156 1942 πάντα
1191 1890 1249 1961 τῇ
1288 1890 1456 1959 ἡλικίῃ
1493 1890 1659 1947 εἴκειν,
1694 1890 1800 1939 ἐπι-

118 1972 386 2039 -στάμενος
422 1974 486 2027 ὡς
524 1973 673 2025 κακὸν
710 1975 784 2038 ε’ίη
821 1973 878 2025 τὸ
914 1980 1121 2027 πολλῶν
1162 1973 1457 2038 ἐπιθυμέειν,
1495 1971 1804 2037 μεμνημένος

136 2059 229 2122 μὲν
258 2056 344 2109 τὸν
375 2058 456 2110 ἐπὶ
490 2057 837 2125 Μασσαγέτας
870 2059 1033 2126 Κύρου
1069 2059 1256 2109 στόλον
1289 2058 1353 2111 ὡς
1384 2055 1581 2124 ἔπρηξε,
1613 2078 1798 2121 μεμνη-

137 2140 283 2206 μένος
314 2144 367 2194 δὲ
399 2142 478 2193 καὶ
508 2141 594 2194 τὸν
625 2141 704 2193 ἐπ’
737 2144 979 2197 Αἰθίοπας
1009 2142 1096 2194 τὸν
1128 2141 1433 2207 Καμβύσεω,
1467 2141 1796 2206 συστρατευό-

68 2246 112 2285 25
138 2246 286 2290 μενος
338 2229 391 2277 δὲ
444 2226 523 2277 καὶ
577 2227 773 2296 Δαρείῳ
834 2228 915 2278 ἐπὶ
970 2227 1175 2279 Σκύθας.
1265 2224 1598 2290 ἐπιστάμενος
1649 2214 1802 2276 ταῦτα
1841 2243 1865 2286 3

139 2310 340 2376 γνώμην
370 2309 508 2378 εἶχον
539 2309 859 2375 ἀτρεμίζοντά
884 2332 943 2362 σε
973 2314 1281 2377 μακαριστὸν
1307 2309 1432 2362 εἶναι
1455 2308 1577 2375 πρὸς
1602 2308 1801 2360 πάντων

140 2394 427 2460 ἀνθρώπων.
490 2395 597 2446 ἐπεὶ
622 2397 674 2445 δὲ
695 2396 923 2460 δαιμονίη
949 2416 1023 2448 τις
1047 2396 1240 2462 γίνεται
1261 2392 1401 2462 ὁρμή,
1428 2391 1799 2457 καὶ“Ελληνας,

191 2544 217 2582 3
245 2534 322 2582 ἤδη
342 2535 407 2574 δεῖ
423 2530 492 2582 ἐμὲ
515 2531 741 2571 Sclmeser:
770 2534 846 2581 ἤδη
867 2533 891 2581 ἢ
914 2532 983 2583 ἐμὲ
1004 2532 1042 2570 Α
1060 2532 1093 2569 Β
1108 2532 1141 2570 C
1161 2547 1169 2571 :
1199 2535 1275 2581 ἤδη
1297 2532 1379 2581 ίημι
1403 2531 1437 2570 Ρ
1452 2532 1486 2570 R
1506 2531 1588 2571 SV
1724 2534 1752 2571 6
1781 2535 1802 2572 ὁ

137 2585 385 2640 Ἀρτάβανος
416 2586 551 2625 RSV
584 2588 646 2634 kit.
679 2588 743 2636 15)
951 2589 977 2624 8
1017 2586 1202 2638 ἑζόμενος
1235 2588 1271 2625 R
1291 2587 1373 2625 SV
1583 2600 1631 2625 10
1660 2585 1802 2639 Ξέρξεα

140 2639 442 2691 ΡΚΞΧῙΗῖαἸ
637 2641 733 2682 τάδε
759 2641 919 2680 RSV:
953 2641 1493 2691 ἆραιΛΒΕετιίδεᾶραΡ
1627 2654 1669 2679 Ιι
1706 2641 1801 2682 8’C

139 2696 492 2737 enervosCRSV
641 2709 687 2745 14
718 2695 1090 2736 παθέεινΑΒΕΡ
1233 2708 1279 2745 15
1309 2695 1801 2745 reRSV2631ABC:

136 2750 176 2790 δὴ
577 2749 580 2754 ·

136 2809 184 2833 τε
206 2792 240 2830 Ρ
350 2795 419 2834 τὸν
441 2793 491 2831 Pc
507 2792 545 2830 R
562 2791 592 2829 S
605 2791 642 2828 V
813 2794 861 2830 16
891 2793 1125 2845 σιδηρείυισι
1147 2792 1185 2829 Α
1202 2792 1234 2829 Β
1249 2791 1283 2830 C
1449 2805 1495 2842 17
1527 2791 1802 2846 ἆνθρώ(ι)σκει

89 2855 92 2860 ·
137 2845 224 2885 ΑΒ
240 2847 274 2886 C
498 2848 546 2884 18
576 2851 755 2899 διεξῆλθε
788 2847 821 2884 C
850 2860 1019 2897 quoque
1241 2859 1292 2884 22
1322 2846 1644 2898 μιμνησκόμενος
1666 2846 1801 2886 ABC

138 2913 191 2951 24
228 2903 292 2943 καὶ
313 2915 395 2942 om.
423 2902 462 2940 R
620 2903 680 2942 ἐπ’
703 2931 712 2941 .
741 2932 748 2939 .
773 2931 782 2940 .
809 2902 1179 2955 συστρατευόμενος
1201 2901 1266 2954 δὲ]
1291 2903 1354 2941 ἐπὶ
1377 2901 1653 2955 Μασσαγέτας
1678 2901 1803 2955 Κύρου

138 2956 290 2997 στόλον
309 2959 359 2998 ὡς
381 2957 520 3010 ἔπρηξε
547 2958 582 2994 R
