2132 3340
5 93 113 142 vn.
140 96 229 156 187

891 92 1322 142 HPOAOTOT

208 235 213 238 '
273 246 367 297 στῃ
394 226 472 277 καὶ
503 224 624 292 πρὸς
647 224 960 292 τριηκοσίους
989 245 1045 276 τε
1076 223 1262 278 ἄλλους
1291 226 1552 290 μεδίμνους
1584 226 1663 278 καὶ
1691 227 1934 295 τεσσερά-

139 649 228 697 188

14 1044 190 1086 ben-ho

271 331 433 361 κοντα.
501 307 695 376 γυναιξὶ
719 311 771 360 δὲ
797 309 875 360 καὶ
900 295 1185 378 εὖνούχοισι
1210 310 1288 361 καὶ
1308 310 1617 377 ὑποζυγίοισι
1642 312 1720 363 καὶ
1746 312 1857 364 κυσὶ
1879 314 1936 366 οὗ

267 394 544 460 λογίζομαι.
616 394 807 460 ἀνδρῶν
831 393 873 444 δ’
900 392 1118 446 ἐουσέων
1142 392 1423 446 τοσουτέων
1449 394 1700 461 μυριάδων
1723 394 1936 452 κάλλεός

268 500 323 530 τε
354 479 516 530 εἵνεκα
547 477 626 529 καὶ
656 476 899 545 μεγάθεος
930 478 1089 531 οὐδεὶς
1119 478 1279 531 αὐτῶν
1309 477 1670 546 ἀξιονικότερος
1699 479 1759 545 ἣν
1790 481 1938 534 αὐτοῦ

271 561 471 630 Ξέρξεω
504 563 640 630 ἔχειν
669 567 812 614 τοῦτο
841 562 899 614 τὸ
931 561 1122 630 κράτος.
1961 586 1984 627 5

350 645 411 698 Ὁ
453 649 507 699 δὲ
558 646 616 711 δὴ
659 646 885 700 ναυτικὸς
933 646 1148 714 στρατὸς
1195 649 1359 701 ἐπείτε
1406 648 1634 716 ὁρμηθεὶς
1669 648 1821 702 ἔπλεε
1857 650 1937 703 καὶ

270 730 489 799 κατέσχε
518 734 606 796 τῆς
639 732 942 798 Μαγνησίης
972 732 1138 799 χώρης
1176 733 1227 786 ἐς
1255 732 1342 785 τὸν
1373 733 1605 801 αἰγιαλὸν
1633 733 1720 786 τὸν
1749 733 1936 800 μεταξὺ

267 817 590 886 Κασθαναίης
619 837 672 868 τε
704 817 880 870 πόλιος
912 817 1057 868 ἐόντα
1087 816 1166 868 καὶ
1197 817 1445 882 Σηπιάδος
1476 819 1640 882 ἀκτῆς,
1674 821 1725 870 αἱ
1754 821 1846 884 μὲν
1875 818 1935 884 δὴ

266 905 454 967 πρῶται
482 905 582 952 τῶν
613 905 737 952 νεῶν
767 900 947 968 ὅρμεον
977 900 1099 968 πρὸς
1129 908 1209 973 γῇ,
1242 900 1396 953 ἄλλαι
1426 901 1467 953 δ’
1499 901 1576 954 ἐπ’
1607 903 1827 974 ἐκείνῃσι
1856 902 1934 956 ἐπ’

267 983 536 1052 ἀγκυρέων·
597 983 685 1036 ἅτε
721 987 816 1051 γὰρ
856 990 943 1036 τοῦ
984 987 1214 1052 αἰγιαλοῦ
1254 986 1423 1040 ἐόντος
1462 986 1518 1037 οὐ
1552 986 1775 1053 μεγάλου
1813 988 1931 1054 πρό-
1962 1008 2012 1037 10

0 1073 66 1140 ἑὸ,
88 1086 228 1131 ‚us-2
269 1090 482 1136 κροσσαι
517 1070 696 1136 ὅρμεον
731 1069 787 1120 τὸ
830 1071 880 1121 ἐς
916 1069 1100 1121 πόντον
1137 1069 1218 1121 καὶ
1254 1070 1334 1122 ἐπὶ
1369 1071 1496 1121 ὀκτὼ
1532 1069 1664 1124 νέας.
1751 1071 1935 1137 ταύτην

0 1150 151 1187 ”⁶⁹²
265 1155 358 1218 μὲν
392 1153 483 1218 τὴν
519 1153 766 1221 εὐφρόνην
804 1155 947 1213 οὕτω,
986 1152 1086 1218 ἅμα
1130 1156 1184 1206 δὲ
1226 1156 1385 1224 ὄρθρῳ
1432 1153 1490 1219 ἐξ
1530 1155 1721 1222 αἰθρίης
1764 1176 1819 1207 τε
1856 1156 1934 1208 καὶ

265 1239 499 1303 νηνεμίης
532 1241 620 1302 τῆς
663 1237 927 1307 θαλάσσης
971 1236 1189 1302 ζεσάσης
1235 1237 1454 1291 ἐπέπεσέ
1501 1245 1598 1306 σφι
1644 1240 1835 1307 χειμών
1879 1261 1934 1293 τε

265 1320 420 1389 μέγας
464 1322 544 1373 καὶ
588 1321 780 1375 πολλὸς
824 1321 1004 1387 ἄνεμος
1044 1322 1344 1387 ἀπηλιώτης,
1384 1326 1471 1374 τὸν
1512 1322 1570 1387 δὴ
1605 1322 1930 1388 Ἑλλησπον-

202 1428 226 1472 3
265 1406 373 1470 τίην
406 1405 643 1457 καλέουσι
672 1409 718 1458 οἱ
749 1407 862 1472 περὶ
891 1411 1044 1458 ταῦτα
1073 1408 1134 1457 τὰ
1162 1408 1322 1474 χωρία
1354 1405 1620 1472 οἰκημένοι.
1699 1409 1813 1459 ὅσοι
1841 1407 1933 1474 μέν
1961 1427 2008 1469 15

14 1525 138 1552 m
155 1511 353 1549 ..ι-νυν
382 1490 542 1541 αὐτῶν
572 1489 845 1555 αὐξόμενον
870 1490 1056 1555 ἔμαθον
1086 1489 1173 1542 τὸν
1196 1490 1378 1556 ἄνεμον
1402 1491 1482 1556 καὶ
1511 1495 1647 1543 τοῖσι
1676 1492 1800 1544 οὕτω
1825 1492 1933 1560 εἶχε

0 1569 45 1601 ιο(
66 1560 257 1597 ὀἱ-ζαν
273 1574 296 1592 et

0 1601 234 1660 ,μνη-υς.
267 1596 434 1641 genoz),
468 1577 514 1626 οἱ
545 1573 586 1626 δ’
623 1574 856 1641 ἔφθησαν
890 1574 977 1626 τὸν
1012 1579 1234 1642 χειμῶνα
1263 1573 1651 1628 ἀνασπάσαντες
1681 1578 1770 1630 τὰς
1799 1575 1928 1635 νέας,

127 2084 222 2143 189

265 1659 343 1710 καὶ
375 1659 518 1710 αὐτοί
543 1680 599 1710 τε
628 1661 872 1725 περιῆσαν
905 1658 983 1710 καὶ
1007 1661 1056 1710 αἱ
1081 1657 1188 1712 νέες
1216 1660 1393 1711 αὐτῶν·
1438 1660 1562 1712 ὅσας
1593 1662 1646 1711 δὲ
1676 1665 1775 1712 τῶν
1805 1665 1930 1713 νεῶν

261 1744 532 1810 μεταρσίας
562 1743 736 1808 ἔλαβε,
761 1745 849 1796 τὰς
878 1745 969 1808 μὲν
1002 1741 1207 1810 ἐξέφερε
1236 1742 1358 1810 πρὸς
1372 1741 1572 1797 Ἴπνους
1604 1743 1930 1810 καλεομένους

261 1827 375 1880 τοὺς
412 1829 466 1879 ἐν
503 1829 697 1896 Πηλίῳ,
730 1829 818 1880 τὰς
854 1829 907 1879 δὲ
946 1829 996 1880 ἐς
1032 1831 1117 1879 τὸν
1154 1829 1402 1894 αἰγιαλόν·
1454 1830 1504 1879 αἱ
1542 1830 1594 1880 δὲ
1630 1829 1740 1895 περὶ
1777 1828 1928 1894 αὐτὴν
1954 1846 2005 1875 20

261 1911 349 1975 τὴν
382 1910 608 1976 Σηπιάδα
644 1910 980 1978 περιέπιπτον,
1013 1913 1063 1962 αἱ
1099 1914 1153 1964 δὲ
1190 1913 1241 1965 ἐς
1272 1912 1562 1977 Μελίβοιαν
1591 1913 1758 1972 πόλιν,
1792 1916 1841 1965 αἱ
1874 1916 1927 1966 δὲ

262 1997 313 2048 ἐς
351 1997 677 2060 Κασθαναίην
715 1995 1109 2062 ἐξεβράσσοντο.
1178 1994 1238 2060 ἧν
1275 2018 1329 2048 τε
1364 2001 1451 2047 τοῦ
1479 2001 1724 2065 χειμῶνος
1759 2000 1927 2065 χρῆμα

262 2080 532 2147 ἀφόρητον.
619 2078 821 2147 λέγεται
859 2082 911 2132 δὲ
947 2081 1100 2147 λόγος
1140 2079 1205 2133 ὣς
1245 2080 1504 2146 Ἀθηναῖοι
1544 2080 1631 2133 τὸν
1672 2084 1833 2149 Βορῆν
1871 2083 1926 2132 ἐκ

262 2165 557 2231 θεοπροπίου
594 2155 982 2222 ἐπεκαλέσαντο,
1022 2164 1257 2218 ἐλθόντος
1293 2171 1390 2231 σφι
1427 2164 1587 2217 ἄλλου
1621 2166 1924 2233 χρηστηρίου

260 2247 345 2299 τὸν
381 2248 613 2315 γαμβρὸν
650 2249 907 2314 ἐπίκουρον
953 2246 1281 2300 καλέσασθαι.
1371 2252 1529 2316 Βορῆς
1573 2251 1625 2301 δὲ
1672 2252 1792 2301 κατὰ
1837 2249 1924 2301 τὸν
1950 2265 1998 2307 25

259 2331 524 2396 Ἑλλήνων
574 2333 731 2399 λόγον
785 2331 891 2399 ἔχει
942 2336 1150 2398 γυναῖκα
1201 2331 1448 2397 Ἀττικήν,
1497 2333 1783 2399 Ὠρείθυιαν
1833 2333 1923 2398 τὴν

261 2415 540 2484 Ἐρεχθέος.
619 2418 740 2467 κατὰ
772 2416 828 2480 δὴ
865 2420 918 2466 τὸ
951 2419 1096 2480 κῆδος
1125 2421 1268 2468 τοῦτο
1299 2419 1344 2468 οἱ
1375 2416 1642 2481 Ἀθηναῖοι,
1679 2417 1744 2470 ὡς
1775 2417 1923 2484 φάτις
1988 2449 1991 2450 ’

317 2567 333 2591 Ι
366 2569 534 2607 τεσσαρ.
565 2554 704 2592 CRV
814 2566 839 2602 3
869 2554 1087 2608 μυριαδέων
1109 2554 1143 2592 C
1211 2562 1215 2565 ’
1281 2568 1307 2604 4
1337 2556 1523 2606 αὐξιονικ.
1554 2554 1592 2591 R
1713 2568 1740 2604 9
1770 2555 1922 2607 ὥρμεον

260 2608 393 2646 CPR
409 2608 490 2646 SV
598 2611 679 2660 γῆν
703 2608 741 2646 R
758 2608 838 2647 SV
1008 2623 1052 2648 11
1087 2611 1229 2663 ὅρμεον
1249 2611 1298 2650 τὸ
1324 2609 1492 2659 PingeI:
1525 2607 1715 2662 ὁρμέοντο
1737 2609 1823 2647 ΑΒ
1838 2609 1922 2649 C⁰:

258 2662 458 2716 ὧρμέοντο
482 2662 530 2701 C¹
550 2663 583 2701 P
598 2663 636 2700 R
653 2663 730 2701 SV
918 2676 966 2702 12
996 2666 1074 2714 τὴν
1094 2677 1175 2704 om.
1201 2663 1257 2702 Α1
1450 2676 1498 2713 14
1528 2665 1683 2704 πολλὸς
1707 2663 1763 2705 P:
1794 2665 1920 2706 πολὺς

259 2718 348 2756 rell.
487 2718 814 2766 Ἑλλησποντίαν
836 2718 875 2755 R
892 2718 973 2757 SV
1164 2731 1212 2768 15
1243 2727 1365 2760 καλλ.
1387 2719 1476 2758 RV
1663 2719 1712 2756 16
1740 2717 1828 2769 νυν]
1850 2722 1922 2760 οῦν
1944 2733 1954 2742 ’

256 2771 297 2809 Α
315 2772 346 2808 Β
362 2771 396 2810 C
507 2775 640 2813 αὐτῶν
658 2785 737 2811 om.
763 2772 803 2810 A
824 2773 859 2811 B
883 2773 917 2811 C
1059 2787 1105 2823 17
1137 2775 1218 2814 οἵδε
1242 2773 1279 2811 R
1297 2774 1335 2812 V
1446 2773 1601 2825 ἔφησαν
1623 2772 1663 2811 R
1803 2773 1852 2811 18
1880 2775 1922 2814 αἱ

256 2839 336 2866 om.
381 2826 421 2863 R
447 2827 477 2865 S
497 2827 537 2866 V
719 2841 773 2866 20
813 2828 922 2880 περὶ]
958 2831 997 2869 ἐς
1031 2828 1068 2865 R
1094 2829 1123 2867 S
1144 2829 1182 2865 V
1365 2841 1417 2866 22
1463 2827 1728 2881 ἐξεράσσοντο
1766 2827 1806 2866 R
1829 2828 1857 2866 S
1880 2828 1920 2868 V

257 2880 311 2987 {kt
341 2881 435 2974 RfS
458 2882 495 2987 {7
660 2895 712 2932 25
742 2883 812 2922 alt.
843 2882 935 2934 τὸν]
972 2886 1052 2923 τῶν
1090 2882 1127 2920 R
1153 2883 1188 2920 V
1353 2885 1406 2921 26
1429 2882 1669 2946 ,Ὠρειθυίην
1708 2881 1747 2919 Α
1769 2882 1803 2920 Β
1828 2882 1862 2922 C
1885 2882 1919 2921 P

281 2949 290 2972 1
315 2964 324 2974 .
350 2948 393 2975 ln
412 2949 457 2974 ra
