2034 3328
680 99 1057 150 12TOPmN
1124 101 1164 150 E
1790 106 1850 155 V.
1880 108 2003 170 92β

79 229 107 280 ὅ
134 226 478 298 Ἐχεκράτεος,
505 227 661 296 δήμρυ
687 232 780 295 μὲν
810 231 907 282 ἐὼν
938 231 992 282 ἐκ
1025 230 1237 298 Πέτρης,
1265 232 1388 299 ἀτὰρ
1418 233 1480 284 τὰ
1510 231 1748 284 ἀνέκαθεν
1933 280 1946 292 ,
1971 226 2034 322 234⁴

79 313 308 379 Λαπίθης
343 327 399 366 τε
435 313 515 365 καὶ
555 315 833 380 Καινείδης.
907 316 962 367 ἐκ
1002 313 1059 367 δέ
1097 318 1144 368 οἱ
1179 316 1359 380 ταύτης
1394 319 1483 381 τῆς
1518 316 1748 383 γυναικὸς
1786 335 1811 367 2
1839 302 1961 327 κ’·

79 395 180 450 οὐδ’
225 399 248 449 ε’
323 396 485 463 ἄλλης
527 402 701 453 παῖδες
745 400 988 466 ἐγίνοντο·
1062 399 1253 464 ἐστάλη
1299 397 1368 452 ὧν
1413 402 1464 453 ἐς
1511 400 1749 468 Δελφοὺς

78 482 190 548 περὶ
221 482 388 550 γόνου.
462 484 667 535 ἐσιόντα
695 486 750 536 δὲ
782 482 928 536 αὐτὸν
953 483 1095 539 ἰθέως
1123 485 1154 550 ἡ
1188 486 1350 549 Πυθίη
1383 486 1748 553 προσαγορεύει

31 585 54 626 5
77 567 268 620 τοισίδε
297 571 430 619 τοῖσι
460 567 622 621 ἔπεσι·

162 673 394 750 Ἠετίων,
427 673 562 728 οὔτις
591 695 654 726 σε
683 675 777 726 τίει
807 674 1078 727 πολύτιτον
1111 675 1274 727 ἐόντα.

162 756 344 825 Λάβδα
374 758 492 818 κύει,
523 757 655 824 τέξει
684 758 727 810 δ’
757 759 1100 828 ὀλοοίτροχον·
1148 761 1203 812 ἐν
1234 763 1287 812 δὲ
1319 765 1547 813 πεσεῖται
1606 747 1952 805 vuum-dnm·

161 841 372 910 ἀνδράσι
400 842 744 912 μουνάρχοισι,
778 844 1034 896 δικαιώσει
1066 846 1118 896 δὲ
1151 845 1413 911 Κόρινθον.

76 951 230 1001 ταῦτα
279 947 568 1017 χρησθέντα
616 955 684 1020 τῷ
738 949 974 1002 Ἠετίωνι
1034 949 1402 1018 ἐξαγγέλλεταί
1457 972 1553 1004 κως
1611 957 1747 1004 τοῖσι
1784 966 1809 1009 3

4 1051 54 1081 10
79 1032 408 1106 Βακχιάδῃσι,
445 1039 580 1086 τοῖσι
620 1034 677 1086 τὸ
712 1037 805 1100 μὲν
845 1035 1085 1102 πρότερον
1127 1035 1397 1102 γενόμενον
1438 1034 1745 1103 χρηστήριον

75 1120 128 1172 ἐς
172 1119 415 1185 Κόρινθον
458 1117 519 1183 ἧν
561 1118 774 1185 ἄσημον,
822 1117 979 1187 φέρον
1026 1141 1080 1172 τε
1125 1121 1176 1172 ἐς
1223 1118 1379 1171 τώυτὸ
1433 1121 1511 1172 καὶ
1559 1120 1614 1171 τὸ
1661 1125 1746 1172 τοῦ

76 1202 348 1257 Ἠετίωνος
379 1203 458 1255 καὶ
488 1202 640 1272 λέγον
671 1205 782 1256 ὧδε·

159 1307 324 1363 αἰετὸς
355 1310 410 1361 ἐν
439 1307 653 1382 πέτρῃσι
686 1310 804 1369 κύει,
837 1308 970 1375 τέξει
1000 1311 1053 1361 δὲ
1083 1308 1265 1363 λέοντα

161 1392 396 1460 καρτερὸν
426 1393 679 1460 ὠμηστήν·
725 1399 931 1446 πολλῶν
962 1393 1004 1444 δ’
1035 1395 1129 1446 ὑπὸ
1159 1395 1379 1462 γούνατα
1408 1396 1570 1447 λύσει.

1 1501 48 1543 ¹5
158 1477 309 1529 ταῦτά
338 1499 426 1531 νυν
458 1479 511 1530 εὖ
541 1478 812 1547 φράζεσθε,
848 1480 1118 1546 Κορίνθιοι,
1154 1479 1200 1531 οἳ
1231 1481 1342 1546 περὶ
1376 1479 1532 1544 καλὴν

159 1560 412 1630 Πειρήνην
442 1565 621 1615 οἰκεῖτε
653 1564 731 1615 καὶ
762 1564 1043 1632 ὀφρυ-όςντα
1076 1563 1334 1629 Κόρινθον.
1621 1559 1974 1617 καῖ’-ΜΒ.

72 1672 216 1720 τοῦτο
260 1670 352 1734 μὲν
402 1668 462 1734 δὴ
514 1674 648 1722 τοῖσι
702 1668 1015 1740 Βακχιάδῃσι
1067 1669 1308 1735 πρότερον
1358 1671 1629 1736 γενόμενον
1680 1669 1740 1734 ἧν
1776 1688 1808 1732 γ

73 1751 395 1821 ἀτέκμαρτον,
437 1755 551 1806 τότε
590 1756 644 1806 δὲ
679 1753 737 1805 τὸ
777 1753 1012 1805 Ἠετίωνι
1053 1753 1324 1819 γενόμενον
1369 1754 1434 1806 ὡς
1480 1755 1736 1813 ἐπύθοντο,

73 1836 246 1889 αὐτίκα
276 1838 357 1889 καὶ
386 1837 443 1889 τὸ
473 1838 714 1906 πρότερον
745 1841 967 1902 συνῆκαν
992 1837 1076 1889 ε’ὸν
1106 1837 1330 1908 συνῳδὸν
1360 1843 1426 1907 τῷ
1452 1837 1735 1891 Ἠετίωνος.

0 1941 50 1969 20
73 1920 306 1976 συνέντες
363 1925 418 1975 δὲ
471 1922 549 1974 καὶ
598 1927 744 1974 τοῦτο
797 1921 935 1990 εἶχον
981 1924 1036 1973 ἐν
1085 1908 1288 1993 ἡσυχίῃ,
1343 1921 1602 1976 ἐθέλοντες
1652 1923 1738 1974 τὸν

70 2004 326 2071 μέλλοντα
355 2005 595 2059 Ἠετίωνι
622 2007 853 2074 γίνεσθαι
882 2007 1034 2074 γόνον
1063 2009 1363 2074 διαφθεῖραι.
1442 2005 1506 2060 ὦς
1531 2006 1574 2058 δ’
1599 2007 1734 2059 ἔτεκε

70 2089 101 2155 ἡ
130 2089 254 2158 γυνὴ
284 2089 518 2160 τάχιστα,
552 2090 804 2157 πέμπουσι
836 2089 1012 2158 σφέων
1043 2091 1205 2142 αὐτῶν
1235 2090 1353 2142 δέκα
1383 2091 1434 2144 ἐς
1465 2090 1560 2142 τὸν·
1580 2094 1735 2156 δῆμον

72 2175 127 2226 ἐν
148 2179 216 2246 τῷ
249 2177 508 2241 κατοίκητο
533 2175 751 2228 Ἠετίων
774 2174 1164 2228 ἀποκτενέοντας
1185 2174 1243 2226 τὸ
1267 2176 1479 2227 παιδίον.
1559 2175 1730 2227 ἀπικό-
1774 2193 1798 2223 2

68 2279 211 2323 μενοι
238 2262 293 2313 δὲ
323 2260 459 2312 οὗτοι
488 2261 539 2314 ἐς
568 2259 658 2324 τὴν
690 2259 890 2327 Πέτρην
921 2259 1001 2312 καὶ
1031 2259 1365 2326 παρελθόντες
1389 2260 1439 2313 ἐς
1462 2259 1552 2324 τὴν
1575 2259 1733 2323 αὐλὴν

0 2361 45 2403 ²5
68 2341 160 2407 τὴν
199 2342 471 2403 Ἠετίωνος
511 2346 678 2397 αἴτεον
718 2344 776 2396 τὸ
816 2346 1030 2397 παιδίον·
1092 2344 1122 2409 ἡ
1163 2346 1218 2396 δὲ
1257 2342 1441 2409 Λάβδα
1486 2343 1640 2395 εἰδυῖά
1679 2365 1733 2395 τε

68 2426 210 2480 οὐδὲν
261 2433 359 2481 τῶν
385 2491 388 2494 ἱ
412 2430 577 2481 εἵνεκα
620 2431 801 2480 ἐκεῖνοι
844 2429 1103 2481 ἀπικοίατο
1150 2428 1229 2479 καὶ
1273 2426 1516 2479 δοκέουσά
1569 2435 1732 2495 σφεας

127 2579 143 2605 Ι
177 2566 444 2620 Ἐχεκράτευς
462 2567 503 2606 Α
518 2567 552 2606 Β
569 2567 603 2605 C
713 2567 847 2618 μήμου
869 2566 900 2605 S
912 2566 950 2605 V
1044 2569 1089 2607 ἐκ
1109 2574 1158 2606 Π.
1180 2568 1255 2607 ἐὼν
1278 2566 1311 2605 Ρ
1325 2566 1355 2605 S
1369 2566 1406 2605 V
1422 2567 1461 2605 U
1565 2567 1731 2608 ἆνέκαθε

69 2619 187 2689 (ΖΡν
292 2622 534 2673 2Λαμπ.(ἶ
647 2620 1142 2670 ΚαινίδηςΑΟΡΞνῙ]
1237 2674 1248 2692 s
1281 2632 1306 2670 5
1336 2620 1731 2692 τοῖσδεᾼΒΙΟΡν

68 2687 91 2724 7
113 2675 148 2716 δ’
162 2675 428 2730 ὀλοοίτροχον
444 2677 626 2716 Oenom.
645 2689 712 2727 ap.
731 2675 885 2715 Euseb.
901 2688 961 2726 pr.
980 2689 1044 2715 ον.
1061 2675 1100 2714 V
1113 2688 1188 2726 29:
1209 2679 1253 2715 δε
1272 2683 1421 2729 ολοιτρ.
1443 2675 1475 2714 L
1493 2678 1650 2730 (ολυτρ.
1673 2676 1728 2727 Β)

72 2742 121 2768 10
149 2732 190 2771 ἐς
211 2730 400 2784 Κόρινθον
420 2731 671 2785 χρηστήριον
690 2730 778 2769 ΑΒ
794 2730 827 2768 C
993 2742 1037 2767 11
1069 2731 1117 2770 τὸ
1142 2742 1224 2770 om.
1251 2729 1333 2768 SV
1496 2732 1546 2769 16
1576 2730 1729 2772 οἶκέετε

66 2783 158 2823 VU
317 2798 364 2835 17
395 2788 444 2836 δὴ
465 2799 547 2826 orn.
572 2785 661 2824 AB
678 2785 711 2824 C
865 2785 913 2822 18
941 2786 990 2825 τὸ
1009 2783 1123 2824 AB:
1154 2789 1210 2837 τῷ
1232 2783 1320 2822 rell.
1476 2797 1526 2835 19
1551 2787 1730 2827 συνωδὺν

68 2839 144 2880 ἐὼν
183 2838 215 2878 S
234 2839 274 2879 V
295 2839 335 2879 U
570 2854 625 2879 20
668 2839 858 2881 θέλοντες
899 2839 929 2878 S
949 2839 989 2877 V
1012 2839 1050 2878 U
1285 2851 1337 2877 22
1381 2839 1535 2881 αὐτέων
1575 2840 1608 2879 C
1628 2840 1667 2879 V
1689 2840 1728 2879 U

66 2905 120 2942 23
159 2896 181 2934 ὁ
200 2893 372 2936 Ἠετίων
410 2894 547 2934 ABC
751 2906 803 2945 25
843 2895 920 2944 τὴν
959 2893 1172 2937 Ἠετίωνος
1211 2893 1384 2932 ABU:
1423 2897 1497 2936 τοῦ
1522 2896 1596 2937 -Ἧ,
1635 2895 1723 2935 rell.

65 2947 188 2988 εἷδοΐοί
207 2947 247 2986 Α
261 2948 296 2988 Β
