2106 3354
94 132 155 179 V.
181 146 264 181 110

198 698 266 730 111

916 127 1344 177 ΗΡΟΔΟΤΟΤ

305 263 474 314 πεδίον
502 262 560 314 τὸ
591 262 908 326 Σαλαμινίων
939 265 1037 312 τῶν
1070 258 1311 326 Περσέων
1342 258 1612 312 διέτασσον
1641 262 1687 311 οἱ
1717 257 1960 324 βασιλέες
2013 320 2017 323 ,

304 352 402 398 τῶν
431 348 662 413 Κυπρίων
696 345 809 399 τοὺς
840 347 933 410 μὲν
970 343 1155 397 ἄλλους
1188 345 1440 411 Κυπρίους.
1469 346 1592 395 κατὰ
1623 342 1740 416 ,τοὺς
1775 342 1961 397 ἄλλους

306 430 609 498 στρατιώτας
681 427 1083 487 ἀντιτάσσοντες,
1146 428 1458 493 Σαλαμινίών
1516 430 1570 480 δὲ
1628 428 1707 480 καὶ
1766 428 1961 479 Σολίων

305 512 638 577 ἀπολέξαντες
678 512 735 564 τὸ
775 512 981 580 ἄριστον
1021 511 1334 563 ἀντέτασσον
1374 511 1623 583 Πέρσῃσι.
1712 511 1960 580 Ἀρτυβίῳ

304 602 357 650 δὲ
415 603 481 666 τῷ
543 602 803 666 στρατηγῷ
856 602 953 648 τῶν
1012 595 1254 662 Περσέων
1308 595 1572 660 ἐθελοντὴς
1624 594 1960 648 ἀντετάσσετο
1981 616 2005 657 5

1232 680 1245 698 t

303 680 589 745 Ὀνήσιλος.
677 680 863 745 ἤλαυνε
914 682 966 731 δὲ
1018 681 1170 731 ἵππον
1221 701 1248 729 ο
1295 679 1559 745 Ἀρτύβιος
1611 677 1960 746 δεδιδαγμένον

302 765 425 830 πρὸς
475 766 685 829 ὁπλίτην
737 765 977 815 ἵστασθαι
1033 764 1195 830 ὀρθόν.
1285 764 1560 828 πυθόμενος
1612 762 1681 815 ὧν
1731 768 1883 814 ταῦτα
1931 763 1960 812 ὁ

302 847 590 913 Ὀνήσιλος,
633 847 694 912 ἧν
739 847 833 915 γάρ
877 850 923 899 οἱ
966 847 1286 912 ὑπασπιστὴς
1328 847 1474 914 γένος
1516 850 1607 913 μὲν
1653 845 1776 913 Κάρ,
1810 837 1879 898 τὰ·
1905 848 1959 898 δὲ

302 932 516 998 πολέμια
547 931 698 999 κάρτα
727 932 927 997 δόκιμος
951 932 1029 983 καὶ
1060 931 1230 984 ἄλλως
1257 929 1477 996 λήματος
1507 930 1676 990 πλέος,
1703 931 1808 983 εἶπε
1838 929 1960 997 πρὸς

301 1022 490 1069 τοῦτον·
538 1016 863 1081 Πυνθάνομαι
897 1015 984 1068 τὸν
1019 1015 1286 1082 Ἀρτυβίου
1321 1017 1474 1068 ἵππον
1510 1014 1779 1080 ἱστάμενον
1812 1013 1960 1081 ὀρθὸν

303 1102 382 1153 καὶ
403 1103 524 1154 ποσὶ
547 1102 625 1152 καὶ
646 1101 858 1165 στόματι
876 1099 1264 1166 κατεργάζεσθαι
1286 1104 1408 1166 πρὸς
1426 1099 1512 1152 τὸν
1530 1098 1592 1151 ἂν
1611 1099 1957 1171 προσενειχθῇ.

303 1186 366 1237 σὺ
390 1183 458 1238 ὧν
481 1184 887 1251 βουλευσάμενος
912 1186 1019 1236 εἰπὲ
1043 1184 1215 1235 αὐτίκα
1236 1184 1468 1251 ὁκότερον
1497 1185 1709 1250 βούλεαι
1731 1180 1959 1250 φυλάξας

302 1270 502 1335 πλῆξαι,
543 1271 641 1322 εἴτε
679 1268 767 1321 τὸν
802 1271 956 1321 ἵππον
997 1270 1096 1322 εἴτε
1137 1268 1285 1320 αὐτὸν
1320 1267 1603 1335 Ἀρτύβιον.
1693 1268 1801 1320 εἶπε
1835 1266 1959 1334 πρὸς

301 1359 454 1406 ταῦτα
494 1355 520 1404 ὁ
561 1352 724 1406 ὀπέων
763 1353 926 1405 αὐτοῦ·
963 1352 1037 1403 ’ΐΩ
1077 1357 1314 1418 βασιλεῦ,
1354 1353 1548 1418 ἕτοιμος
1586 1354 1678 1417 μὲν
1719 1352 1817 1419 ἐγώ
1861 1353 1958 1417 εἶμι

302 1438 487 1491 ποιέειν
518 1438 596 1489 καὶ
636 1438 896 1505 ἀμφότερα
937 1437 1014 1488 καὶ
1055 1437 1111 1488 τὸ
1150 1438 1320 1504 ἕτερον
1360 1437 1518 1488 αὐτῶν
1560 1437 1639 1488 καὶ
1678 1434 1872 1490 πάντως
1901 1434 1958 1487 τὸ

301 1523 363 1575 ἂν
394 1523 459 1575 σὺ
491 1521 784 1593 ἐπιτάσσῃς·
833 1522 898 1575 ὡς
919 1521 1087 1587 μέντοι
1111 1521 1280 1588 ἔμοιγε
1311 1520 1470 1573 δοκέει
1499 1521 1625 1573 εἶναι
1652 1525 1786 1572 τοῖσι
1818 1525 1959 1572 σοῖσι

301 1606 560 1674 πρήγμασι
617 1605 1073 1673 προσφερέστερον,
1138 1604 1335 1672 φράσω.
1444 1604 1670 1675 βασιλέα
1727 1607 1819 1670 μὲν
1879 1605 1958 1656 καὶ

302 1691 582 1757 στρατηγὸν
633 1694 782 1758 χρεὸν
834 1690 963 1742 εἶναί
1013 1697 1138 1757 φημι
1197 1689 1409 1754 βασιλέϊ
1459 1711 1513 1742 τε
1566 1690 1648 1741 καὶ
1695 1693 1957 1758 στρατηγῷ

300 1774 679 1842 προσφέρεσθαι
709 1770 787 1838 (ἥν
822 1796 877 1826 τε
915 1776 1009 1841 γὰρ
1052 1773 1261 1845 κατέλῃς
1301 1773 1455 1841 ἄνδρα
1495 1773 1792 1840 στρατηγόν,
1828 1771 1958 1839 μέγα

300 1881 376 1910 τοι
412 1861 616 1926 γίνεται,
647 1858 729 1910 Δκαὶ
763 1859 977 1924 δεύτερα,
1009 1854 1071 1922 ἢν
1103 1860 1163 1909 σὲ
1194 1853 1395 1917 ἐκεῖνος,
1428 1857 1485 1909 τὸ
1518 1857 1585 1923 μὴ
1623 1857 1831 1924 γένοιτο,
1860 1856 1958 1908 ὑπὸ

301 1942 563 2010 ἀξιοχρέου
603 1944 682 1994 καὶ
722 1943 989 1994 ἀποθανεῖν
1030 1942 1214 2007 ἡμίσεα
1254 1938 1521 2009 συμφορή),
1559 1941 1712 2007 ἡμέας
1752 1943 1806 1993 δὲ
1844 1940 1958 1994 τοὺς

299 2026 545 2093 ὑπηρέτας
595 2025 816 2092 ἑτέροισί
862 2047 917 2078 τε
960 2024 1236 2097 ὑπηρέτῃσι
1287 2024 1667 2093 προσφέρεσθαι
1713 2025 1792 2076 καὶ
1834 2023 1958 2091 πρὸς

300 2112 468 2167 ἵππονὲ
514 2115 599 2162 τοῦ
638 2110 702 2162 σὺ
740 2112 827 2162 τὰς
865 2112 1091 2177 μηχανὰς
1128 2112 1281 2174 μηδὲν
1321 2113 1570 2181 φοβηθῇς·
1618 2110 1715 2175 ε’γὼ
1750 2108 1844 2175 γάρ
1879 2129 1977 2169 τοι,

299 2193 597 2259 ὑποδέκομαι
619 2192 684 2258 μή
709 2215 792 2258 μιν
813 2193 987 2258 ἀνδρὸς
1007 2193 1080 2244 ἔτι
1102 2215 1159 2260 γε
1177 2192 1386 2258 μηδενὸς
1410 2191 1692 2257 στήσεσθαι
1717 2193 1955 2244 ἐναντίον.

184 2298 265 2333 112
300 2283 452 2329 ταῦτα
489 2278 610 2336 εἶπε,
652 2278 730 2328 καὶ
764 2279 1028 2341 μεταυτίκα
1070 2276 1343 2343 συνέμισγε
1382 2279 1444 2328 τὰ
1485 2276 1799 2343 στρατόπεδα
1833 2276 1958 2346 πεζῇ

0 2368 152 2435 ’Κπι

304 2363 382 2413 καὶ
412 2363 574 2426 νηυσί.
666 2361 810 2425 νηυσὶ
845 2360 937 2426 μέν
977 2382 1063 2412 νυν
1092 2360 1263 2414 Ἴωνες
1303 2360 1740 2435 ἄκροι-χευάμενοι
1777 2359 1958 2424 ταύτην

45 2421 426 2487 summam·

357 2512 382 2548 3
401 2497 576 2541 Σολιέων
590 2497 849 2550 ἀποδέξαντες
867 2497 896 2536 S
909 2497 947 2535 V
961 2498 998 2536 U
1110 2510 1135 2547 5
1159 2498 1339 2538 ἐθελοντὶ
1357 2497 1484 2536 SVU
1597 2511 1619 2547 7
1643 2496 1958 2538 ἀντιτάσσεσθαι

304 2553 515 2593 PSVU:
554 2553 791 2593 ἀνίστασθαι
823 2552 939 2591 Eust.
977 2552 1101 2592 Dion.
1133 2565 1212 2601 374
1347 2555 1367 2592 ὁ
1398 2565 1479 2591 om.
1515 2552 1545 2591 S
1777 2552 1803 2589 8
1840 2550 1958 2602 γένος

300 2607 375 2657 μὲν
405 2609 478 2660 κὰρ
505 2609 558 2648 τὰ
589 2606 630 2647 δὲ
660 2606 778 2645 ΑΒ;
811 2605 1028 2658 γενόμενος
1056 2605 1131 2657 μὲν
1159 2608 1225 2648 καὶ
1255 2608 1307 2647 τὰ
1337 2606 1492 2652 PSV:
1535 2609 1674 2658 γενόμ.
1706 2604 1780 2656 μὲν
1809 2606 1861 2645 τὰ
1890 2605 1956 2644 U:

300 2662 438 2714 γενόμ.
474 2662 601 2714 κάρτα
636 2660 679 2702 δὲ
713 2659 788 2699 C¹2
830 2661 969 2713 γενόμ.
1002 2660 1077 2710 μὲν
1106 2657 1178 2714 κᾶρ
1206 2663 1258 2702 τὰ
1287 2660 1330 2701 δὲ
1362 2661 1413 2699 CC
1633 2673 1660 2710 9
1693 2660 1892 2710 πολεμήια
1920 2659 1959 2697 V

303 2717 446 2768 κάρτα]
479 2716 576 2769 ἔργα
606 2716 636 2754 S
799 2714 931 2756 πλέως
959 2714 999 2753 Α
1015 2715 1049 2754 Β
1065 2717 1098 2754 C
1342 2728 1386 2753 11
1427 2718 1679 2767 προσενεχθῇ
1712 2714 1746 2753 Ρ
1760 2714 1840 2753 SV
1856 2714 1893 2752 U
1908 2713 1957 2751 Cl

306 2784 354 2809 12
385 2771 528 2812 αὐτίκα
548 2770 696 2821 εἰπάν)
721 2769 754 2808 Ρ
768 2770 848 2808 SV
862 2770 900 2809 U
1058 2782 1105 2818 14
1135 2769 1263 2811 ὀπέων
1285 2770 1470 2808 Dindorf
1481 2783 1490 2808 :
1523 2769 1655 2810 ὀπάων
1675 2769 1708 2807 L
1731 2768 1883 2819 (παύων
1903 2768 1958 2812 (Γ.)

307 2828 354 2864 16
383 2827 434 2866 σὺ
452 2839 534 2865 om.
557 2825 638 2865 SV
653 2824 705 2875 U,
733 2830 831 2875 post
861 2824 1084 2878 ἐπιτάσσῃς
1116 2825 1282 2873 (-τάσης
1306 2824 1418 2875 VU)
1443 2824 1478 2862 P
1615 2822 1773 2876 ἔμοιγε]
1799 2839 1850 2874 γε
1877 2822 1958 2861 SV

305 2884 411 2921 σοῖσι
431 2892 510 2918 om·
537 2880 570 2917 C
740 2891 788 2928 17
818 2888 982 2932 προφερ.
1005 2879 1086 2918 SV
1100 2878 1138 2918 U
1160 2893 1169 2918 τ
1197 2878 1551 2932 προσφορέστερον
1571 2876 1691 2917 Stein
1832 2878 1881 2914 18
1909 2893 1956 2916 τε

304 2948 387 2974 om.
407 2933 447 2972 A
460 2934 495 2971 B
512 2934 545 2971 C
710 2946 763 2971 20
793 2933 978 2985 δεύτερον
997 2932 1036 2970 Α
1050 2932 1085 2971 Β
1101 2933 1135 2971 C
1300 2945 1348 2974 21
1382 2931 1572 2985 ἀξιόχρεω
1594 2932 1628 2971 L
1776 2941 1826 2979 25
1854 2932 1958 2982 μετὰ

304 2990 445 3031 αὐτίκα
465 2988 503 3026 V
518 2988 555 3027 U
578 3003 586 3027 ε
613 2989 718 3039 μετὰ
739 2988 769 3027 S
935 2988 989 3025 26
1017 3005 1085 3029 νυν
1105 3001 1186 3026 om.
1213 2986 1292 3027 SV
1308 2986 1345 3026 U
1760 3005 1764 3008 ·

1985 1031 2036 1062 10

1984 1454 2031 1496 Ι5

1982 1876 2032 1904 20

1982 2293 2031 2334 25
