2132 3340
704 60 1079 109 ιΣΤοΡιΩΝ
1144 61 1191 107 H
1824 59 1937 108 vu,
1965 70 2054 119 119

113 197 231 249 ἔσκε
269 197 520 261 πεπηγυῖα
564 192 733 258 ἑτοίμη
784 192 835 245 ἐς
881 212 971 256 την
1018 189 1165 245 αὐτὸς
1214 189 1439 256 σταθμὸν
1487 189 1782 243 ποιεέσκετο

115 278 379 348 Ξέρξης,“
357 301 387 343 η
428 279 481 329 δὲ
520 275 652 342 ἄλλη
692 298 910 344 στρατιη
932 272 1088 342 [ἔσκε]
1125 277 1398 343 ὑπαίθριος.
1488 275 1552 329 ὡς
1589 277 1643 328 δὲ
1681 277 1779 328 δεί-
1819 290 1848 333 4

115 386 240 418 πνου
277 365 466 431 γίνοιτο
506 362 622 430 ὥρη,
667 364 712 413 οἱ
756 363 849 427 μὲν
890 361 1146 426 δεκόμενοι
1186 360 1399 428 ἔχεσκον
1436 361 1607 419 πόνον,
1642 362 1689 412 οἱ
1730 364 1783 413 δὲ

113 452 239 504 ὅκως
268 445 581 513 πλησθέντες
610 446 762 498 νύκτα
792 446 941 498 αὐτοῦ
971 443 1224 513 ἀγάγοιεν,
1256 446 1315 517 τῇ
1341 446 1576 516 ὑστεραίῃ
1608 443 1697 510 τήν
1729 467 1783 497 τε

66 558 89 599 5
116 530 722 599 σκηνὴν-ἀνασπάσαντες
754 530 833 582 καὶ
869 531 930 582 τὰ
960 529 1150 582 ἔπιπλα
1179 529 1342 581 πάντα
1371 529 1623 595 λαβόντες
1654 531 1781 581 οὕτω

113 617 506 676 ἀπελαύνεσκον,
539 617 799 668 λείποντες
836 612 979 667 οὐδὲν
1019 616 1155 667 ἀλλὰ
1193 614 1478 682 φερόμενοι.
1570 613 1689 666 ἔνθα
1724 613 1782 678 δὴ
1822 628 1916 664 120

114 700 494 771 Μεγακρέοντος
518 699 694 767 ἀνδρὸς
716 699 1024 767 Ἀβδηρίτεω
1050 698 1167 754 ἔπος
1199 700 1251 751 εὖ
1283 697 1540 766 εἰρημένον
1565 696 1779 766 ἐγένετο,

113 787 168 842 ὃς
199 786 575 853 συνεβούλευσε
599 784 932 856 Ἀβδηρίτῃσι
958 783 1203 850 πανδημεὶ
1226 783 1401 837 αὐτοὺς
1426 784 1506 836 καὶ
1529 788 1780 850 γυναῖκας,

114 872 355 926 ἐλθόντας
379 869 431 924 ἐς
461 871 522 921 τὰ
552 866 777 937 σφέτερα
801 870 880 936 ἱρὰ
911 869 1106 933 ἵζεσθαι
1131 865 1295 922 ἱκέτας
1325 873 1424 921 τῶν
1457 870 1581 921 θεῶν
1606 890 1781 936 παραι-

43 979 92 1008 10
113 953 375 1022 τεομένους
401 955 480 1008 καὶ
503 953 559 1006 τὸ
581 954 762 1006 λοιπόν
788 960 886 1022 σφι
917 954 1194 1020 ἀπαμύνειν
1223 958 1322 1006 τῶν
1353 952 1599 1006 ἐπιόντων
1624 958 1785 1005 κακῶν

114 1042 174 1094 τὰ
203 1041 404 1107 ἡμίσεα,
422 1027 536 1091 ’τῶν
566 1060 620 1091 τε
651 1035 1031 1106 παροιχομένων
1063 1039 1200 1107 ἔχειν
1231 1045 1330 1140 σφι
1359 1037 1588 1105 μεγάλην
1617 1038 1782 1107 χάριν,

113 1126 189 1178 ὅτι
219 1123 468 1191 βασιλεὺς
507 1120 702 1190 Ξέρξης
740 1122 797 1175 οὐ
831 1123 904 1177 δὶς
941 1122 1155 1188 ἑκάστης
1190 1121 1375 1191 ἡμέρης
1405 1124 1610 1188 ἐνόμισε
1642 1129 2132 1201 ffirovfflmu

114 1209 385 1277 αιρέεσθαι·
448 1206 688 1277 παρέχειν
730 1208 795 1281 γᾶ
798 1229 824 1275 ρ
870 1206 932 1259 ἂν
977 1207 1326 1279 Ἀβδηρίτῃσι,
1366 1230 1408 1259 ει
1455 1208 1533 1259 καὶ
1579 1206 1787 1274 ἄριστον
1825 1201 2132 1323 zabdi-nia

114 1295 377 1362 προείρητο
408 1294 554 1359 ὅμοια
589 1297 657 1362 τῷ
696 1294 877 1362 δείπνω
915 1287 1382 1360 παρασκευάζειν,
1356 1314 1386 1356 η
1423 1314 1490 1358 μη
1520 1266 2067 1358 finougvetvwm.

41 1402 87 1442 15
118 1378 366 1446 Ξέρξην’
344 1378 549 1430 επιόντα
571 1399 601 1442 η
628 1378 1016 1443 καταμείναντας
1048 1376 1258 1429 κάκιστα
1281 1376 1481 1429 πάντων
1512 1377 1787 1444 ἀνθρώπων

113 1465 418 1530 ἐκτριβῆναι.

198 1549 264 1600 Οἱ
293 1549 385 1613 μὲν
415 1546 474 1612 δὴ
504 1547 784 1613 πιεζόμενοι
814 1548 947 1613 ὅμως
976 1545 1032 1599 τὸ
1064 1545 1481 1612 ἐπιτασσόμενον
1501 1545 1783 1605 ἐπετέλεον,
1824 1564 1903 1598 121

118 1631 312 1700 Ξέρξης
341 1634 394 1685 δὲ
427 1633 481 1683 ἐκ
511 1635 598 1696 τῆς
628 1630 874 1684 Ἀκάνθου
906 1630 1253 1697 ἐντειλάμενος
1287 1636 1422 1683 τοῖσι
1459 1636 1787 1699 στρατηγοῖσι

115 1716 203 1769 τὸν
232 1714 462 1771 ναυτικὸν
493 1715 710 1783 στρατὸν
732 1715 996 1782 ὑπομένειν
1028 1717 1081 1768 ἐν
1105 1714 1281 1788 Θέρμῃ
1306 1716 1462 1781 ἀπῆκε
1488 1715 1572 1768 ἀπ’
1604 1719 1787 1769 ἑωυτοῦ

44 1825 95 1854 20
117 1802 417 1870 πορεύεσθαι
445 1802 534 1855 τὰς
572 1799 703 1860 νέας,
739 1800 915 1873 Θέρμῃ
952 1803 1005 1853 δὲ
1040 1808 1100 1873 τῇ
1137 1803 1191 1854 ἐν
1226 1805 1293 1871 τῷ
1333 1802 1569 1871 Θερμαίῳ
1615 1801 1785 1870 κόλπῳ

117 1884 367 1959 οἰκημένῃ,
411 1885 494 1939 ἀπ’
530 1886 589 1951 ἧς
629 1885 708 1938 καὶ
749 1886 775 1936 ὁ
817 1886 1002 1940 κόλπος
1039 1886 1182 1939 οὗτος
1216 1884 1307 1950 τὴν
1343 1886 1626 1951 ἐπωνυμίην
1661 1885 1784 1954 ἔχει’
1787 1928 2132 1982 Mammea-

118 1971 268 2043 ταύτῃ
289 1972 400 2039 γὰρ,
418 1969 732 2039 ἐπυνθάνετο
748 1970 1131 2036 σηρτρμῴῑατον
1162 1970 1304 2031 εἶναι.
1392 1969 1542 2038 μέχρι
1570 1972 1661 2036 μὲν
1692 1971 1788 2037 γὰρ
1826 1960 2132 2061 zffdQ⁹

118 2053 363 2108 Ἀκάνθου
392 2056 488 2109 ὦδε
523 2054 823 2122 τεταγμένος
860 2056 886 2106 ὁ
916 2054 1139 2122 στρατὸς
1165 2057 1218 2107 ἐκ
1258 2056 1514 2122 Δορίσκου
1549 2054 1640 2120 τὴν
1671 2033 1870 2106 ὁδὸναλιι

119 2139 360 2193 ἐποιέετο·
405 2145 536 2207 τρεῖς
558 2141 735 2206 μοίρας
758 2141 785 2191 ὁ
812 2139 1005 2208 Ξέρξης
1029 2137 1311 2205 δασάμενος
1334 2138 1497 2212 πάντα
1526 2138 1613 2191 τὸν
1638 2139 1786 2202 πεζόν

47 2220 388 2291 25[o·rpa·1·o'v],
413 2225 533 2291 μίαν
562 2223 750 2277 αὐτέων
777 2223 921 2290 ἔταξε
951 2226 1085 2292 παρὰ
1116 2224 1383 2277 θάλασσαν
1416 2222 1542 2276 ἰέναι
1574 2225 1696 2290 ὁμοῦ
1720 2228 1786 2292 τῷ

119 2314 345 2380 ναυτικῷ·
419 2309 599 2374 ταύτης
650 2312 743 2375 μὲν
788 2309 845 2374 δὴ
893 2307 1231 2377 ἐστρατήγεον
1279 2309 1564 2375 Μαρδόνιός
1608 2330 1663 2360 τε
1709 2308 1787 2359 καὶ
1827 2327 1852 2369 3

121 2395 409 2459 Μασίστης,
445 2392 586 2461 ἑτέρη
618 2396 670 2446 δὲ
707 2391 982 2461 τεταγμένη
1020 2393 1095 2459 ἤιε
1132 2398 1220 2445 τοῦ
1257 2398 1473 2461 στρατοῦ
1508 2392 1790 2459 τριτημορὶς

119 2476 208 2543 τὴν
258 2478 552 2545 μεσόγαιαν,
606 2481 694 2543 τῆς
746 2476 1082 2545 ἐστρατήγεον
1133 2477 1536 2547 Τριτανταίχμης
1595 2499 1648 2529 τε
1709 2477 1789 2528 καὶ

179 2628 196 2654 1
241 2614 455 2657 ποιέσκετο
494 2613 714 2654 ABCP:
761 2613 942 2655 ἐποιέετο
981 2614 1121 2654 RSV
1328 2627 1352 2652 2
1398 2613 1494 2655 ἔσκε
1527 2627 1609 2652 om.
1648 2612 1787 2653 ABC

121 2682 148 2719 3
177 2669 337 2722 ἐγίνετο
358 2669 446 2709 ΑΒ
463 2670 496 2709 C
619 2668 743 2710 πόνον
766 2669 944 2720 ἔχεσκον
967 2668 1006 2706 R
1023 2669 1103 2708 SV
1268 2683 1292 2718 4
1323 2670 1426 2710 ὅπως
1452 2668 1540 2706 RV
1672 2671 1715 2709 ἐν
1737 2671 1789 2722 τῇ

119 2723 161 2762 Α
173 2723 208 2763 Β
223 2725 257 2764 C
387 2726 413 2763 8
442 2723 713 2772 συνεβούλευε
733 2723 774 2762 Α
787 2724 821 2762 Β
835 2724 869 2763 C
886 2725 985 2777 (ξυν.
990 2723 1006 2774 )
1031 2723 1065 2763 Ε
1177 2725 1351 2774 πανδημὶ
1371 2723 1412 2761 Α
1427 2722 1462 2761 Β
1479 2723 1513 2762 E
1637 2735 1664 2773 9
1691 2740 1788 2776 παρ·

122 2778 399 2829 αιτεουμένους
415 2779 455 2817 R
468 2779 507 2819 V
632 2792 681 2818 10
703 2780 975 2830 ἆποταμυνεΐν
988 2779 1050 2818 lx:
1073 2780 1294 2829 ἆπαμυνεῖν
1306 2779 1396 2818 rell.
1526 2791 1540 2815 1
1553 2791 1569 2815 1
1589 2794 1788 2830 παρεχομ.

125 2833 161 2871 R
178 2833 259 2873 SV
438 2835 490 2872 16
519 2836 754 2888 ἐκτριβῆναι
777 2833 837 2875 E:
868 2837 1120 2886 διατριβῆναι
1143 2833 1233 2873 rell.
1405 2846 1452 2884 17
1485 2834 1589 2883 ὅμως
1614 2833 1789 2884 (tamen)

122 2887 272 2928 Valla.
302 2889 444 2940 ὁμοίως
461 2890 496 2928 L
611 2902 661 2939 19
683 2891 756 2929 τοῦ
773 2892 959 2929 ναυτικοῦ
977 2891 1155 2942 στρατοῦ
1172 2888 1293 2928 Stein
1407 2901 1458 2927 22
1483 2889 1790 2940 συντομώτερον

124 2942 163 2981 R
180 2942 259 2982 SV
387 2955 439 2994 25
471 2943 649 2998 στρατόν
671 2957 750 2982 om.
779 2943 818 2982 R
835 2943 916 2982 SV
1030 2946 1162 2985 αὐτῶν
1186 2943 1224 2981 R
1239 2942 1321 2982 SV
1444 2945 1496 2982 28
1522 2942 1728 2996 μεσόγεαν
1750 2941 1787 2980 R
