2132 3340
736 56 1115 108 ΙΣΤΟΡΙΩΝ
1179 57 1227 106 Η
1404 116 1416 128 ,
1861 54 1973 103 V11.
2000 50 2073 117 §o

147 191 236 245 τὰς
262 192 354 256 μὲν
377 191 604 258 κεφαλᾶς
634 189 861 257 εἱλίχατο
890 189 1098 260 μίτρῃσι
1127 189 1175 239 οἱ
1204 183 1453 253 βασιλέες
1482 178 1660 245 αὐτῶν,
1687 186 1733 237 οἱ
1765 186 1818 236 δὲ

147 274 297 327 ἄλλοι
319 275 458 343 εἶχον
478 278 702 333 κιθῶνας,
723 275 786 325 τὰ
807 275 862 325 δὲ
885 272 1020 324 ἄλλα
1040 270 1162 324 κατά
1185 293 1278 339 περ
1291 269 1564 336 “Ελληνες.
1630 269 1819 321 τούτων

146 361 201 413 δὲ
229 357 415 412 τοσάδε
445 358 590 412 ἔθνεά
619 360 746 418 ἐστι,
781 360 826 410 οἱ
862 359 955 424 μὲν
985 356 1083 410 ἀπὸ
1115 360 1398 422 Σαλαμῖνος
1437 355 1516 407 καὶ
1545 353 1815 420 Ἀθηνέων,

145 446 193 497 οἱ
223 445 277 496 δὲ
307 442 406 496 ἀπὸ
431 443 713 511 Ἀρκαδίης,
745 445 792 496 οἱ
822 445 876 495 δὲ
907 441 1005 495 ἀπὸ
1037 441 1247 501 Κύθνου,
1280 443 1327 493 οἱ
1357 442 1410 493 δὲ
1441 438 1541 493 ἀπὸ
1565 440 1816 505 Φοινίκης,
1850 495 1853 497 ,
1894 494 1897 495 ⁷

99 551 122 592 5
146 530 192 582 οἱ
222 531 276 581 δὲ
305 526 402 582 ἀπὸ
427 529 703 594 Αἰθιοπίης,
737 527 802 582 ὡς
834 527 971 579 αὐτοὶ
994 526 1206 594 Κύπριοι
1234 524 1463 593 λέγουσι.
1534 525 1736 579 Κίλικες
1766 527 1819 577 δὲ

147 612 323 666 ἑκατὸν
346 614 646 682 παρείχοντο
670 611 800 666 νέας.
871 611 1006 664 οὗτοι
1028 610 1070 663 δ’
1091 611 1151 663 αὗ
1174 611 1286 678 περὶ
1308 612 1400 676 μὲν
1419 610 1537 682 τῇσι
1561 616 1819 682 κεφαλῇσι
1858 621 1920 669 91

148 696 329 763 κράνεα
360 698 617 767 ἐπιχώρια,
651 695 862 762 λαισήιά
891 718 946 749 τε
977 695 1117 765 εἶχον
1148 694 1253 748 ἀντ’
1285 696 1530 754 ἀσπίδων,
1558 693 1818 760 ὠμοβοέης

147 781 471 849 πεποιημένα,
493 783 573 835 καὶ
594 785 804 837 κιθῶνας
822 779 1057 850 εἰρινέους
1075 780 1404 834 ἐνδεδυκότες·
1438 780 1523 831 δύο
1543 781 1596 831 δὲ
1614 779 1819 849 ἀκόντια

145 867 359 933 ἕκαστος
391 867 470 919 καὶ
500 865 649 936 ξίφος
680 867 835 936 εἰχον,
862 864 1125 935 ἀγχοτάτω
1157 866 1274 938 τῇσι
1298 865 1603 937 Αἰγυπτίῃσι
1631 865 1815 933 μαχαί-

75 974 123 1003 ιο
145 950 598 1025 ρῃσιπεποιημένα.
652 952 787 1004 οὗτοι
803 947 931 1019 [μὲν]
947 950 1004 1003 τὸ
1018 949 1234 1004 παλαιὸν
1248 949 1516 1018 Ὕπαχαιοὶ
1533 948 1816 1008 ἐκαλέοντο,

145 1037 228 1090 ἐπὶ
268 1038 321 1089 δὲ
361 1037 567 1091 Κίλικος
605 1041 692 1089 τοῦ
728 1034 999 1105 Ἀγήνορος
1040 1036 1216 1103 ἀνδρὸς
1253 1035 1488 1088 Φοίνικος
1529 1033 1688 1103 ἔσχον
1726 1034 1818 1099 τὴν

147 1123 442 1188 ἐπωνυμίην.
511 1120 788 1190 Πάμφυλοι
811 1123 865 1174 δὲ
888 1119 1152 1189 τριήκοντα
1170 1120 1470 1188 παρείχοντο
1494 1117 1609 1174 νέας
1626 1118 1814 1184 Ἑλλη-

146 1210 330 1259 νικοῖσι
349 1207 555 1260 ὅπλοισι
574 1205 952 1272 ἐσκευασμένοι.
1007 1207 1053 1258 οἱ
1073 1207 1127 1257 δὲ
1148 1203 1427 1272 Πάμφυλοι
1446 1203 1582 1256 οὗτοι
1601 1203 1699 1257 εἰσὶ
1719 1209 1816 1255 τῶν

147 1293 200 1344 ἐκ
229 1292 412 1359 Τροίης
447 1290 930 1345 ἀποσκεδασθέντων
960 1289 1061 1356 ἅμα
1091 1289 1391 1359 Ἀμφιλόχῳ
1425 1289 1504 1340 καὶ
1537 1287 1814 1357 Κάλχαντι.

74 1398 121 1440 ¹5
145 1376 316 1429 Λύκιοι
337 1379 391 1429 δὲ
409 1377 708 1446 παρείχοντο
732 1375 848 1431 νέας
867 1373 1190 1440 πεντήκοντα,
1212 1374 1557 1442 θωρηκοφόροι
1576 1395 1631 1425 τε
1651 1374 1817 1427 ἐόντες
1858 1386 1927 1433 92

147 1461 226 1512 καὶ
251 1461 623 1529 κνημιδοφόροι,
647 1461 785 1529 εἰχον
804 1463 858 1513 δὲ
881 1458 1002 1525 τόξα
1026 1458 1258 1530 κρᾳ-νέϊνα
1283 1458 1360 1510 καὶ
1384 1458 1584 1511 ὀϊστοὺς
1606 1459 2132 1542 καλαμί-Ἱψωηάωιθ

146 1566 260 1599 νους
291 1544 532 1614 ἀπτέρους
563 1546 642 1598 καὶ
679 1546 897 1605 ἀκόντια,
931 1545 1014 1598 ἐπὶ
1049 1547 1104 1597 δὲ
1140 1543 1281 1612 αἰγὸς
1317 1542 1534 1610 δέρματα
1563 1543 1675 1611 περὶ
1703 1543 1817 1597 τοὺς

146 1629 306 1696 ὤμους
342 1630 661 1697 αἰωρεύμενα,
693 1630 805 1698 περὶ
840 1632 894 1682 δὲ
928 1630 1047 1701 τῇσι
1085 1629 1341 1701 κεφαλῇσι
1375 1629 1552 1683 πίλους
1589 1632 1815 1695 πτεροῖσι

145 1714 721 1782 περιεστεφανωμένους·
755 1716 1027 1783 ἐγχειρίδια
1041 1716 1095 1766 δὲ
1110 1713 1189 1766 καὶ
1202 1712 1423 1780 δρέπανα
1439 1713 1595 1782 εἶχον.
1643 1713 1816 1765 Λύκιοι

74 1818 123 1848 ²0
145 1800 199 1851 δὲ
227 1799 472 1866 Τερμίλαι
509 1799 777 1854 ἐκαλέοντο
814 1801 868 1851 ἐκ
900 1797 1097 1866 Κρήτης
1132 1798 1411 1866 γεγονότες,
1446 1799 1528 1850 ἐπὶ
1565 1799 1619 1850 δὲ
1652 1797 1817 1850 Λύκου

144 1887 232 1935 τοῦ
282 1884 561 1938 Πανδίονος
612 1882 790 1952 ἀνδρὸς
839 1883 1106 1949 Ἀθηναίου
1156 1882 1324 1951 ἔσχον
1375 1881 1465 1947 τὴν
1517 1884 1814 1948 ἐπωνυμίην.

148 1967 366 2035 Δωριέες
409 1970 462 2021 δὲ
504 1971 551 2021 οῖ
593 1969 647 2020 ἐκ
687 1972 774 2034 τῆς
812 1967 989 2034 Ἀσίης
1029 1966 1291 2035 τριήκοντα
1334 1967 1635 2036 παρείχοντο
1679 1965 1811 2026 νέας,
1855 1980 1924 2029 93

144 2051 347 2119 ἔχοντές
385 2074 441 2105 τε
478 2052 758 2119 Ἑλληνικὰ
800 2054 935 2106 ὅπλα
981 2053 1059 2104 καὶ
1098 2053 1363 2120 γεγονότες
1407 2052 1505 2104 ἀπὸ
1547 2056 1808 2104 Πελοπον-

145 2135 318 2202 νήσου.
404 2140 566 2205 Κᾶρες
609 2141 664 2190 δὲ
708 2136 1053 2204 ἑβδομήκοντα
1097 2138 1398 2204 παρείχοντο
1444 2135 1574 2196 νέας,
1617 2138 1677 2187 τὰ
1720 2138 1812 2201 μὲν

72 2238 119 2279 25
143 2219 279 2272 ἄλλα
309 2220 431 2272 κατά
462 2243 554 2289 περ
574 2220 829 2287 ’Έλληνες
859 2220 1175 2288 ἐσταλμένοι,
1210 2221 1351 2289 εἶχον
1387 2223 1441 2273 δὲ
1477 2222 1555 2273 καὶ
1592 2219 1811 2287 δρέπανα

146 2304 225 2356 καὶ
269 2307 557 2374 ἐγχειρίδια.
645 2307 778 2359 οὗτοι
823 2309 877 2358 δὲ
920 2307 1100 2360 οἵτινες
1144 2306 1385 2377 πρότερον
1429 2303 1714 2364 ἐκαλέοντο,
1758 2307 1811 2357 ἐν

144 2393 280 2442 τοῖσι
315 2390 561 2458 πρώτοισι
587 2395 686 2443 τῶν
715 2391 884 2458 λόγων
915 2393 1120 2458 εἴρηται.
1200 2389 1373 2444 Ἴωνες
1404 2392 1457 2442 δὲ
1489 2389 1666 2441 ἑκατὸν
1696 2388 1811 2443 νέας
1852 2411 1924 2458 94

145 2474 458 2542 παρείχοντο,
506 2473 869 2541 ἐσκευασμένοι
923 2475 988 2529 ὡς
1022 2473 1296 2539 αΈλληνες.
1372 2472 1545 2527 Ἴωνες
1592 2476 1645 2525 δὲ
1689 2474 1813 2525 ὅσον

199 2623 225 2650 2
253 2616 430 2664 χιτῶνας
461 2611 625 2652 RSV:
662 2612 842 2666 κιτάριας
871 2613 926 2652 de
957 2612 1092 2652 Pauw
1123 2612 1225 2652 Poll.
1260 2625 1290 2650 x
1314 2612 1390 2661 163
1417 2610 1512 2651 coll.
1532 2627 1543 2637 .
1677 2623 1704 2660 3
1734 2613 1811 2654 εἶσι

142 2665 183 2705 Α
198 2666 233 2704 Β
247 2667 282 2706 C
365 2666 564 2716 Ἀθηνέων
582 2667 642 2707 P:
671 2667 811 2709 -ναίων
831 2667 922 2708 rell.
1033 2669 1061 2706 6
1083 2669 1116 2708 δ’
1133 2667 1202 2718 αὖ]
1225 2666 1269 2708 δὲ
1291 2666 1331 2705 R
1347 2665 1429 2706 SV
1542 2678 1564 2716 7
1586 2665 1811 2716 ὦμοβοείης

145 2722 171 2760 d
190 2735 200 2760 z
229 2721 428 2771 ὦμοβοίης
451 2722 485 2760 L
686 2734 714 2771 9
741 2726 846 2763 τοῖσι
871 2722 901 2761 S
1030 2722 1288 2775 Αἰγυπτίοισι
1312 2721 1351 2760 R
1366 2721 1396 2760 S
1410 2721 1448 2760 V
1585 2721 1809 2775 μαχαίρῃσι

143 2789 225 2816 om.
252 2775 290 2813 R
306 2776 388 2815 SV
558 2789 607 2816 10
634 2775 708 2828 μὲν
728 2790 812 2816 om.
837 2777 875 2815 R
891 2776 998 2816 SV:
1028 2778 1077 2818 τὸ
1098 2776 1174 2828 μὲν
1197 2776 1468 2816 Herwerden
1654 2789 1699 2814 11
1734 2777 1811 2816 ἀπὸ

147 2830 185 2869 R
200 2830 230 2869 S
243 2830 282 2869 V
410 2832 547 2885 ἀνδρὸς
567 2835 641 2873 τοῦ
660 2834 746 2884 'A-y.
770 2833 908 2885 ἀνδρὸς
931 2831 1020 2870 RV
1203 2844 1252 2870 12
1273 2836 1316 2870 et
1342 2843 1390 2880 13
1420 2829 1651 2883 Παμφύλιοι
1674 2830 1714 2869 R
1729 2830 1759 2869 S
1773 2830 1811 2870 V

149 2885 199 2923 16
225 2883 387 2939 κρανέῖα
401 2886 435 2924 C
603 2898 649 2937 17
682 2885 805 2938 δέρμα
821 2916 830 2926 .
851 2915 861 2925 .
881 2916 891 2925 .
911 2885 1173 2940 αἰωρεύμενον
1192 2886 1231 2924 Α
1244 2886 1279 2924 Β
1293 2886 1326 2924 C
1497 2898 1547 2937 19
1578 2888 1808 2939 ἐστεφανω-

143 2939 284 2989 μένους
305 2939 345 2979 R
359 2940 390 2979 S
404 2940 441 2979 V
604 2942 658 2980 28
688 2940 733 2982 δὲ
753 2941 850 2982 ὅσον
868 2940 962 2993 μὲν]
984 2939 1061 2992 μὲν
1080 2941 1178 2982 ὅσον
1199 2941 1233 2979 C
