2132 3340
739 61 1118 111 ιΣΤοΡιΩΝ
1181 62 1228 112 H
1860 65 1976 115 vn.
2009 77 2108 130 140

122 168 144 181 N

235 188 537 258 Πέμψαντες
582 193 677 260 γὰρ
725 195 771 245 οἱ
817 191 1076 258 Ἀθηναῖοι
1128 195 1179 248 ἐς
1229 193 1469 261 Δελφοὺς
1516 192 1821 259 θεοπρόπους
1860 211 1953 259 140

147 273 604 342 χρηστηριάζεσθαι
643 274 775 340 ἦσαν
815 276 1018 343 ἕτοιμοι·
1066 279 1152 330 καί
1190 285 1288 345 σφι
1326 276 1574 343 ποιήσασι
1612 276 1724 344 περὶ
1763 277 1821 328 τὸ
1874 267 1876 270 ’

83 373 91 385 “
149 357 253 425 ἱρὸν,
291 359 353 410 τὰ
393 359 703 426 νομιζόμενα,
748 360 813 415 ὡς
853 363 904 415 ἐς
943 361 1000 413 τὸ
1038 362 1257 430 μέγαρον
1298 362 1596 416 ἐσελθόντες
1636 362 1817 425 ἵζοντο,

147 449 245 513 χρᾷ
274 443 304 508 ἡ
337 444 515 509 Πυθίη,
547 451 607 517 τῇ
637 444 823 511 οὔνομα
853 445 913 511 ἧν
943 445 1277 514 Ἀριστονίκη,
1311 446 1443 498 τάδε·

99 567 121 607 5
231 546 269 600 ὦ
298 548 485 615 μέλεοι,
519 551 571 602 τί
598 549 844 616 κάθησθε,·
890 553 1053 605 λιπὼν
1085 551 1229 620 φεῦγ’
1261 553 1454 620 ἔσχατα
1485 552 1629 619 γαίης
1856 573 1882 606 2

230 634 428 700 δώματα
459 635 537 686 καὶ
569 635 745 690 πόλιος
774 635 1084 705 τροχοειδέος
1113 636 1237 703 ἄκρα
1269 636 1470 704 κάρηνα.

230 718 341 771 οὔτε
371 720 467 786 γὰρ
495 719 525 784 ἡ
558 719 752 788 κεφαλὴ
782 719 920 786 μένει
951 721 1164 787 ἔμπεδον
1193 721 1305 773 οὔτε
1336 720 1392 771 τὸ
1424 726 1585 786 σῶμα,

230 803 524 858 οὔτε.πόδες
553 803 719 856 νέατοι
750 804 851 857 οὔτ’
882 803 951 858 ὧν
981 805 1143 873 χέρες,
1176 806 1288 858 οὔτε
1318 826 1366 857 τι
1394 804 1592 871 μέσσης
1814 864 1850 897 >t
1968 835 1969 841 1

173 897 182 904 '
228 888 471 947 λείπεται,
504 888 622 940 ἀλλ’
653 888 813 959 ἄζηλα
843 888 1003 942 πέλει·
1051 891 1174 941 κατὰ
1203 889 1298 964 γᾴρ
1328 911 1412 956 μιν
1443 891 1628 957 ἐρείπει
1778 885 2006 965 ιοῶιιλοι

0 957 11 1022 ἱ
75 996 122 1024 ιο
230 976 326 1039 πῦρ
354 993 409 1025 τε
440 973 518 1025 καὶ
549 971 664 1038 ὀξὺς
686 972 858 1041 Ἀρης,
895 976 1188 1042 Συριηγενὲς
1219 973 1351 1041 ἅρμα
1381 975 1585 1026 διώκων.

0 986 24 1121 l
229 1058 399 1108 πολλὰ
429 1059 482 1109 δὲ
513 1057 660 1110 κᾶλλ’
684 1059 870 1111 ἀπολεῖ
895 1059 1213 1126 πυργώματα,
1243 1059 1329 1110 κού
1357 1058 1415 1110 τὸ
1446 1058 1540 1110 σὸν
1570 1057 1693 1110 οἷον·
1855 1070 1884 1115 3

229 1140 449 1195 πολλοὺς
481 1141 522 1193 δ’
555 1141 815 1195 ἀθανάτων
845 1143 991 1208 νηοὺς
1020 1148 1220 1213 μαλερῷ
1251 1144 1366 1210 πυρὶ
1398 1143 1565 1202 δώσει,

228 1226 279 1277 οἵ
305 1247 399 1278 που
428 1230 517 1278 νῦν
548 1228 712 1294 ἱδρῶτι
740 1227 998 1295 ῥεούμενοι
1029 1226 1290 1292 ἑστήκασι,

229 1311 422 1376 δείματι
451 1312 778 1378 παλλόμενοι,
814 1314 935 1364 κατὰ
965 1311 1006 1363 δ’
1039 1311 1327 1379 ἀκροτάτοις
1357 1312 1623 1379 ὀρόφοισιν

77 1416 88 1444 ι
98 1414 121 1456 5
228 1395 348 1460 αἷμα
376 1394 536 1461 μέλαν
568 1395 787 1464 κέχυται,
821 1396 1023 1464 προϊδὸν
1055 1396 1322 1461 κακότητος
1353 1395 1586 1463 ἀνάγκας.
2035 1398 2039 1402 ’

229 1479 345 1532 ἀλλ’
375 1482 482 1533 ἴτον
514 1479 580 1545 ἐξ
599 1481 813 1540 ἀδύτοιο,
849 1486 1015 1545 κακοῖς
1047 1480 1089 1532 δ’
1120 1481 1399 1545 ἐπικίδνατε
1432 1482 1599 1547 θυμόν.
1623 1479 1967 1575 *wasta
1993 1469 2132 1514 Μ·

146 1589 296 1637 ταῦτα
331 1587 636 1640 ἀκούσαντες
671 1590 717 1640 οἱ
748 1592 848 1640 τῶν
879 1587 1156 1653 Ἀθηναίων
1189 1588 1457 1654 θεοπρόποι
1489 1588 1726 1659 συμφορῇ
1756 1594 1817 1660 τῇ
1856 1605 1938 1655 141

145 1670 359 1743 μεγίστῃ
390 1670 653 1739 ἐχρέωντο.
737 1671 1094 1739 προβάλλουσι
1123 1674 1176 1723 δὲ
1209 1671 1372 1741 σφέας
1403 1671 1578 1725 αὐτοὺς
1608 1671 1702 1724 ὑπὸ
1731 1672 1891 1722 τοῦέκ
1910 1664 2132 1734 “SC-(⁶¹⁸

149 1759 297 1807 κακοῦ
319 1760 405 1806 τοῦ
437 1755 779 1823 κεχρησμένου
800 1758 972 1822 Τίμων
1004 1757 1030 1807 ὁ
1053 1756 1443 1823 Ἀνδροβούλου,
1470 1761 1568 1808 τῶν
1595 1760 1818 1823 Δελφῶν
1981 1731 2115 1784 W

74 1863 124 1891 20
146 1838 269 1907 ἀνὴρ
299 1840 499 1902 δόκιμος
529 1842 675 1906 ὅμοια
704 1845 772 1911 τῷ
802 1840 1043 1907 μάλιστα,
1078 1840 1415 1906 συνεβούλευέ
1445 1847 1542 1908 σφι
1573 1841 1819 1907 ἱκετηρίας

145 1927 369 1988 λαβοῦσι
399 1925 602 1992 δεύτερα
634 1924 769 1979 αῦτις
806 1926 1046 1979 ἐλθόντας
1082 1927 1301 1993 χρᾶσθαι
1334 1929 1400 1994 τῷ
1431 1926 1719 1994 χρηστηρίῳ
1753 1925 1818 1977 ὡς

147 2006 324 2062 ἱκέτας.
393 2008 734 2074 πειθομένοισι
759 2013 811 2061 δὲ
831 2014 985 2061 ταῦτα
1003 2014 1137 2061 τοῖσι
1155 2008 1467 2074 Ἀθηναίοισι
1493 2009 1571 2059 καὶ
1589 2007 1815 2075 λέγουσι·
1855 2027 1881 2059 2

137 2089 321 2155 φΩναξ,
354 2096 548 2161 χρῆσον
577 2093 695 2158 ἡμῖν
726 2093 928 2159 ἄμεινόν
958 2115 1006 2145 τι
1035 2093 1146 2160 περὶ
1176 2096 1263 2158 τῆς
1293 2095 1542 2160 πατρίδος,
1569 2093 1817 2145 αἰδεσθεὶς

145 2177 231 2229 τὰς
252 2178 496 2244 ἱκετηρίας
515 2177 669 2229 τάσδε
688 2176 776 2231 τάς
799 2199 876 2229 τοι
899 2178 1082 2243 ἥκομεν
1106 2176 1362 2245 φέροντες·
1403 2174 1433 2241 ἢ
1457 2177 1513 2228 οὔ
1536 2198 1612 2228 τοι
1634 2176 1816 2242 ἄπιμεν

71 2282 120 2321 25
147 2261 201 2311 ἐκ
243 2266 330 2312 τοῦ
371 2262 563 2320 ἀδύτου,
603 2262 718 2314 ἀλλ’
761 2262 909 2314 αὐτοῦ
944 2263 1060 2334 τῇδε
1099 2260 1342 2327 μενέομεν
1381 2261 1485 2313 ἔστ’
1521 2260 1582 2312 ἂν
1620 2262 1699 2312 καὶ
1737 2282 1814 2312 τε-

144 2343 481 2410 λευτήσωμεν,
507 2350 658 2397 ταῦτα
682 2350 734 2398 δὲ
757 2346 969 2414 λέγουσι
991 2347 1020 2411 ἡ
1047 2347 1317 2413 πρόμαντις
1339 2346 1436 2414 χρᾷ
1455 2346 1656 2412 δεύτερα
1678 2344 1813 2397 τάδε·

199 2498 224 2535 3
255 2468 443 2527 ἐλθόντες
466 2486 504 2524 R
521 2486 603 2524 SV
770 2498 794 2535 5
824 2486 968 2538 φύγετ’
993 2486 1176 2526 Oenom.
1201 2499 1269 2536 ap.
1291 2485 1389 2525 Eus.
1415 2497 1560 2536 praep.
1586 2498 1651 2524 ev.
1673 2496 1716 2526 υ.
1733 2498 1783 2535 24
1805 2499 1818 2525 ι

145 2539 510 2636 32’52221222
844 2541 926 2633 δὲ’
1392 2539 1558 2636 ¹231,
1585 2539 1815 2635 3153ssszss

147 2651 166 2688 ἐ
191 2649 269 2690 (πει
292 2649 332 2687 A
347 2612 432 2687 gc
547 2663 596 2688 10
626 2626 858 2703 Ἀσὶηγενὲς
881 2612 1040 2689 Ηξνη
1134 2662 1178 2688 11
1211 2649 1338 2691 τόσον
1354 2609 1444 2691 {fou
1467 2611 1501 2687 1⁷3
1618 2661 1667 2687 12
1698 2650 1814 2691 ναοὺς

198 2703 280 2742 BC
297 2703 374 2742 PS
547 2716 594 2753 13
624 2704 827 2759 ῥεεύμενοι
858 2704 993 2744 Clem.
1026 2704 1093 2744 Al.
1122 2704 1209 2744 Str.
1235 2718 1271 2744 v.
1292 2717 1371 2754 792
1575 2718 1623 2754 14
1654 2704 1813 2755 δείμασι

148 2756 186 2795 R
203 2758 233 2797 S
248 2758 285 2797 V
414 2771 462 2808 15
493 2758 670 2812 ἀνάγκης
691 2759 728 2797 Α
743 2758 779 2797 Β
797 2774 806 2799 :
836 2776 901 2808 ·ην
923 2758 957 2797 C
1086 2761 1135 2798 16
1163 2762 1323 2801 κακοῖσι
1344 2758 1384 2796 Α
1398 2758 1431 2797 Β
1446 2757 1481 2797 C
1611 2772 1657 2808 17
1683 2762 1814 2799 ταῦτα

146 2811 191 2852 δὲ
227 2813 266 2852 R
490 2826 540 2864 19
579 2814 832 2868 κεχρημένου
881 2814 919 2852 R
944 2813 974 2853 S
995 2813 1033 2851 V
1253 2826 1307 2852 20
1355 2813 1561 2867 ἱκετηρίην
1602 2812 1642 2851 Α
1664 2813 1699 2851 Β
1721 2814 1755 2852 C
1782 2814 1815 2852 P

147 2879 196 2905 21
229 2871 404 2922 χρῆσθαι
428 2868 466 2907 R
483 2868 565 2908 SV
729 2881 781 2918 23
810 2869 853 2909 τί
882 2869 1044 2919 ἄμεινον
1075 2868 1113 2907 R
1131 2868 1160 2907 S
1176 2869 1213 2907 V
1393 2882 1444 2917 24
1476 2869 1546 2907 alt.
1571 2867 1657 2918 τοι]
1677 2886 1749 2910 του
1774 2868 1812 2906 R

147 2932 199 2970 25
226 2923 398 2974 μένομεν
417 2922 456 2961 Α
471 2923 505 2961 Β
519 2924 552 2961 C
720 2925 774 2961 26
803 2923 846 2964 δὲ
869 2936 949 2963 om.
979 2923 1016 2961 R
1033 2924 1062 2962 S
1076 2923 1113 2962 V
1127 2923 1185 2961 ΑΓ
1204 2938 1213 2962 2
1243 2926 1290 2973 δὴ
1318 2923 1514 2972 Krueger

1577 3007 1648 3048 14*
