2086 3328
75 133 136 183 V.
164 147 245 194 114

172 354 247 402 115

165 1104 248 1162 116

913 130 1343 180 ΗΡΟΔΟΤΟΤ

284 264 378 314 ἀνὰ
414 265 511 315 πᾶν
542 261 666 322 ἔτος,
702 262 784 314 καί
796 268 912 333 ,σφι
950 266 1146 315 ποιεῦσι
1175 266 1326 314 ταῦτα
1361 261 1563 328 ἄμεινον
1600 262 1942 314 συνοίσεσθαι.

284 346 609 412 Ἀμαθούσιοι
655 346 747 412 μέν
794 368 882 399 νυν
930 347 1126 398 ἐποίευν
1173 351 1325 398 ταῦτα
1378 347 1455 399 καὶ
1506 346 1564 398 τὸ
1614 345 1764 414 μέχρι
1809 346 1940 411 ἐμεῦ,

276 429 447 484 Ἴωνες
491 434 544 483 δὲ
584 433 630 482 οἱ
676 432 729 482 ἐν
776 431 957 501 Κύπρῳ
1004 429 1416 498 ναυμαχήσαντες
1455 421 1627 484 ἐπείτε
1660 431 1844 495 ἔμαθον
1882 431 1944 481 τὰ

284 513 551 581 πρήγματα
593 517 655 566 τὰ
683 511 974 579 ”Ονησίλου
1019 514 1355 582 διεφθαρμένα
1408 516 1486 567 καὶ
1529 516 1616 567 τὰς
1660 514 1807 567 πόλις
1845 518 1945 566 τῶν

289 600 521 664 Κυπρίων
543 597 960 665 πολιορκευμένας
983 600 1071 652 τὰς
1094 597 1255 652 ἄλλας
1277 598 1412 663 πλὴν
1442 602 1738 663 Σαλαμῖνος,
1763 597 1944 662 ταύτην
1969 619 1992 660 5

286 685 339 734 δὲ
366 684 533 752 Γόργῳ
558 684 623 752 τῷ
650 681 868 751 προτέρῳ
893 681 1105 747 βασιλέϊ
1126 682 1240 736 τοὺς
1264 683 1594 747 Σαλαμινίους
1617 682 1942 747 παραδόντας,

287 768 459 818 αὐτίκα
488 767 729 831 μαθόντες
766 768 811 818 οἱ
835 764 1007 819 Ἴωνες
1041 771 1193 817 ταῦτα
1232 765 1485 818 ἀπέπλεον
1524 767 1576 819 ἐς
1615 765 1706 829 τὴν
1735 765 1944 830 Ἰωνίην.

286 855 384 902 τῶν
431 853 484 902 δὲ
529 852 583 902 ἐν
630 850 810 919 Κύπρῳ
855 851 1044 901 πολίων
1090 848 1307 918 ἀντέσχε
1349 850 1532 916 χρόνον
1577 849 1659 901 ἐπὶ
1703 854 1946 901 πλεῖστον

287 933 678 1000 πολιορκευμένη
725 934 893 993 Σόλοι,
939 933 1030 998 τὴν
1071 932 1218 1001 πέριξ
1263 933 1635 1000 ὑπορύσσοντες
1682 937 1736 985 τὸ
1780 937 1947 1002 τεῖχος

287 1018 491 1088 πέμπτῳ
528 1018 644 1083 μηνὶ
680 1019 815 1070 εἶλον
846 1020 893 1070 οἱ
924 1016 1138 1084 Πέρσαι.
1552 1016 1553 1019 “
1974 1044 2024 1074 ιο

373 1102 584 1168 Κύπριοι
622 1105 714 1167 μὲν
753 1101 810 1166 δὴ
854 1101 1080 1154 ἐνιαυτὸν
1122 1101 1673 1171 ἐλεύθεροικγενόμενοι
1714 1103 1850 1156 αὖτις
1891 1102 1946 1154 ἐκ

287 1186 401 1251 νέης
434 1186 875 1239 κατεδεδούλωντο·
925 1187 1177 1253 Δαυρίσης
1209 1190 1262 1239 δὲ
1293 1187 1424 1255 ἔχων
1457 1187 1672 1254 Δαρείου
1704 1186 1948 1254 θυγατέρα

289 1271 369 1322 καὶ
419 1270 625 1337 Ὑμαίης
680 1293 735 1323 τε
787 1272 867 1323 καὶ
918 1269 1149 1336 Ὀτάνης,
1202 1271 1351 1323 ἄλλοι
1410 1270 1605 1338 Πέρσαι
1656 1272 1944 1338 στρατηγοί,

287 1355 488 1423 ἔχοντες
523 1355 603 1407 καὶ
636 1355 772 1407 οῦτοι
804 1355 1017 1422 Δαρείου
1054 1355 1341 1423 θυγατέρας,
1374 1353 1721 1420 ἐπιδιώξαντες
1748 1354 1862 1409 τοὺς
1896 1356 1948 1408 ἐς

0 1442 209 1498 adm
228 1436 467 1506 ia—Edpboe
501 1439 960 1506 στρατευσαμένους
994 1439 1175 1492 Ἰώνων
1213 1441 1291 1492 καὶ
1328 1437 1660 1510 ἐσαράξαντές
1696 1445 1862 1507 σφεας
1897 1441 1949 1493 ἐς
1975 1464 2022 1505 15

70 1496 235 1539 qm..

172 1623 249 1672 117

170 2119 250 2166 118

288 1525 374 1577 τὰς
410 1522 538 1583 νέας,
577 1531 638 1596 τῇ
672 1522 810 1596 μάχῃ
850 1524 914 1577 ὣς
950 1523 1308 1591 ἐπεκράτησαν,
1346 1523 1402 1575 τὸ
1438 1525 1663 1575 ἐνθεῦτεν
1699 1523 1945 1575 ἐπιδιελό-

287 1629 427 1673 μενοι
458 1610 546 1662 τάς
575 1609 722 1661 πόλις
750 1609 1003 1675 ἐπόρθεον.
1086 1610 1341 1674 Δαυρίσης
1369 1610 1461 1673 μὲν
1491 1604 1796 1674 τραπόμενος
1826 1606 1948 1674 πρὸς

289 1695 376 1746 τὰς
425 1695 479 1744 ἐν
522 1692 888 1762 Ἑλλησπόντῳ
936 1693 1082 1745 πόλις
1130 1694 1234 1744 εἷλε
1280 1695 1371 1757 μὲν
1419 1690 1693 1758 Δάρδανον,
1744 1692 1848 1744 εἷλε
1894 1693 1948 1743 δὲ

283 1776 509 1842 ’Ἄβυδόν
532 1799 584 1829 τε
611 1778 689 1828 καὶ
714 1777 983 1843 Περκώτην
1009 1776 1086 1828 καὶ
1105 1775 1386 1843 Λάμψακον
1411 1776 1488 1828 καὶ
1513 1775 1728 1827 Παισόν·
1768 1775 1948 1828 ταύτας

289 1863 381 1925 μὲν
415 1861 492 1913 ἐπ’
528 1860 684 1933 ἡμέρῃ
719 1860 906 1932 ἑκάστῃ
947 1862 1094 1927 αἵρεε,
1134 1859 1231 1911 ἀπὸ
1274 1863 1326 1912 δὲ
1362 1864 1560 1912 Παισοῦ
1599 1859 1864 1911 ἐλαύνοντί
1901 1861 1948 1911 οἱ
1974 1882 2025 1910 20

290 1945 371 1997 ἐπὶ
414 1944 606 2011 Πάριον
646 1946 795 1996 πόλιν
834 1943 957 2009 ἦλθε
1002 1946 1211 2012 ἀγγελίη
1252 1943 1365 1998 τοὺς
1408 1947 1573 2011 Κᾶρας
1615 1942 1771 1995 τώυτὸ
1802 1941 1949 1995 Ἴωσι

290 2028 640 2095 φρονήσαντας
670 2028 947 2082 ἀπεστάναι
976 2028 1073 2081 ἀπὸ
1106 2027 1360 2096 Περσέων.
1437 2027 1766 2094 ἀποστρέψας
1794 2024 1864 2080 ὧν
1893 2028 1947 2078 ἐκ

289 2121 375 2164 τοῦ
395 2112 782 2178 Ἑλλησπόντου
803 2113 986 2178 ἤλαυνε
1015 2112 1100 2165 τὸν
1125 2112 1341 2180 στρατὸν
1366 2113 1446 2164 ἐπὶ
1475 2112 1566 2176 τὴν
1591 2113 1793 2178 Καρίην.
1868 2112 1952 2162 καί

291 2218 385 2250 κως
415 2202 568 2248 ταῦτα
596 2202 728 2248 τοῖσι
754 2197 917 2263 Καρσὶ
949 2196 1230 2264 ἐξαγγέλθη
1261 2197 1502 2263 πρότερον
1523 2192 1552 2260 ἢ
1576 2195 1664 2247 τὸν
1691 2197 1947 2262 Δαυρίσην

290 2280 571 2333 ἀπικέσθαι.
640 2281 904 2345 πυθόμενοι
936 2284 987 2332 δὲ
1018 2283 1063 2332 οἱ
1096 2285 1255 2348 Κᾶρες
1287 2279 1617 2346 συνελέγοντο
1649 2279 1729 2331 ἐπὶ
1758 2278 1949 2332 Λευκάς
1975 2301 2023 2342 25

290 2386 344 2416 τε
370 2363 559 2428 στήλας
590 2363 894 2429 καλεομένας
920 2365 998 2415 καὶ
1021 2364 1241 2430 ποταμὸν
1264 2364 1527 2433 Μαρσύην,
1554 2362 1608 2416 ὃς
1636 2361 1761 2429 ῥέων
1785 2364 1839 2414 ἐκ
1861 2366 1950 2428 τῆς

228 2466 253 2496 2
291 2448 527 2515 Ἰδριάδος
550 2449 715 2516 χώρης
740 2449 790 2502 ἐς
812 2453 898 2501 τὸν
922 2450 1207 2516 Μαίανδρον
1231 2450 1427 2500 ἐκδιδοῖ.
1495 2445 1878 2515 συλλεχθέντων
1898 2449 1950 2498 δὲ

331 2601 367 2657 ΙΙ
401 2588 561 2638 ἄμεινον
578 2618 587 2627 .
607 2618 616 2627 .
638 2617 648 2627 .
668 2591 795 2628 ταῦτα
815 2601 896 2627 om.
924 2588 957 2626 C
1070 2589 1314 2639 συνήσεσθαι
1336 2588 1366 2627 S
1380 2587 1417 2625 V
1609 2599 1634 2624 2
1663 2602 1732 2627 νυν
1751 2598 1834 2626 om.
1857 2584 1897 2624 A
1912 2585 1947 2624 Β

289 2642 677 2738 ΙΙΞΕέιίιῙςΠὸῑνπόλεις
709 2697 742 2736 C
775 2643 1041 2749 ghmlcffyzrhlg)
1283 2657 1309 2748 ἓ
1338 2640 1603 2751 ᾮίιῐάρκῇῃῗ
1619 2640 1773 2734 CSVU
1804 2639 1949 2746 ‘5353

293 2765 314 2800 7
346 2750 560 2792 ἀπέπλωον
582 2752 616 2790 Ρ
630 2751 660 2790 S
673 2752 710 2790 V
725 2752 764 2790 U
989 2753 1014 2790 8
1044 2752 1087 2793 δὲ
1108 2752 1290 2806 Κυπρίων
1311 2752 1392 2792 SV
1406 2752 1445 2789 U
1601 2748 1749 2803 χρόνον
1769 2747 1947 2800 ἀντέσχε

292 2805 426 2844 SVU
543 2819 590 2855 13
620 2808 683 2848 καὶ
706 2806 1032 2848 ἄλλοιΡΞνΠ
1162 2820 1211 2856 14
1242 2804 1592 2848 e‘vABCSVU
1709 2815 1756 2853 15
1786 2802 1948 2856 Σάρδισι

292 2860 330 2897 Α
344 2860 378 2898 Β
393 2860 427 2899 C
444 2861 481 2899 U
501 2874 510 2900 t
539 2861 658 2913 Σάρδι
680 2861 710 2899 S
727 2861 804 2913 [V]
975 2875 1023 2912 19
1053 2864 1271 2915 Περκώπην
1294 2860 1342 2900 Ρ1
1355 2861 1394 2899 V
1411 2875 1420 2900 :
1449 2861 1649 2914 περιώπην
1674 2858 1704 2897 S
1815 2856 1950 2898 Πεσόν

294 2915 324 2952 S
337 2914 376 2952 V
391 2915 429 2952 U
579 2928 632 2954 20
661 2915 808 2969 ἡμέρης
830 2915 1005 2965 ἑκάστης
1028 2916 1060 2954 Ρ
1075 2917 1104 2956 S
1117 2916 1156 2955 V
1171 2916 1210 2954 U
1323 2915 1499 2964 ἑκάστην
1521 2913 1693 2962 Madvig
1711 2918 1753 2951 et
1775 2911 1813 2950 Ν
1817 2911 1948 2951 itzsch

293 2972 425 3009 Πεσοῦ
447 2969 528 3008 SV
639 2982 687 3007 21
720 2969 824 3018 ἧλθέ
842 2973 877 3011 οἱ
897 2971 934 3009 Α
950 2971 983 3008 Β
1001 2971 1035 3009 C
1159 2984 1211 3010 22
1241 2970 1463 3022 ἀποτρέψας
1485 2969 1566 3009 SV
1682 2980 1733 3016 24
1762 2966 1809 3018 ἢ]
1832 2968 1947 3021 πρηνὶ

292 3024 328 3061 V
347 3038 356 3062 :
386 3025 476 3077 πρὶν
496 3025 520 3073 ἢ
543 3024 576 3062 Ρ
590 3024 620 3063 S
637 3023 675 3062 U
