2132 3340
113 66 200 115 lx,
231 68 301 115 26
961 66 1389 116 HPOAOTOT
1433 122 1453 135 ,

344 195 508 247 καίευν
538 196 634 261 γὰρ
663 193 800 245 αὐτοὶ
830 193 1052 261 ἑκάτεροι
1090 194 1226 262 ἔχειν
1262 193 1318 246 τὸ
1351 195 1521 261 ἕτερον
1552 195 1708 263 κέρας,
1745 197 1822 248 καὶ
1858 200 2001 250 καινὰ

342 279 423 330 καὶ
466 280 655 330 παλαιὰ
699 277 1071 348 παραφέροντες
1118 279 1254 345 ἔργα.
1341 284 1485 331 τοῦτο
1527 282 1619 345 μὲν
1663 283 1709 332 οἱ
1755 285 2002 347 Τεγεῆται

277 380 302 411 2
340 362 520 429 ἔλεγον
550 362 685 414 τάδε·
726 361 903 427 εΗμεῖς
934 364 1035 415 αἰεί
1063 384 1173 415 κοτε
1203 362 1469 429 ἀξιεύμεθα
1497 365 1675 429 ταύτης
1713 368 1800 429 τῆς
1834 362 2004 428 τάξιος

341 448 395 497 ἐκ
424 451 522 498 τῶν
553 446 830 516 συμμάχων
860 445 1108 506 ἁπάντων,
1143 448 1262 499 ὅσαι
1290 447 1383 513 ἤδη
1408 445 1567 512 ἔξοδοι
1589 438 1746 501 κοιναὶ
1769 448 2000 516 ἐγένοντο

340 531 805 595 Πελοποννησίοισι
837 531 916 583 καὶ
950 531 1006 583 τὸ
1036 531 1194 584 πάλαι
1233 531 1311 584 καὶ
1345 531 1402 583 τὸ
1437 531 1566 591 νέον,
1601 530 1661 595 ἐξ
1692 533 1879 585 ἐκείνου
1913 538 2000 585 τοῦ
2023 550 2046 591 5

339 615 522 682 χρόνου
561 616 724 668 ἐπείτε
757 614 1082 682 εΗρακλεῖδαι
1123 618 1389 683 ἐπειρῶντο
1428 619 1552 682 μετὰ
1590 617 1678 669 τὸν
1718 616 2000 684 Εὐρυσθέος

275 722 300 764 3
341 698 554 751 θάνατον
587 700 838 754 κατιόντες
867 701 919 754 ἐς
949 701 1364 766 Πελοπόννησον.
1443 701 1556 753 τότε
1586 702 1826 768 εὑρόμεθα
1854 707 1999 754 τοῦτο

340 785 418 834 διὰ
448 787 650 851 πρῆγμα
671 785 880 837 τοιόνδε·
925 784 1033 837 ἐπεὶ
1056 787 1181 855 μετὰ
1204 784 1425 854 Ἀχαιῶν
1450 785 1530 837 καὶ
1560 784 1740 843 Ἰώνων
1763 790 1861 838 τῶν
1883 787 1998 839 τότε

340 868 535 920 ἐόντων·
573 870 627 920 ἐν
680 867 1055 940 Πελοποννήσῳ
1108 867 1512 935 ἐκβοηθήσαντες
1564 871 1616 923 ἐς
1662 869 1748 922 τὸν
1793 862 1998 936 Ἰσθμὸν

340 952 538 1017 ἱζόμεθα
573 953 733 1005 ἀντίοι
767 959 903 1005 τοῖσι
944 958 1181 1013 κατιοῦσι,
1214 954 1327 1006 τότε
1367 952 1436 1005 ὧν
1471 953 1623 1021 λόγος
1644 952 1842 1006 “’Ύ”λλον
1876 955 1994 1022 ἆγο-

337 1037 618 1102 ρεύσασθαι
654 1037 719 1092 ὡς
757 1037 909 1106 χρεὸν
950 1039 1023 1103 εἴη
1069 1043 1154 1090 τὸν
1197 1040 1289 1103 μὲν
1334 1036 1549 1104 στρατὸν
1591 1039 1658 1108 τῷ
1700 1039 1894 1109 στρατῷ
1929 1037 1996 1104 μὴ

339 1121 732 1175 ἀνακινδυνεύειν
790 1121 1171 1188 συμβάλλοντα,
1228 1124 1281 1174 ἐκ
1333 1124 1385 1174 δὲ
1435 1126 1523 1173 τοῦ
1580 1123 1997 1187 Πελοποννησίου

216 1263 251 1272 l
338 1206 676 1272 στρατοπέδου
715 1206 801 1259 τὸν
840 1205 900 1258 ἂν
942 1206 1119 1274 σφέων
1159 1207 1319 1258 αὐτῶν
1359 1208 1561 1273 κρίνωσι
1602 1206 1727 1258 εἶναι
1770 1206 1993 1274 ἄριστον,

4 1270 320 1343 mmm?
336 1290 509 1342 τοῦτόν
539 1293 584 1343 οἱ
613 1295 996 1359 μουνομαχῆσαι
1027 1289 1510 1366 ἐπὶ-διακειμένοισι.
1598 1289 1739 1356 ἔδοξέ
1773 1312 1827 1343 τε
1862 1295 1997 1343 τοῖσι

338 1377 801 1440 Πελοποννησίοισι
830 1381 982 1427 ταῦτα
1015 1377 1141 1428 εἶναι
1171 1374 1377 1440 ποιητέα
1408 1375 1488 1426 καὶ
1520 1375 1701 1441 ἔταμον
1725 1376 1891 1443 ὅρκιον
1913 1374 1995 1428 ἐπὶ

333 1459 470 1528 λόγῳ
516 1451 699 1530 τοιῷδε,
738 1456 799 1525 ἢν
844 1462 936 1525 μὲν
971 1458 1165 1515 ’Ὕλλος
1210 1458 1391 1532 νικήσῃ
1434 1464 1520 1511 τὸν
1565 1460 1996 1524 Πελοποννησίων

333 1543 568 1610 ἡγεμόνα,
597 1543 815 1597 κατιέναι
835 1543 1166 1611 “Ηρακλείδας
1191 1544 1272 1597 ἐπὶ
1295 1546 1356 1596 τὰ
1387 1544 1622 1611 πατρώια,
1647 1539 1709 1608 ἢν
1727 1547 1781 1597 δὲ
1803 1544 1992 1616 νικηθῇ,

334 1629 394 1678 τὰ
434 1628 650 1693 ἔμπαλιν
689 1627 1022 1695 “Ηρακλείδας
1063 1628 1493 1681 ἀπαλλάσσεσθαι
1534 1628 1613 1680 καὶ
1654 1627 1866 1695 ἀπάγειν
1904 1627 1994 1693 τὴν

0 1703 571 1778 ω*““«”ὶττρατιὴν
603 1713 779 1765 ἑκατόν
809 1735 862 1766 τε
893 1712 1044 1765 ἐτέων
1074 1713 1140 1779 μὴ
1175 1714 1381 1778 ζητῆσαι
1413 1712 1619 1765 κάτοδον
1649 1714 1699 1766 ἐς
1731 1713 1991 1765 Πελοπόν-

271 1815 291 1860 5
334 1817 505 1860 νησον.
597 1799 857 1864 προεκρίθη
895 1819 946 1850 τε
988 1797 1046 1862 δὴ
1094 1800 1148 1849 ἐκ
1189 1796 1388 1850 πάντων
1428 1801 1528 1848 τῶν
1567 1795 1844 1864 συμμάχων
1884 1798 1988 1849 ἐθε-

331 1880 513 1944 λοντὴς
536 1880 759 1949 ’Έχεμος
789 1884 815 1933 ὁ
847 1881 1097 1948 Ἠερόπου
1128 1886 1215 1934 τοῦ
1247 1880 1459 1948 Φηγέος,
1494 1881 1769 1948 στρατηγός
1797 1901 1863 1944 ,τε
1898 1882 1993 1933 ἐὼν

335 1966 413 2016 καὶ
445 1966 694 2030 βασιλεὺς
721 1965 975 2032 ἡμέτερος,
1013 1967 1091 2018 καὶ
1132 1964 1513 2034 ἐμουνομάχησέ
1541 1985 1596 2017 τε
1627 1964 1706 2015 καὶ
1736 1963 1993 2017 ἀπέκτεινε

324 2047 533 2101 ”Ὑλλον.
611 2052 664 2102 ἐκ
694 2050 868 2102 τούτου
898 2055 984 2102 τοῦ
1018 2050 1165 2118 ἔργου
1189 2050 1427 2116 εὑρόμεθα
1450 2050 1502 2101 ἐν
1528 2049 1993 2113 Πελοποννησίοισι

332 2129 421 2199 [τε]
467 2139 601 2186 τοῖσι
648 2135 759 2186 τότε
807 2135 884 2186 καὶ
934 2134 1068 2186 ἄλλα
1114 2133 1263 2201 γέρεα
1308 2132 1520 2200 μεγάλα,
1569 2134 1631 2184 τὰ
1658 2131 1992 2197 ,διατελέομεν

331 2216 549 2283 ἔχοντες,
584 2217 662 2269 καὶ
692 2223 779 2270 τοῦ
821 2217 987 2285 κέρεος
1016 2224 1101 2270 τοῦ
1133 2217 1302 2285 ἑτέρου
1339 2217 1434 2269 αἰεὶ
1471 2217 1789 2283 ἡγεμονεύειν
1826 2220 1992 2281 κοινῆς

265 2307 292 2350 6
331 2299 503 2364 ἐξόδου
554 2302 830 2369 γινομένης.
913 2304 1028 2368 ὑμῖν
1078 2301 1170 2367 μέν
1222 2323 1325 2360 νυν,
1375 2298 1414 2351 ὦ
1461 2301 1856 2366 Λακεδαιμόνιοι,
1905 2300 1991 2352 οὐκ

330 2385 636 2451 ἀντιεύμεθα,
664 2388 799 2438 ἀλλὰ
829 2387 1047 2440 διδόντες
1071 2387 1265 2454 αἵρεσιν
1289 2384 1519 2452 ὁκοτέρου
1541 2385 1796 2450 βούλεσθε
1826 2383 1991 2451 κέρεος

381 2534 407 2571 3
434 2522 496 2563 ἀεί
512 2522 551 2561 R
564 2523 602 2562 V
702 2523 835 2575 τάξιος
851 2552 861 2563 .
879 2553 889 2563 .
909 2554 918 2563 .
941 2522 1130 2576 ἐγένοντο
1144 2535 1226 2562 om.
1244 2522 1284 2561 R
1444 2534 1469 2570 4
1495 2519 1657 2561 πάντων
1673 2520 1704 2560 S
1717 2521 1755 2559 V
1865 2520 1990 2573 ἔξοδοι

327 2579 402 2626 ἤδη
441 2577 481 2616 Α
504 2577 539 2616 Β
561 2577 596 2617 C
727 2583 730 2586 ’
785 2589 810 2627 5
858 2578 1029 2619 παλαιὸν
1067 2577 1109 2615 Α
1128 2576 1164 2615 Β
1188 2577 1222 2615 C
1246 2577 1280 2615 P
1467 2577 1495 2613 6
1541 2573 1806 2628 Εὐρυσθένεος
1844 2575 1878 2615 C
1901 2575 1932 2615 S
1951 2575 1990 2614 V

331 2643 381 2671 10
409 2632 547 2673 ἀντίον
568 2632 604 2670 Β
642 2678 644 2680 ,
755 2632 1028 2686 ἆγορήσασθαι
1051 2631 1239 2671 Grashof
1255 2631 1360 2683 (non
1383 2630 1435 2682 C)
1644 2641 1693 2667 12
1723 2629 1999 2680 συμβαλόντα

327 2685 512 2725 ABCP
680 2699 729 2735 13
769 2688 869 2728 εῖναι
898 2700 979 2726 om.
1016 2686 1064 2725 Ρι
1233 2697 1280 2735 15
1321 2684 1433 2738 όρκια
1463 2684 1547 2724 BC
1716 2685 1766 2722 16
1797 2687 1878 2725 τῶν
1907 2684 1989 2723 SV

331 2753 377 2789 17
421 2742 540 2781 ἐπὶ..
560 2771 570 2780 .
590 2742 851 2794 Ἡρακλείδας
883 2754 964 2782 om.
1004 2740 1140 2780 RSV
1305 2753 1358 2778 20
1397 2742 1444 2789 δὴ
1478 2752 1562 2778 om.
1600 2738 1630 2777 S
1787 2742 1869 2778 τῶν
1900 2751 1982 2778 om.

328 2794 362 2833 P
377 2795 416 2833 R
432 2795 513 2835 SV
624 2808 673 2834 2Ῑ
708 2795 865 2847 Ηρόπου
887 2796 920 2834 C
1030 2794 1179 2846 Φυγέος
1202 2793 1318 2833 RV:
1349 2792 1506 2846 Κηφέος
1528 2792 1738 2831 Paulmier
1858 2805 1910 2830 22
1939 2809 1986 2832 τε

327 2862 409 2889 om.
449 2849 592 2889 RSV
755 2863 808 2900 24
846 2868 893 2891 τε
927 2864 1008 2891 om.
1047 2849 1263 2890 PRSV:
1306 2865 1358 2902 γε
1394 2848 1516 2888 Stein
1700 2859 1751 2895 25
1793 2848 1853 2886 ἀεὶ
1893 2845 1987 2883 RV

325 2905 379 2942 26
405 2903 625 2957 γενομένης
646 2904 681 2944 C

2025 970 2072 999 10

2022 1396 2069 1437 ¹5

2019 1819 2070 1848 20
