2034 3328
64 116 189 177 V.9

164 257 190 290 2

76 1142 93 1154 J
126 1099 185 1135 10

141 1684 187 1718 11

847 114 1268 164 Ι-ΙΡΟΔΟΤΟΤ

228 244 281 296 δὲ
311 241 620 312 χρεωμένους
645 247 860 317 Μηδικῇ.
929 243 1042 298 τοὺς
1065 247 1117 296 δὲ
1139 245 1316 299 ἵππους
1339 244 1499 297 αὐτῶν
1523 243 1647 297 εἶναι
1676 245 1885 298 λασίους

227 326 359 380 ἅπαν
378 327 436 379 τὸ
459 333 617 394 σῶμα,
644 328 721 379 καὶ
745 330 825 380 ἐπὶ
845 327 991 380 πέντε
1015 329 1285 382 δακτύλους
1307 333 1362 381 τὸ
1387 329 1545 398 βάθος
1567 334 1663 380 τῶν
1682 333 1881 396 τριχῶν,

228 411 463 478 σμικροὺς
487 414 540 464 δὲ
564 412 643 464 καὶ
667 412 842 478 σιμοὺς
867 414 944 464 καὶ
969 412 1234 466 ἀδυνάτους
1265 412 1443 480 ἄνδρας
1468 412 1657 481 φέρειν,
1686 413 1881 480 ζευγνυ-

225 495 402 560 μένους
443 499 500 558 δὲ
534 496 615 548 ὑπ’
651 496 843 563 ἅρματα
884 496 1009 548 εἶναι
1049 496 1327 562 &gurgi-mvs-
1373 496 1762 564 ἁρματηλατέειν
1795 493 1884 564 [δὲ]

225 579 348 646 πρὸς
339 585 552 647 έαΰτα
596 581 710 634 τοὺς
761 582 1070 648 ἐπιχωρίους.
1160 580 1389 645 κατήκειν
1436 584 1489 633 δὲ
1539 582 1726 634 τούτων
1771 581 1884 635 τοὺς

226 663 398 730 οὔρους
434 666 594 733 ἀγχοῦ
623 665 838 717 Ἐνετῶν
868 670 966 716 τῶν
996 667 1051 717 ἐν
1078 670 1145 735 τῷ
1175 664 1361 736 Ἀδρίῃ.
1450 664 1575 717 εἶναι
1611 667 1664 717 δὲ
1695 663 1884 730 Μήδων

226 747 392 815 σφέας
441 750 673 803 ἀποίκους
719 748 945 816 λέγουσι·
1005 750 1131 802 ὅκως
1178 752 1232 801 δὲ
1278 749 1411 800 οὗτοι
1458 747 1645 813 Μήδων
1687 747 1882 802 ἄποικοι

224 832 484 899 γεγόνασι,
526 834 623 900 ἐγὼ
660 836 751 898 μὲν
792 833 880 884 οὐκ
923 833 1023 900 ἔχω
1064 831 1457 900 ἐπιφράσασθαι,
1502 832 1696 900 γένοιτο
1739 833 1781 885 δ’
1820 833 1883 886 ἂν

224 919 325 969 πᾶν
355 918 408 969 ἐν
438 921 504 986 τῷ
533 922 700 987 μακρῷ
731 917 910 986 χρόνῳ.
1000 917 1236 983 σιγύννας
1266 916 1308 968 δ’
1339 914 1407 968 ὧν
1438 916 1674 969 καλέουσι
1705 908 1883 985 Λίγυες

222 1002 270 1052 οἱ
305 1000 405 1053 ἄνω
441 1003 563 1068 ὑπὲρ
595 1002 902 1064 Μασσαλίης
937 1000 1181 1054 οἰκέοντες
1216 1001 1330 1054 τοὺς
1369 999 1633 1065 καπήλους,
1673 1001 1882 1069 Κύπριοι

226 1086 279 1136 δὲ
297 1087 358 1137 τὰ
380 1085 575 1152 δόρατα.
638 1086 702 1139 ὡς
721 1087 774 1137 δὲ
795 1084 1010 1151 Θρήικες
1029 1083 1252 1151 λέγουσι,
1272 1084 1518 1150 μέλισσαι
1538 1084 1804 1153 κατέχουσι
1820 1088 1883 1138 τᾶ

227 1168 382 1236 πέρην
404 1174 490 1220 τοῦ
504 1169 722 1236 Ἴστρου,
746 1170 824 1221 καὶ
847 1168 942 1221 ὑπὸ
964 1167 1177 1221 τουτέων
1196 1168 1281 1220 οὐκ
1302 1168 1427 1221 εἶναι
1447 1171 1661 1222 διελθεῖν
1680 1169 1736 1221 τὸ
1758 1190 1879 1236 προ-

228 1252 445 1320 σωτέρω.
519 1254 628 1319 ἐμοὶ
657 1253 749 1319 μέν
780 1275 866 1305 νυν
895 1258 1045 1304 ταῦτα
1073 1252 1309 1320 λέγοντες
1339 1252 1568 1305 δοκέουσι
1596 1252 1765 1320 λέγειν
1795 1254 1882 1306 οὐκ

227 1338 409 1388 οἰκότα·
455 1340 515 1390 τὰ
538 1340 633 1404 γὰρ
660 1339 755 1407 ζῷα
777 1341 926 1389 ταῦτα
949 1338 1180 1404 φαίνεται
1209 1335 1336 1389 εἶναι
1365 1338 1590 1405 δύσριγα·
1635 1336 1770 1389 ἀλλά
1796 1358 1883 1403 μοι

225 1423 287 1472 τὰ
308 1421 403 1473 ὑπὸ
425 1421 515 1486 τὴν
539 1421 716 1488 ἄρκτον
739 1423 942 1486 ἀοίκητα
963 1420 1121 1473 δοκέει
1141 1420 1270 1473 ,εἶναι
1292 1423 1372 1473 διὰ
1394 1423 1455 1472 τὰ
1477 1422 1663 1490 ψύχεα.
1728 1425 1882 1474 ταῦτα

222 1504 316 1570 μέν
339 1527 425 1558 νυν
446 1509 533 1570 τῆς
563 1507 726 1574 χώρης
747 1506 926 1570 ταύτης
948 1504 1062 1571 πέρι
1089 1504 1306 1572 λέγεται,
1333 1508 1394 1557 τὰ
1418 1503 1810 1573 παραθαλάσσια
1838 1505 1881 1557 δ’

225 1586 293 1641 ὧν
323 1589 469 1654 αὐτῆς
501 1589 805 1656 Μεγάβαζος
836 1588 1080 1657 Περσέων
1109 1588 1324 1654 κατήκοα
1355 1591 1531 1642 ἐποίεε.

312 1678 521 1741 Δαρεῖος
552 1676 604 1725 δὲ
635 1674 699 1728 ὡς
722 1676 901 1738 διαβὰς
924 1672 1140 1741 τάχιστα
1162 1677 1247 1726 τὸν
1271 1672 1655 1738 Ἑλλήσποντον
1678 1673 1882 1726 ἀπίκετο

226 1758 276 1810 ἐς
299 1756 492 1824 Σάρδις,
518 1756 739 1823 ἐμνήσθη
763 1760 851 1822 τῆς
874 1756 934 1823 ἐξ
950 1756 1190 1810 Ἱστιαίου
1218 1779 1271 1810 τε
1293 1762 1379 1809 τοῦ
1403 1759 1662 1822 Μιλησίου
1684 1757 1878 1824 εὐεργε-

226 1843 340 1906 σίης
385 1843 464 1894 καὶ
508 1845 594 1907 τῆς
638 1840 959 1909 παραινέσιος
1001 1846 1089 1893 τοῦ
1133 1843 1472 1906 Μυτιληναίου
1517 1842 1685 1901 Κώεω,
1729 1861 1878 1907 μετα-

225 1924 552 1993 πεμψάμενος
602 1924 657 1977 δέ
704 1932 867 1993 σφεας
910 1927 960 1979 ἐς
1005 1924 1181 1992 Σάρδις
1226 1927 1387 1977 ἐδίδου
1430 1925 1624 1978 αὐτοῖσι
1668 1925 1879 1992 αἵρεσιν.

227 2010 253 2059 ὁ
280 2012 371 2075 μὲν
401 2009 458 2073 δὴ
482 2008 731 2069 Ἱστιαῖος,
757 2009 844 2061 ἅτε
872 2010 1179 2077 τυραννεύων
1208 2013 1296 2074 τῆς
1321 2007 1567 2073 Μιλήτου,
1598 2010 1881 2077 τυραννίδος

224 2096 315 2158 μὲν
345 2092 570 2158 οὐδεμιῆς
598 2092 941 2161 προσεχρήιζε,
969 2092 1121 2145 αἰτέει
1150 2096 1204 2145 δὲ
1235 2094 1489 2160 Μύρκινον
1510 2093 1601 2158 τὴν
1623 2093 1878 2151 Ἠδωνῶν,

224 2177 533 2242 βουλόμενος
578 2179 632 2229 ἐν
671 2178 792 2250 αὐτῇ
830 2179 978 2230 πόλιν
1019 2178 1200 2229 κτίσαι.
1287 2178 1429 2231 οὗτος
1470 2179 1562 2242 μὲν
1601 2176 1660 2242 δὴ
1698 2177 1881 2242 ταύτην

225 2259 455 2327 αἱρέεται,
494 2262 521 2311 ὁ
562 2263 615 2313 δὲ
652 2261 810 2326 Κώης,
849 2260 929 2312 οἷά
968 2283 1022 2312 τε
1056 2262 1113 2313 οὐ
1146 2261 1382 2327 τύραννος
1421 2261 1633 2326 δημότης
1672 2263 1726 2312 δὲ
1764 2261 1878 2320 ἐών,

226 2343 379 2397 αἰτέει
398 2343 684 2409 Μυτιλήνης
702 2349 1041 2411 τυραννεῦσαι.
1109 2343 1454 2396 τελεωθέντων
1472 2347 1525 2396 δὲ
1550 2343 1879 2412 ἀμφοτέροισι

284 2496 302 2523 1
335 2496 396 2534 pr.
426 2482 471 2524 δὲ
498 2497 582 2523 om.
609 2482 792 2522 PSVU
932 2482 1083 2524 αὐτέων
1112 2482 1247 2522 SVU
1439 2496 1464 2522 2
1494 2483 1559 2524 καὶ
1583 2495 1664 2523 om.
1692 2482 1879 2523 ABCP

226 2538 311 2590 ἐπὶ]
341 2541 380 2579 ἐς
403 2538 442 2577 U
632 2550 657 2587 3
686 2538 846 2591 μικροὺς
873 2537 907 2576 L
1099 2551 1124 2587 4
1153 2537 1218 2588 ὑφ’
1238 2536 1279 2575 Α
1293 2536 1328 2576 Β
1343 2537 1377 2577 C
1488 2537 1713 2579 ὦκυτοίτους
1742 2537 1877 2577 SVU

224 2592 270 2634 δὲ
308 2605 390 2632 om.
430 2592 460 2632 S
479 2591 519 2631 V
538 2592 577 2631 U
808 2593 835 2631 8
880 2590 1094 2645 ἐπιφράσαι
1133 2590 1164 2631 S
1185 2591 1224 2630 V
1243 2591 1284 2631 U
1515 2604 1544 2642 9
1586 2590 1752 2644 σιγῦνας
1785 2591 1820 2630 C
1843 2591 1879 2630 P

228 2659 281 2687 10
309 2648 386 2689 ἅνω
407 2660 487 2686 om.
513 2647 543 2686 S
556 2646 594 2684 V
607 2647 646 2685 U
884 2658 929 2684 11
961 2644 1207 2698 κατέχουσαι
1228 2646 1310 2685 SV
1543 2658 1593 2684 12
1623 2644 1720 2699 ὑπὲρ
1738 2645 1778 2684 Α
1791 2645 1827 2684 Β
1841 2646 1876 2686 C

223 2699 380 2742 τούτων
400 2701 430 2740 S
443 2701 481 2739 V
494 2700 534 2740 U
671 2699 780 2752 τῶ<ι)
805 2699 840 2738 Β
854 2699 888 2739 C
901 2700 940 2738 V
1161 2713 1210 2749 14
1240 2698 1379 2741 εἷκότα
1398 2699 1478 2740 SV
1620 2700 1719 2741 εῖναι
1738 2713 1819 2741 om.
1841 2699 1877 2740 C

227 2766 277 2804 15
305 2755 401 2808 ὑπὲρ
421 2755 455 2794 C
663 2767 710 2805 17
742 2754 906 2803 ἐποίησε
930 2753 1013 2793 SV
1026 2754 1066 2793 U
1275 2767 1326 2804 19
1353 2772 1401 2796 τε
1420 2757 1493 2795 τοῦ
1513 2761 1610 2796 Μιλ.
1633 2767 1716 2794 om.
1741 2753 1876 2794 SVU

224 2822 279 2850 20
299 2809 359 2861 (et
379 2809 451 2861 26)
482 2816 628 2850 Μυτιλ.
652 2809 740 2847 ΑΒ
759 2823 769 2849 =
798 2815 947 2850 Μιτυλ.
967 2807 1060 2848 rell.
1206 2821 1259 2858 23
1287 2808 1437 2850 αι’τέειν
1458 2808 1590 2849 SVU
1702 2810 1877 2851 Ἤδονῶν

226 2863 260 2903 C
278 2878 288 2903 z
319 2864 500 2906 Ηδωνίδα
520 2862 653 2903 SVU
875 2874 927 2913 24
955 2861 1075 2904 πόλιν
1096 2865 1138 2904 ἐν
1157 2865 1259 2916 αὐτῇ
1281 2862 1412 2902 SVU
1613 2874 1666 2913 25
1696 2862 1761 2916 οὗ]
1782 2866 1875 2905 οὔτε

226 2917 311 2959 SV
325 2917 364 2958 U
475 2917 520 2960 δὲ
540 2917 709 2958 Bekker
726 2931 735 2958 :
763 2933 810 2958 τε
830 2915 865 2956 L
976 2918 1031 2957 26
1058 2919 1165 2959 αἴτεε
1187 2916 1217 2956 S
1236 2917 1275 2957 U
1295 2931 1306 2957 z
1329 2920 1437 2959 αἴτεε
1451 2928 1480 2959 ÷
1504 2917 1542 2956 V

1909 605 1931 646 5

2020 500 2034 704 ³2

2025 701 2034 768 Ξ

1910 1015 2034 1052 10'

1910 1420 2016 1483 15v

1907 1860 1958 1890 20

1906 2285 1954 2327 25
