2132 3340
127 101 240 149 VII.
270 114 324 163 51

265 417 331 468 52

259 1420 327 1469 53

989 99 1034 144 H
1052 98 1416 146 POAOTOT

368 229 607 296 γίνονται.
697 231 747 282 ἐς
796 228 949 294 θυμὸν
997 227 1064 282 ὧν
1111 234 1274 295 βαλεῦ
1322 230 1403 282 καὶ
1445 230 1502 282 τὸ
1546 227 1760 282 παλαιὸν
1806 228 1925 286 ἔπος
1967 233 2033 284 ὣς

369 314 422 366 εὖ
475 315 676 379 εἴρηται,
725 312 782 364 τὸ
833 313 898 379 μὴ
949 313 1049 379 ἅμα
1101 315 1230 387 ἀρχῇ
1278 317 1377 366 πᾶν
1423 313 1569 368 τέλος
1595 315 2031 381 καταφαίνεσθαι.

369 399 632 463 ἀμείβεται
675 397 797 464 πρὸς
840 401 993 450 ταῦτα
1035 397 1244 466 Ξέρξης·
1291 398 1588 466 Ἀρτάβανε,
1630 403 1728 450 τῶν
1768 396 2034 465 ἀπεφήναο

366 481 605 549 γνωμέων
654 481 914 550 σφάλλεαι
967 485 1089 534 κατὰ
1135 483 1317 548 ταύτην
1364 483 1423 548 δὴ
1470 482 1708 549 μάλιστα,
1760 481 1814 537 ὃς
1853 481 2034 536 Ἴωνας

369 565 559 633 φοβέαι
592 566 659 631 μὴ
694 567 1041 633 μεταβάλωσι,
1079 573 1179 620 τῶν
1218 567 1401 636 ἔχομεν
1437 573 1609 638 γνιὲμα
1643 566 1901 634 μέγιστον,
1932 571 2033 619 τῶν

369 650 435 702 σύ
463 672 519 702 τε
546 649 731 718 μάρτυς
760 651 922 719 γίνεαι
954 654 1032 705 καὶ
1061 654 1107 705 οἱ
1141 651 1632 721 συστρατευσάμενοι
1658 651 1852 721 Δαρείῳ
1883 649 2035 703 ἄλλοι

368 734 450 788 ἐπὶ
496 735 704 794 Σκύθας,
755 736 833 787 ὅτι
886 736 965 789 ἐπὶ
1013 737 1234 789 τούτοισι
1283 737 1312 802 ἡ
1360 740 1503 789 πᾶσα
1549 734 1775 802 Περσικὴ
1824 733 2031 803 στρατιὴ

366 818 567 887 ἐγένετο
602 822 887 888 διαφθεῖραι
923 822 1002 872 καὶ
1039 824 1377 889 περιποιῆσαι·
1423 823 1469 873 οἱ
1506 823 1560 873 δὲ
1597 819 1916 884 δικαιοσύνην
1955 819 2032 870 καὶ

365 904 643 969 πιστότητα
671 903 928 963 ἐνέδωκαν,
963 904 1111 973 ἄχαρι
1147 908 1200 957 δὲ
1238 904 1397 957 οὐδέν.
1485 903 1646 971 πάρεξ
1671 906 1725 955 δὲ
1754 903 1945 967 τούτου,
1977 904 2032 956 ἐν

364 996 427 1061 τῇ
460 987 672 1060 ἡμετέρῃ
710 990 1072 1043 καταλιπόντας
1107 988 1256 1042 τέκνα
1292 990 1371 1041 καὶ
1407 993 1641 1056 γυναῖκας
1682 988 1761 1039 καὶ
1800 986 2032 1056 χρήματα

365 1072 465 1124 οὐδ’
511 1072 836 1140 ἐπιλέγεσθαι
882 1073 978 1142 χρὴ
1024 1074 1264 1142 νεώτερόν
1307 1095 1356 1125 τι
1400 1071 1647 1137 ποιήσειν.
1737 1072 1863 1123 οὕτω
1905 1074 2030 1137 μηδὲ

364 1162 509 1209 τοῦτο
546 1156 897 1224 φοβέο,.ἀλλὰ
933 1157 1087 1223 θυμὸν
1123 1158 1254 1226 ἔχων
1292 1156 1480 1225 ἀγαθὸν
1518 1158 1647 1227 σῷζε
1684 1155 1822 1208 οἶκόν
1855 1177 1911 1208 τε
1945 1161 2030 1207 τὸν

366 1241 485 1307 ἐμὸν
509 1243 588 1294 καὶ
611 1243 876 1309 τυραννίδα
904 1242 994 1307 τὴν
1018 1241 1156 1307 ἐμήν·
1204 1243 1285 1294 σοὶ
1316 1244 1412 1309 γὰρ
1435 1241 1534 1308 ἐγὼ
1563 1241 1726 1310 μούνῳ
1753 1243 1807 1292 ἐκ
1830 1238 2032 1293 πάντων

367 1329 594 1393 σκῆπτρα
623 1328 685 1378 τὰ
715 1328 808 1392 ἐμὰ
838 1326 1101 1393 ἐπιτρέπω.

446 1415 615 1462 Ταῦτα
673 1412 812 1464 εἴπας
870 1413 950 1463 καὶ
1009 1410 1325 1477 Ἀρτάβανον
1384 1411 1691 1463 ἀποστείλας
1751 1411 1802 1464 ἐς
1859 1414 2030 1462 Σοῦσα

365 1495 566 1562 δεύτερα
594 1486 966 1562 μετεπέμψατο.
987 1494 1179 1562 Ξέρξης
1212 1494 1454 1561 Περσέων
1494 1495 1607 1548 τοὺς
1649 1492 2027 1559 δοκιμωτάτους9

365 1578 471 1631 ἐπεὶ
502 1578 558 1630 δέ
580 1581 625 1630 οἱ
656 1582 902 1645 παρῆσαν,
937 1578 1083 1646 ἔλεγέ
1106 1586 1203 1647 σφι
1233 1578 1365 1630 τάδε·
1424 1578 1498 1629 Ἶὶ
1522 1577 1735 1645 Πέρσαι,
1762 1578 1904 1630 τῶνδ’
1928 1580 2028 1646 ἐγὼ

362 1661 524 1728 ὑμέων
547 1664 761 1732 χρηίζων
785 1663 1046 1728 συνέλεξα,
1074 1662 1252 1730 ἄνδρας
1282 1685 1336 1715 τε
1366 1665 1597 1730 γίνεσθαι
1620 1662 1834 1730 ἀγαθοὺς
1859 1662 1937 1714 καὶ
1959 1661 2028 1728 μὴ’

366 1748 718 1816 καταισχύνειν
748 1749 808 1799 τὰ
839 1748 1030 1815 πρόσθε
1063 1746 1348 1814 ἐργασμένα
1379 1746 1628 1819 Πέρσῃσι,
1657 1747 1802 1798 ἐόντα
1829 1745 2028 1814 μεγάλα

363 1853 419 1883 τε
449 1833 528 1883 καὶ
561 1836 754 1884 πολλοῦ
790 1831 820 1882 ἄ
856 1853 918 1890 ια,
955 1831 1072 1883 ἀλλ’
1111 1833 1181 1886 εἷς
1221 1853 1275 1884 τε
1306 1832 1518 1884 ἕκαστος
1556 1831 1634 1882 καὶ
1664 1833 1710 1883 οἱ
1743 1831 2027 1897 σύμπαντες

363 1916 637 1982 προθυμίην
660 1916 870 1984 ἔχωμεν·
916 1914 1063 1981 ξυνὸν
1085 1918 1181 1983 γὰρ
1205 1919 1331 1969 πᾶσι
1360 1920 1505 1967 τοῦτο
1529 1914 1718 1982 ἀγαθὸν
1741 1915 2024 1968 σπεύδεται.

362 2003 518 2051 τῶνδε
578 2003 632 2052 δὲ
697 2001 859 2052 εἵνεκα
920 2000 1235 2067 προαγορεύω
1298 1998 1598 2067 ἀντέχεσθαι
1657 2005 1744 2051 τοῦ
1804 1997 2026 2065 πολέμου

366 2083 715 2149 ἐντεταμένως·
783 2084 848 2138 ὡς
891 2087 986 2151 γὰρ
1028 2086 1124 2151 ἐγὼ
1164 2083 1487 2149 πυνθάνομαι,
1530 2083 1608 2135 ἐπ’
1648 2082 1828 2151 ἄνδρας
1870 2105 2022 2151 στρα-

364 2169 604 2233 τευόμεθα
641 2169 871 2234 ἀγαθούς,
921 2173 1020 2220 τῶν
1066 2164 1128 2232 ἢν
1177 2166 1516 2235 κρατήσωμεν,
1570 2168 1628 2220 οὐ
1673 2166 1739 2232 μή
1786 2189 1861 2222 τις
1906 2168 2024 2233 ἡμῖν

364 2251 521 2305 ἄλλος
567 2253 778 2319 στρατὸς
822 2254 1028 2324 ἀντιστῇ
1074 2274 1187 2304 κοτε
1230 2253 1516 2318 ἀνθρώπων.
1603 2256 1688 2303 νῦν
1728 2254 1782 2304 δὲ
1825 2250 2022 2316 διαβαί-

367 2357 525 2400 νωμεν
559 2335 879 2402 ἐπευξάμενοι
909 2342 1044 2388 τοῖσι
1074 2340 1236 2388 θεοῖσι
1267 2337 1313 2388 οἳ
1350 2337 1574 2402 Περσίδα
1601 2338 1696 2403 γῆν
1718 2336 2021 2404 λελόγχασι.

425 2487 441 2511 1
473 2474 528 2514 ὧν
548 2478 677 2521 βαλεῦ
698 2473 811 2512 AP:
850 2474 905 2514 ὧν
930 2473 1063 2521 βάλευ
1083 2474 1159 2514 CC:
1201 2474 1257 2514 ὧν
1277 2476 1453 2521 βασιλεῦ
1480 2472 1562 2512 B¹:
1599 2473 1628 2513 ὦ
1656 2475 1831 2521 βασιλεῦ
1859 2472 2022 2514 RSV:

2056 586 2079 629 5

2058 1011 2108 1039 10

2057 1434 2105 1475 15

2053 1858 2104 1886 20

2049 2276 2097 2316 25

364 2528 393 2568 ὦ
414 2533 589 2576 βασιλεῦ
612 2528 742 2575 βάλευ
765 2527 814 2566 Cl
1007 2541 1031 2566 2
1061 2533 1271 2569 παντελῶς
1294 2527 1429 2566 R-SV
1610 2541 1635 2577 3
1664 2527 1778 2581 πρὸς]
1801 2530 1863 2568 καὶ
1885 2527 1923 2565 Α
1939 2527 2021 2567 BC

364 2597 389 2632 4
417 2585 582 2634 γνώμην
605 2583 643 2620 R
660 2583 688 2620 S
703 2584 740 2620 V
824 2582 1028 2635 σφάλεται
1055 2583 1091 2620 R
1104 2582 1158 2622 Vl
1236 2584 1325 2623 κατ’
1346 2583 1474 2631 αὐτὴν
1494 2581 1534 2621 Α
1550 2582 1585 2620 Β
1600 2583 1633 2620 C
1745 2582 1966 2634 5ιφοβέεαι
1989 2582 2023 2620 Ρ

363 2637 656 2687 μεταβάλλωσι
680 2637 763 2676 SV
893 2650 915 2686 7
946 2651 1001 2675 an
1025 2638 1120 2678 ὅτεί
1255 2650 1282 2686 9
1311 2650 1374 2687 pr.
1399 2636 1440 2677 δὲ
1462 2650 1543 2677 om.
1567 2637 1657 2676 RV
1789 2649 1840 2675 10
1869 2650 1931 2686 pr.
1956 2639 2020 2677 καὶ

363 2704 445 2731 om.
473 2692 511 2728 R
527 2691 608 2729 SV
778 2704 819 2729 11
853 2693 933 2745 χρὴ
960 2693 997 2730 R
1019 2705 1189 2741 quoque
1345 2704 1392 2729 12
1422 2689 1559 2743 φοβέω
1579 2691 1613 2729 C
1725 2691 1799 2743 ἔχε
1821 2691 1858 2729 Α
1873 2691 1906 2728 Β
1923 2690 2020 2730 CP1

370 2758 417 2795 13
466 2746 517 2785 σὺ
560 2745 598 2783 R
729 2749 774 2787 ἐκ
812 2746 973 2787 πάντων
1011 2760 1091 2786 om.
1139 2747 1176 2783 R
1201 2746 1230 2784 S
1253 2746 1292 2784 V
1478 2758 1525 2794 14
1573 2744 1775 2797 ἐπιτράπω
1814 2745 1847 2783 Ρ
1871 2745 1910 2782 R
1932 2745 1964 2784 S
1985 2745 2022 2784 V

370 2812 417 2848 15
456 2803 604 2840 ταῦτ-ας
636 2801 675 2839 R
806 2800 1012 2842 ἀπολύσας
1043 2801 1181 2839 RSV
1366 2801 1414 2838 18
1453 2799 1629 2853 χρήιζων
1657 2799 1821 2838 ABP:
1862 2799 2022 2852 χρῄζων

366 2854 400 2892 C
416 2855 455 2892 R
474 2855 560 2904 (-ω>
585 2854 613 2893 S
628 2855 664 2892 V
773 2856 963 2908 γενέσθαι
984 2855 1024 2893 Α
1038 2855 1072 2892 Β
1087 2855 1120 2893 C
1256 2868 1305 2904 19
1332 2854 1506 2909 πρόσθεν
1530 2854 1568 2892 R
1583 2853 1664 2893 SV
1790 2866 1840 2892 21
1873 2855 2021 2906 ἔχομεν

367 2909 406 2946 R
420 2908 450 2946 S
465 2908 502 2946 V
628 2913 748 2949 τοῦτο
767 2914 867 2951 πᾶσι
891 2910 924 2948 Ρ
938 2909 977 2947 R
993 2910 1022 2949 S
1035 2910 1074 2948 V
1202 2909 1408 2950 σπευδέτω
1428 2909 1468 2948 Α
1484 2909 1518 2948 Β
1533 2909 1567 2948 C
1749 2921 1802 2947 22
1831 2908 2019 2949 εἵνεκεἘ

364 2975 417 3010 23
459 2963 758 3015 ἐντεταγμένως
789 2965 853 3003 R:
897 2963 1198 3013 ἐντετασμένως
1229 2964 1314 3003 SV
1556 2976 1608 3012 24
1649 2964 1776 3005 ἄλλος
1803 2963 1898 3015 ἡμῖν
1928 2962 2019 3002 RV
2067 2983 2069 2985 ¹

365 3018 419 3056 26
448 3019 623 3071 Περσίδα
641 3019 742 3070 γῆν]
765 3018 921 3072 Πέρσας
941 3019 981 3057 Α
996 3019 1029 3057 Β
1044 3019 1076 3058 C
1091 3019 1124 3058 P
