2132 3340
44 105 130 154 VI.
157 119 249 154 120

173 420 253 456 121

0 674 178 714 Meu

0 722 254 789 sz

167 1094 256 1129 122

230 1522 254 1553 b)

168 1928 257 1974 123

903 106 951 152 H
968 104 1055 152 ΡΟ
1069 104 1329 154 ΔΟΤΟὙ

290 237 343 286 δὲ
372 232 621 289 αἰνέοντες
650 234 942 300 Ἀθηναίους
975 234 1053 287 καὶ
1091 234 1147 287 τὸ
1186 235 1333 303 ἔργον
1363 235 1526 290 αὐτῶν
1555 237 1953 291 ἀπαλλάσσοντο

289 319 468 374 ὀπίσω.
1630 317 1643 328 ’
2004 310 2006 312 ¹

376 406 536 468 Θῶμα
565 402 619 454 δέ
647 424 730 468 μοι
762 403 842 456 καὶ
871 404 958 456 οὐκ
990 402 1247 469 ἐνδέκομαι
1276 408 1362 456 τὸν
1383 406 1558 472 λόγον,
1584 405 1954 472 Ἀλκμεωνίδας

290 486 350 538 ἄν
383 507 495 538 κοτε
531 485 761 552 ἀναδέξαι
802 486 1036 559 Πέρσῃσι
1077 489 1131 539 ἐκ
1173 487 1486 554 συνθήματος
1525 490 1730 550 ἀσπίδα,
1763 495 1950 556 βουλο-

291 569 468 635 μένους
495 570 591 623 ὑπὸ
620 570 942 639 βαρβάροισί
967 594 1023 624 τε
1053 573 1179 625 εἶναι
1209 572 1502 638 Ἀθηναίους
1533 573 1613 626 καὶ
1643 573 1738 627 ὑπὸ
1767 573 1951 646 Ἱππίῃ·
1975 595 2000 637 5

292 656 472 724 οἵτινες
500 659 698 721 μᾶλλον
726 652 756 723 ᾖ
788 657 968 722 ὁμοίως
999 658 1199 728 Καλλίῃ
1229 662 1296 727 τῷ
1332 659 1635 718 Φαινίππου,
1667 657 1954 711 Ἱππονίκου

323 721 541 807 ε’τῖ-ατρί,
574 741 838 807 φαίνονται
866 741 1221 807 μισοτύραννοι
1252 741 1435 795 ἐόντες.
1525 744 1751 807 Καλλίης
1781 763 1836 796 τε
1857 744 1953 810 γὰρ

292 828 471 889 μοῦνος
520 823 799 890 Ἀθηναίων
859 823 1091 877 ἁπάντων
1144 825 1346 891 ἐτόλμα,
1399 826 1525 881 ὅκως
1583 828 1954 894 Πεισίστρατος

293 906 499 961 ἐκπέσοι
527 910 582 960 ἐκ
616 914 716 961 τῶν
745 908 1014 975 Ἀθηνέων,
1046 911 1108 962 τὰ
1146 908 1377 978 χρήματα
1414 902 1564 963 αὗτοῧ
1603 911 1954 979 κηρυσσόμενα

292 991 388 1044 ὑπὸ
416 997 502 1058 τοῦ
531 994 772 1059 δημοσίου
801 993 1060 1054 ὠνέεσθαι,
1095 994 1174 1046 καὶ
1209 995 1374 1047 τᾶλλα
1403 996 1464 1046 τὰ
1493 994 1708 1063 ἔχθιστα
1731 997 1782 1051 ἐς
1804 994 1954 1048 αὐτὸν
1980 1016 2030 1045 ιο

293 1075 456 1129 πάντα
499 1079 798 1147 ἐμηχανᾶτο.
888 1074 1142 1145 [Καλλίεω
1187 1081 1242 1132 δὲ
1283 1078 1458 1132 τούτου
1507 1078 1648 1144 ἄξιον
1692 1083 1954 1148 πολλαχοῦ

293 1159 490 1227 μνήμην
520 1163 631 1214 ἐστὶ
667 1162 830 1216 πάντα
869 1165 980 1215 τινὰ
1020 1164 1172 1232 ἔχειν.
1259 1168 1403 1216 τοῦτο
1431 1166 1524 1229 μὲν
1553 1166 1649 1232 γὰρ
1678 1166 1741 1217 τὰ
1769 1171 1950 1231 προλε-

262 1245 528 1313 ·λεγμένα,
568 1247 632 1301 ὧς
672 1247 794 1314 ἀνὴρ
833 1247 980 1315 ἄκρος
1020 1250 1293 1315 ἐλευθερῶν
1333 1247 1437 1314 τὴν·
1463 1250 1690 1316 πατρίδα,
1721 1253 1866 1301 τοῦτο
1899 1250 1953 1301 δὲ

293 1332 355 1381 τὰ
407 1331 480 1387 ἐν,
510 1330 763 1404 Ὀλυμπίῃ
822 1333 1045 1397 ἐποίησε·
1119 1333 1253 1403 ἵππῳ
1310 1331 1535 1397 νικήσας,
1587 1334 1839 1403 τεθρίππῳ
1898 1335 1953 1385 δὲ

294 1414 520 1481 δεύτερος
549 1416 832 1482 γενόμενος,
868 1416 1035 1469 Πύθια
1063 1419 1117 1470 δὲ
1147 1417 1387 1484 πρότερον
1418 1417 1734 1483 ἀνελόμενος,
1770 1419 1949 1485 ἐφανε-
1978 1437 2026 1479 15

293 1499 423 1565 ρώθη
458 1501 508 1553 ἐς
537 1499 651 1554 τοὺς
671 1498 932 1566 ’Έλληνας
963 1499 1151 1555 πάντας
1174 1500 1426 1573 δαπάνῃσι
1446 1503 1734 1573 μεγίστῃσι.
1807 1505 1953 1552 τοῦτο

294 1585 347 1634 δὲ
379 1585 499 1635 κατὰ
527 1586 615 1638 τὰς
651 1587 834 1637 ἑωυτοῦ
873 1584 1142 1652 θυγατέρας
1184 1585 1364 1640 ἐούσας
1403 1590 1534 1652 τρεῖς
1573 1587 1675 1640 οἶός
1714 1606 1788 1639 τις
1829 1584 1953 1652 ἀνὴρ

295 1666 509 1733 ἐγένετο·
570 1669 740 1735 ἐπειδὴ
791 1671 887 1737 γὰρ
936 1670 1168 1736 ἐγίνοντο
1207 1668 1369 1736 γάμου
1421 1670 1607 1737 ὡραῖαι,
1658 1668 1809 1723 ἔδωκέ
1855 1675 1954 1736 σφι

294 1751 481 1818 δωρεὴν
515 1752 1059 1821 μεγαλοπρεπεστάτην
1089 1754 1315 1825 ἐκείνῃσί
1344 1776 1399 1807 τε
1436 1755 1725 1822 ἐχαρίσατο·
1772 1755 1826 1805 ἐκ
1856 1755 1952 1821 γὰρ

294 1834 493 1888 πάντων
542 1841 639 1889 τῶν
685 1837 964 1903 ’Ἀθηναίων
1010 1837 1097 1890 τὸν
1145 1837 1327 1903 ἑκάστη
1376 1837 1543 1890 ἐθέλοι
1592 1837 1747 1905 ἄνδρα
1797 1840 1952 1910 ἑωυτῇ
1978 1862 2028 1890 20

295 1919 611 1985 ἐκλέξασθαι,
651 1922 802 1975 ἔδωκε
840 1922 996 1992 τούτῳ
1032 1927 1099 1992 τῷ
1137 1919 1483 2017 ἀνδρί.]βκαὶ
1518 1924 1564 1974 οἱ
1595 1921 1953 1988 Ἀλκμεωνίδαι

295 2005 473 2069 ὁμοίως
512 2001 542 2070 ἢ
582 2005 725 2058 οὐδὲν
763 2007 931 2072 ἧσσον
969 2007 1143 2058 τούτου
1188 2005 1319 2071 ἦσαν
1358 2006 1724 2073 μισοτύραννοι.
1812 2009 1953 2070 θῶμα

295 2086 364 2140 ὧν
392 2110 477 2154 μοι
509 2090 587 2142 καὶ
614 2091 672 2142 οὐ
702 2091 972 2157 προσίεμαι
999 2090 1089 2155 τὴν
1119 2089 1381 2156 διαβολήν,
1407 2090 1608 2144 τούτους
1631 2111 1691 2158 γε
1720 2088 1953 2154 ἀναδέξαι

295 2173 499 2233 ἀσπίδα,
528 2175 703 2228 οἵτινες
728 2174 943 2242 ἔφευγόν
965 2196 1019 2226 τε
1039 2173 1125 2226 τὸν
1144 2173 1306 2226 πάντα
1328 2174 1512 2243 χρόνον
1532 2174 1644 2227 τοὺς
1667 2172 1948 2241 τυράννους,

296 2257 349 2306 ἐκ
391 2261 617 2325 μηχανῆς
660 2279 714 2311 τε
756 2261 844 2323 τῆς
888 2259 1074 2310 τούτων
1118 2256 1351 2322 ἐξέλιπον
1402 2259 1819 2325 Πεισιστρατίδαι
1859 2256 1951 2321 τὴν
1976 2281 2024 2323 25

295 2343 570 2406 τυραννίδα.
659 2342 737 2393 καὶ
765 2343 891 2394 οὕτω
923 2344 1012 2395 τὰς
1035 2340 1249 2406 Ἀθήνας
1278 2342 1412 2393 οὗτοι
1442 2340 1574 2406 ἦσαν
1603 2344 1650 2393 οἱ
1681 2341 1947 2407 ἐλευθερώ-

297 2445 476 2478 σαντες
505 2431 679 2496 πολλῷ
702 2429 897 2491 μᾶλλον
920 2425 952 2490 ἥ
976 2447 1069 2492 περ
1090 2425 1348 2492 Ἃρμόδιός
1370 2446 1429 2477 τε
1449 2426 1528 2477 καὶ
1550 2424 1948 2492 Ἀριστογείτων,

295 2506 359 2561 ὡς
401 2509 499 2576 ἐγὼ
539 2510 703 2576 κρίνω.
791 2512 838 2562 οἱ
877 2512 969 2575 μὲν
1007 2511 1102 2576 γὰρ
1145 2508 1456 2577 ἐξηγρίωσαν
1495 2508 1610 2563 τοὺς
1651 2509 1953 2562 ὑπολοίπους

348 2661 374 2698 4
416 2664 516 2688 ποτε
545 2647 634 2687 ΑΒ
826 2658 852 2697 5
890 2664 937 2689 τε
970 2660 1053 2687 om.
1086 2646 1126 2686 A
1147 2647 1182 2686 B
1206 2647 1240 2686 C
1430 2659 1458 2697 9
1494 2645 1711 2693 Ἀθηναίων
1743 2645 1777 2685 C
1800 2645 1839 2684 R
1862 2645 1893 2685 S
1913 2643 1953 2684 V

295 2702 595 2755 κηρυσσομένου
617 2702 657 2740 R
671 2700 701 2742 S
715 2702 754 2741 V
896 2715 945 2741 10
974 2701 1155 2743 ὂνέεσθαι
1178 2702 1241 2742 καὶ
1262 2702 1313 2742 τὰ
1334 2702 1444 2743 ἄλλα
1466 2701 1505 2738 R
1523 2701 1553 2740 S
1569 2701 1607 2738 V
1748 2712 1792 2738 11
1824 2705 1950 2750 caput

299 2768 374 2794 122
402 2770 484 2796 om.
515 2756 606 2795 AB
625 2757 658 2795 C
881 2769 933 2794 22
966 2756 1112 2798 τούτωι
1146 2755 1212 2795 A:
1242 2755 1373 2797 τούτω
1407 2755 1472 2794 B:
1510 2755 1665 2799 τούτων
1699 2754 1757 2794 C:
1801 2766 1887 2792 om.
1918 2753 1949 2791 S

294 2822 347 2859 23
376 2810 445 2852 οὖν
465 2810 552 2849 ΑΒ
662 2808 738 2863 γε]
756 2828 802 2852 τε
824 2810 863 2851 R
878 2810 959 2850 SV
1111 2823 1163 2860 24
1192 2827 1238 2851 τε
1258 2823 1343 2852 om.
1367 2809 1398 2850 S
1563 2811 1615 2848 28
1646 2808 1862 2850 ὑπολίπους
1885 2808 1948 2848 R:

293 2866 456 2906 λοιποὺς
476 2865 516 2903 Α
529 2865 564 2903 Β
581 2866 614 2904 C
