2132 3340
767 32 1139 81 ιΣΤοΡιΩΝ
1203 32 1253 80 Η
1880 29 2108 91 v11..217

173 162 442 230 διαβάντες
466 164 762 232 ἐπορεύοντο
786 168 956 217 πᾶσαν
979 163 1070 229 τὴν
1094 164 1259 223 νύκτα,
1288 164 1341 215 ἐν
1365 161 1500 234 δεξιῇ
1524 164 1616 228 μὲν
1640 162 1844 231 ἔχοντες

174 251 293 316 ὄρεα
327 249 390 300 τὰ
428 250 663 308 Οἰταίων,
697 251 752 301 ἐν
791 250 1027 322 ἀριστερῇ
1068 251 1120 301 δὲ
1160 250 1222 299 τὰ
1262 248 1563 315 Τρηχινίων.
1650 246 1753 311 ἠώς
1790 269 1844 300 τε

176 332 233 398 δὴ
266 331 494 401 διέφαινε
526 331 603 385 καὶ
636 333 682 385 οἳ,
706 332 940 400 ἐγένοντο
965 333 1042 386 ἐπ’
1066 332 1351 402 ἀκρωτηρίῳ
1375 336 1463 383 τοῦ
1486 333 1642 399 ὄρεος.
1720 334 1844 383 κατὰ
1883 353 1909 385 2
1941 337 2093 397 mh

175 419 230 471 δὲ
259 422 402 470 τοῦτο
431 421 517 469 τοῦ
547 419 687 484 ὄρεος
719 417 1036 485 ἐφύλασσον,
1072 417 1136 470 ὡς
1174 417 1252 469 καὶ
1295 416 1536 483 πρότερόν
1575 437 1660 482 μοι
1702 415 1840 481 δεδή-

127 521 149 563 5
174 509 346 562 λωται,
388 501 603 554 Φωκέων
643 502 802 571 χίλιοι
842 495 1060 561 ὁπλῖται,
1098 501 1332 569 ῥυόμενοί
1364 523 1419 553 τε
1458 500 1550 566 τὴν
1593 500 1846 568 σφετέρην

174 587 342 656 χώρην
395 587 474 639 καὶ
521 586 849 655 φρουρέοντες
900 586 991 652 τὴν
1038 587 1275 654 ἀτραπόν.
1352 586 1384 651 ἡ
1430 588 1522 651 μὲν
1567 587 1663 653 γὰρ
1716 585 1845 637 κάτω

175 670 375 738 ἐσβολὴ
406 671 733 740 ἐφυλάσσετο
764 670 860 724 ὑπὸ
891 677 990 724 τῶν
1022 673 1225 738 εἴρηται·
1274 670 1364 735 τὴν
1396 672 1449 723 δὲ
1480 671 1560 722 διὰ
1589 675 1677 722 τοῦ
1707 672 1847 738 ὄρεος

35 723 109 803 ιη
175 755 397 824 ἀτραπὸν
418 756 677 808 ἐθελονταὶ
697 754 895 810 Φωκέες
913 754 1271 822 ὑποδεξάμενοι
1281 756 1505 827 Λεωνίδῃ
1525 755 1844 822 ἐφύλασσον.

128 869 130 871 ’
175 840 360 907 ἔμαθον
396 839 451 893 δέ
490 847 656 909 σφεας
702 843 748 893 οἱ
793 839 993 894 Φωκέες
1037 842 1132 893 ὧδε
1178 835 1578 907 ἀναβεβηκότας·
1633 835 1844 906 ἇναβαί-
1885 841 1974 888 218

105 947 152 975 10
176 947 346 980 νοντες
385 927 480 993 γὰρ
523 924 799 978 ἐλάνθανον
840 928 886 978 οἱ
927 924 1126 993 Πέρσαι
1170 930 1227 977 τὸ
1272 927 1386 992 ὅρος
1418 918 1524 978 μπᾶν
1565 924 1648 977 ἐὸν
1689 928 1848 992 δρυῶν

176 1011 432 1063 ἐπίπλεον.
510 1008 571 1075 ἧν
601 1013 692 1076 μὲν
724 1009 781 1074 δὴ
815 1011 1034 1076 νηνεμίη,
1060 1011 1237 1078 ψόφου
1262 1012 1317 1062 δὲ
1346 1007 1605 1077 γινομένου
1633 1014 1844 1068 πολλοῦ,

177 1095 242 1148 ὡς
272 1094 405 1149 οἰκὸς
435 1093 495 1159 ἧν
526 1095 737 1162 φύλλων
774 1094 1159 1163 ὑποκεχυμένων
1194 1094 1291 1147 ὑπὸ
1322 1099 1456 1146 τοῖσι
1490 1095 1629 1153 ποσί,
1665 1093 1760 1146 ἀνά
1795 1115 1848 1146 τε

176 1180 388 1246 ἔδραμον
431 1182 477 1232 οἱ
522 1178 722 1233 Φωκέες
768 1181 846 1232 καὶ
892 1178 1120 1232 ἐνέδυνον
1163 1180 1225 1231 τὰ
1269 1180 1421 1238 ὅπλα,
1461 1179 1541 1230 καὶ
1584 1178 1759 1231 αὐτίκα
1802 1181 1849 1230 οἱ

176 1262 431 1332 βάρβαροι
462 1267 710 1331 παρῆσαν.
788 1264 853 1318 ὡς
884 1267 938 1316 δὲ
971 1263 1317 1331 εἶδον-ἄνδρας
1343 1262 1665 1330 ἐνδυομένους
1694 1264 1844 1322 ὅπλα,
1888 1279 1914 1310 2

102 1367 150 1409 15
177 1350 231 1401 ἐν
262 1349 451 1414 θώματι
481 1347 731 1416 ἐγένοντο·
781 1350 1051 1415 ἐλπόμενοι
1082 1351 1178 1416 ’γὰρ
1210 1348 1356 1400 οὐδέν
1388 1355 1486 1416 σφι
1522 1346 1848 1415 φανήσεσθαι

177 1431 406 1498 ἀντίξοον
458 1434 762 1501 ἐνεκύρησαν
812 1435 1027 1504 στρατῷ.
1122 1436 1332 1486 ἐνθαῦτα
1376 1432 1618 1500 Ὑδάρνης
1668 1453 1844 1500 καταρ-

175 1515 403 1583 ρωδήσας
424 1518 491 1583 μὴ
516 1520 562 1570 οἱ
586 1518 787 1573 Φωκέες
812 1518 935 1571 ἔωσι
959 1519 1360 1583 Λακεδαιμόνιοι,
1390 1519 1548 1585 εἴρετο
1568 1516 1849 1582 Ἐπιάλτην

177 1603 428 1656 ὁποδαπὸς
469 1604 542 1668 εἴη
581 1604 607 1654 ὁ
647 1605 877 1671 στρατός,
913 1604 1188 1669 πυθόμενος
1228 1605 1282 1655 δὲ
1324 1601 1579 1670 ἀτρεκέως·
1607 1601 1847 1655 διέτασσε

175 1686 288 1740 τοὺς
330 1685 535 1754 Πέρσοῖς
576 1688 642 1742 ὡς
683 1690 734 1742 ἐς
773 1687 956 1756 μάχην.
1031 1691 1078 1740 οἱ
1119 1689 1173 1739 δὲ
1214 1686 1414 1742 Φωκέες
1454 1687 1520 1741 ὡς
1560 1686 1845 1753 ἐβάλλοντο
1883 1706 1909 1750 3

100 1790 152 1820 20
176 1775 308 1823 τοῖσι
331 1771 600 1838 τοξεύμασι
623 1774 872 1825 πολλοῖσί
890 1794 943 1825 τε
968 1772 1047 1824 καὶ
1072 1777 1318 1832 πυκνοῖσι,
1346 1774 1547 1840 οἴχοντο
1572 1772 1847 1839 φεύγοντες

0 1862 135 1908 ‚niu-k
178 1855 258 1909 ἐπὶ
301 1861 389 1907 τοῦ
436 1858 577 1923 ὄρεος
623 1856 710 1909 τὸν
758 1858 1027 1930 κόρυμβον,
1073 1856 1398 1923 ἐπιστάμενοι
1443 1857 1508 1910 ὡς
1554 1856 1636 1909 ἐπὶ
1681 1855 1847 1923 σφέας

177 1938 468 2007 ὁρμήθησαν
488 1939 665 2010 ἀρχήν,
689 1943 768 1995 καὶ
788 1940 1196 2009 παρεσκευάδατο
1217 1941 1282 1996 ὣς
1301 1942 1647 2007 ἀπολεόμενοι.
1711 1942 1846 1993 οὗτοι

174 2026 268 2090 μὲν
298 2023 355 2090 δὴ
388 2029 540 2078 ταῦτα
572 2026 830 2093 ἐφρόνεον,
863 2030 910 2079 οἱ
942 2030 996 2080 δὲ
1020 2027 1151 2095 ἀμφὶ
1183 2025 1460 2091 Ἐπιάλτην
1494 2026 1574 2078 καὶ
1602 2024 1847 2093 ”Ὑδάρνεα

178 2108 376 2176 Πέρσαι
417 2109 633 2163 Φωκέων
667 2113 760 2176 μὲν
801 2110 978 2164 οὐδένα
1018 2112 1175 2179 λόγον
1216 2113 1486 2171 ἐποιεῦντο,
1521 2114 1567 2164 οἱ
1608 2114 1661 2164 δὲ
1703 2110 1843 2163 κατέ-

102 2215 150 2256 25
175 2198 357 2259 βαινον
401 2193 458 2246 τὸ
502 2196 614 2262 ὄρος
662 2198 784 2247 κατὰ
827 2195 998 2264 τάχος.
1094 2201 1229 2248 τοῖσι
1274 2199 1327 2249 δὲ
1376 2197 1429 2248 ἐν
1479 2196 1846 2268 Θερμοπύλῃσι
1883 2212 1977 2260 219

176 2279 316 2329 ἐοῦσι
344 2277 608 2344 Ἑλλήνων
644 2285 839 2347 πρῶτον
875 2283 967 2346 μὲν
998 2281 1024 2332 ὁ
1053 2279 1229 2346 μάντις
1262 2281 1546 2348 Μεγιστίης
1582 2281 1764 2333 ἐσιδὼν
1795 2283 1846 2335 ἐς

175 2363 235 2419 τὰ
267 2364 346 2438 ἱρὰ
377 2363 572 2430 ἔφρασε
602 2363 690 2416 τὸν
719 2363 973 2429 μέλλοντα
1003 2365 1214 2417 ἔσεσθαι
1245 2364 1346 2431 ἅμα
1376 2365 1462 2430 ἠοῖ
1490 2372 1588 2433 σφι
1613 2364 1840 2425 θάνατον,

231 2512 255 2537 2
284 2499 352 2539 alt.
378 2499 449 2552 τὰ]
472 2504 555 2541 τῶν
578 2500 612 2539 C
812 2514 837 2550 3
867 2503 914 2551 δὴ
935 2515 1017 2540 orn.
1043 2501 1081 2540 A
1096 2501 1130 2540 B
1146 2502 1180 2541 C
1293 2501 1431 2553 ἔφαινε
1455 2501 1494 2540 R
1510 2502 1593 2542 SV
1703 2503 1741 2542 οἳ
1760 2516 1842 2543 om.

178 2553 218 2593 R
235 2555 316 2594 SV
428 2555 611 2606 ἐγίνοντο
644 2556 700 2594 Rc
722 2556 752 2595 S
773 2556 828 2609 Vr
935 2570 960 2605 4
998 2559 1150 2610 εἴρηται
1180 2555 1219 2594 Α
1242 2555 1276 2594 Β
1301 2557 1334 2595 C
1461 2569 1482 2605 7
1519 2557 1581 2596 ὑπ’
1612 2555 1667 2598 ὧν
1698 2557 1737 2595 R
1760 2559 1791 2597 S
1807 2558 1846 2596 V

176 2610 202 2646 8
242 2610 425 2651 ἐθελοντὶ
462 2609 499 2647 R
516 2609 546 2647 S
559 2610 598 2648 V
727 2610 1007 2663 ὑποδεξάμενοι
1025 2640 1033 2648 .
1056 2642 1064 2650 .
1082 2641 1090 2650 .
1110 2610 1264 2652 Φωκέες
1298 2624 1380 2651 om.
1418 2611 1456 2648 R
1472 2611 1501 2650 S
1514 2612 1553 2650 V
1724 2624 1772 2651 10
1810 2615 1846 2653 οἱ

177 2663 327 2717 Πέρσαι
350 2663 568 2705 ἐλάνθανον
591 2664 629 2702 R
646 2665 676 2703 S
689 2665 726 2703 V
839 2666 905 2706 ἐὸν
924 2679 1005 2705 om.
1031 2665 1070 2704 R
1086 2665 1116 2705 S
1132 2666 1170 2704 V
1355 2678 1370 2703 1
1382 2680 1398 2704 1
1434 2667 1637 2707 ἐπίπλεων
1657 2665 1696 2704 Α
1711 2666 1745 2704 Β
1762 2666 1795 2705 C
1812 2666 1846 2705 P

182 2730 229 2756 12
260 2720 361 2760 εἰκὸς
382 2717 421 2757 Α
435 2718 468 2757 Β
485 2719 518 2757 C
534 2719 567 2757 P
705 2733 753 2770 13
784 2721 969 2761 ἐνέδυντο
990 2721 1024 2759 C
1158 2733 1205 2770 14
1236 2723 1436 2771 παρῆισαν
1456 2722 1490 2760 C
1624 2734 1671 2771 15
1702 2720 1846 2763 οὐδένα

178 2773 211 2811 C
227 2773 260 2811 P
274 2773 312 2811 R
327 2774 357 2813 S
370 2774 408 2813 V
578 2776 628 2814 16
659 2775 816 2827 ἀντίξον
838 2775 871 2814 C
1042 2788 1087 2824 17
1119 2778 1154 2816 οἱ
1174 2788 1256 2816 om.
1283 2776 1323 2814 R
1338 2775 1368 2814 S
1385 2775 1421 2814 V
1589 2776 1638 2814 18
1668 2778 1844 2817 ποδαπὸς

177 2827 211 2866 C
230 2842 239 2867 ε
277 2828 455 2870 ποταπὸς
485 2827 524 2867 Α
539 2829 575 2868 Β
739 2833 759 2870 ὃ
789 2843 869 2869 om.
904 2830 936 2868 P
950 2830 989 2868 R
1004 2830 1034 2869 S
1048 2830 1086 2868 V
1297 2843 1349 2869 22
1388 2830 1628 2883 ὡρμήθησαν
1660 2830 1693 2869 Ρ
1708 2830 1746 2868 R
1761 2831 1792 2869 S
1806 2831 1845 2870 V

176 2895 228 2932 23
256 2885 420 2925 real-0111.
446 2883 480 2922 C
649 2898 698 2935 27
731 2886 814 2938 ἱερὰ
834 2883 873 2924 Α
888 2885 922 2923 Β
1034 2886 1113 2937 ἅμα
1134 2885 1176 2927 οῗ
1193 2885 1232 2923 R
1246 2885 1328 2925 SV
