2132 3340
753 134 1134 188 ΙΣΤΟΡΙΩΝ
1216 135 1233 182 Ι

164 273 283 320 λιοι.
370 265 557 318 τούτων
601 269 654 319 δὲ
698 267 896 334 εἴχοντο
940 264 1272 333 Ἐπιδαυρίων
1315 265 1614 317 ὀκτακόσιοι.
1702 266 1835 331 παρὰ

165 355 221 405 δὲ
271 351 474 405 τούτους
522 351 828 418 Τροιζηνίων
875 349 1157 403 ἐτάσσοντο
1209 350 1383 419 χίλιοι,
1431 350 1734 416 Τροιζηνίων
1778 353 1833 402 δὲ

165 437 395 505 ἐχόμενοι
431 435 757 502 Λεπρεητέων
793 436 1057 500 διηκόσιοι,
1090 435 1277 487 τούτων
1320 437 1373 486 δὲ
1412 435 1714 500 Μυκηναίων
1753 435 1831 486 καὶ

161 522 439 589 Τιρυνθίων
461 521 789 588 τετρακόσιοι,
816 521 1004 572 τούτων
1027 522 1081 572 δὲ
1106 521 1338 588 ἐχόμενοι
1365 518 1633 571 Φλειάσιοι
1655 521 1829 587 χίλιοι·

115 629 137 670 5
163 607 297 672 παρὰ
319 607 372 658 δὲ
395 605 595 660 τούτους
618 605 842 670 ἔστησαν
865 603 1152 671 Ἑρμιονέες
1174 605 1465 671 τριηκόσιοι.
1529 603 1831 670 Ἑρμιονέων

163 693 216 743 δὲ
252 691 487 759 ἐχόμενοι
523 691 729 742 ἵσταντο
760 688 1054 757 Ἐρετριέων
1094 711 1147 741 τε
1186 690 1264 741 καὶ
1295 687 1522 756 Στυρέων
1559 687 1829 753 ἑξακόσιοι,

161 775 348 827 τούτων
378 778 431 827 δὲ
454 774 728 827 Χαλκιδέες
751 775 1080 842 τετρακόσιοι,
1113 774 1301 825 τούτων
1332 776 1385 825 δὲ
1416 773 1832 840 Ἀμπρακιωτέων

162 860 497 913 πεντακόσιοι.
584 861 709 925 μετὰ
740 861 793 910 δὲ
830 859 1032 913 τούτους
1063 859 1349 911 Λευκαδίων
1382 859 1461 910 καὶ
1494 857 1831 925 Ἀνακτορίων

161 945 446 996 ὀκτακόσιοι
496 943 735 1009 ἔστησαν,
790 944 978 996 τούτων
1033 946 1085 996 δὲ
1141 944 1374 1011 ἐχόμενοι
1428 941 1628 997 Παλέες
1677 946 1723 995 οἱ
1776 946 1830 995 ἐκ

89 1052 138 1081 10
164 1030 520 1097 Κεφαλληνίης
551 1029 813 1094 διηκόσιοι.
899 1031 1023 1094 μετὰ
1054 1031 1108 1081 δὲ
1139 1029 1341 1082 τούτους
1373 1027 1680 1096 Αἰγινητέων
1711 1050 1826 1080 πεν-

160 1114 387 1166 τακόσιοι
430 1113 734 1182 ἐτάχθησαν.
824 1116 957 1181 παρὰ
994 1116 1047 1166 δὲ
1088 1113 1290 1167 τούτους
1332 1111 1611 1181 ἐτάσσοντο
1654 1117 1826 1180 Μεγα-

158 1197 287 1266 ρέων
317 1200 610 1267 τρισχίλιοι.
700 1201 895 1268 εἴχοντο
933 1201 986 1250 δὲ
1020 1199 1207 1250 τούτων
1245 1197 1526 1251 Πλαταιέες
1557 1196 1828 1262 ἑξακόσιοι.

159 1287 432 1336 τελευταῖοι
452 1286 505 1336 δὲ
525 1284 605 1335 καὶ
630 1288 816 1351 πρῶτοι
839 1282 1095 1348 Ἀθηναῖοι
1121 1282 1417 1342 ἐτάσσοντο,
1453 1282 1596 1350 κέρας
1626 1282 1830 1351 ἔχοντες

158 1371 215 1419 τὸ
240 1368 506 1434 εὐώνυμον,
533 1369 918 1437 ὀκτακισχίλιοι·
953 1366 1257 1435 ἐστρατήγεε
1277 1366 1319 1418 δ’
1339 1367 1498 1420 αὐτῶν
1517 1367 1829 1434 Ἀριστείδης

87 1474 134 1514 15
159 1454 186 1503 ὁ
222 1452 533 1520 Λυσιμάχου.
621 1453 772 1512 οὗτοι,
811 1452 957 1517 πλὴν.
983 1457 1081 1504 τῶν
1119 1454 1243 1504 ἑπτὰ
1283 1453 1396 1519 περὶ
1434 1453 1647 1504 ἕκαστον
1683 1474 1824 1505 τετα-

159 1536 355 1604 γμένων
378 1535 738 1609 Σπαρτιήτῃσι,
765 1536 897 1601 ἦσαν
929 1538 1150 1600 ὁπλῖται,
1179 1536 1493 1590 συνάπαντες
1524 1539 1690 1591 ἐόντες
1720 1539 1823 1605 ἀρι-

160 1620 285 1686 θμὸν
320 1626 452 1689 τρεῖς
486 1643 541 1673 τε
578 1621 810 1688 μυριάδες
848 1621 926 1673 καὶ
965 1622 1093 1672 ὀκτὼ
1129 1620 1354 1689 χιλιάδες
1394 1622 1471 1672 καὶ
1508 1621 1829 1676 ἑκατοντάδες

159 1704 299 1758 ἑπτά.
388 1706 588 1758 ὁπλῖται
617 1708 709 1772 μὲν
738 1708 785 1758 οἱ
817 1706 1000 1760 πάντες
1032 1705 1366 1773 συλλεγέντες
1397 1707 1477 1758 ἐπὶ
1509 1705 1595 1758 τὸν
1624 1706 1825 1774 βάρβα-

157 1811 246 1857 ρον
293 1788 424 1854 ἦσαν
470 1795 719 1850 τοσοῦτοι,
767 1795 941 1858 ψιλῶν
988 1793 1042 1842 δὲ
1089 1794 1284 1855 πλῆθος
1329 1789 1389 1855 ἦν
1430 1792 1558 1851 τόδε,
1603 1794 1691 1855 τῆς
1735 1795 1828 1858 μὲν

85 1896 135 1924 20
158 1878 524 1941 Σπαρτιητικῆς
558 1874 726 1940 τάξιος
767 1876 1170 1943 πεντακισχίλιοι
1214 1876 1292 1926 καὶ
1333 1875 1616 1943 τρισμύριοι
1654 1875 1826 1943 ἄνδρες

158 1959 223 2013 ὣς
259 1960 444 2012 ἐόντων
481 1962 606 2012 ἑπτὰ
642 1959 752 2026 περὶ
792 1960 1004 2012 ἕκαστον
1039 1959 1210 2028 ἄνδρα,
1259 1959 1338 2011 καὶ
1384 1960 1570 2012 τούτων
1612 1964 1709 2015 πᾶς
1751 1982 1826 2015 τις

157 2043 440 2111 παρήρτητο
472 2044 537 2098 ὡς
567 2046 619 2097 ἐς
649 2045 890 2110 πόλεμον·
937 2047 983 2096 οἱ
1007 2047 1060 2096 δὲ
1084 2049 1183 2097 τῶν
1206 2049 1397 2097 λοιπῶν
1422 2048 1824 2111 Λακεδαιμονίων

159 2128 235 2180 καὶ
263 2127 526 2193 Ἑλλήνων
555 2130 720 2196 ψιλοί,
747 2129 812 2183 ὡς
835 2131 905 2183 εἷς
936 2129 1046 2196 περὶ
1079 2130 1292 2181 ἕκαστον
1325 2130 1418 2182 ἐὼν
1448 2129 1617 2196 ἄνδρα,
1644 2152 1821 2182 πεντα-

158 2212 319 2264 κόσιοι
341 2213 419 2265 καὶ
438 2215 833 2282 τετρακισχίλιοι
852 2214 933 2265 καὶ
952 2215 1231 2281 τρισμύριοι
1251 2212 1398 2278 ἦσαν.
1465 2220 1636 2282 ψιλῶν
1652 2217 1745 2280 μὲν
1764 2215 1822 2279 δὴ

83 2321 130 2361 25
155 2302 254 2349 τῶν
273 2296 506 2350 ἁπάντων
528 2300 762 2367 μαχίμων
787 2297 846 2363 ἦν
870 2298 926 2350 τὸ
950 2301 1140 2363 πλῆθος
1161 2298 1220 2363 ἕξ
1242 2320 1297 2350 τε
1319 2298 1551 2365 μυριάδες
1576 2299 1654 2350 καὶ
1679 2299 1824 2351 ἐννέα

155 2381 380 2450 χιλιάδες
405 2382 483 2434 καὶ
504 2382 824 2436 ἑκατοντάδες
844 2382 1009 2442 πέντε,
1031 2388 1118 2435 τοῦ
1136 2385 1189 2435 δὲ
1210 2383 1500 2448 σύμπαντος
1521 2375 1822 2448 Ἑλληνικοῦ

155 2470 242 2517 τοῦ
276 2467 610 2520 συνελθόντος
641 2468 692 2521 ἐς
722 2468 983 2521 Πλαταιᾶς
1017 2467 1110 2519 σύν
1141 2488 1196 2520 τε
1229 2468 1468 2539 ὁπλίτῃσι
1507 2469 1586 2519 καὶ
1615 2473 1821 2535 ψιλοῖσι

155 2555 289 2602 τοῖσι
311 2551 579 2619 μαχίμοισι
602 2551 775 2603 ἕνδεκα
798 2550 1027 2618 μυριάδες
1052 2550 1198 2615 ἦσαν,
1222 2555 1337 2617 μιῆς
1359 2551 1604 2621 χιλιάδος,
1627 2551 1749 2618 πρὸς
1769 2555 1822 2603 δὲ

208 2701 233 2727 2
262 2687 430 2730 τούτους
449 2717 460 2728 .
486 2719 496 2730 .
522 2719 531 2728 .
557 2690 660 2743 παρὰ
690 2688 732 2730 δὲ
764 2689 828 2740 (5)
860 2703 942 2729 om.
976 2691 1014 2729 R
1230 2703 1256 2738 3
1285 2689 1441 2731 τούτων
1461 2721 1471 2731 .
1496 2720 1507 2731 .
1535 2722 1543 2731 .
1564 2691 1820 2745 τετρακόσιοι

152 2756 233 2783 om.
258 2743 288 2782 S
303 2743 341 2782 V
503 2757 527 2793 4
557 2743 740 2785 Φλιάσιοι
763 2744 797 2782 L
963 2756 988 2793 5
1021 2743 1202 2786 ἔστασαν
1224 2744 1309 2783 PR
1325 2744 1407 2785 SV
1430 2746 1491 2792 (it.
1514 2747 1558 2796 9)
1717 2749 1746 2786 6
1773 2764 1821 2787 τε

153 2811 235 2838 om.
268 2798 403 2838 RSV
613 2811 634 2848 7
675 2798 832 2840 τούτων
861 2798 904 2840 δὲ
925 2806 973 2840 Χ.
998 2799 1251 2852 τετρακόσιοι
1281 2806 1363 2838 om.
1399 2798 1533 2840 RSV
1645 2800 1819 2854 Ἀμπρα-

153 2852 324 2902 κιητέων
345 2852 385 2891 Α
400 2853 434 2891 Β
449 2853 482 2892 C
499 2852 532 2892 P
667 2866 717 2892 10
746 2852 1005 2902 πεντηκόσιοι
1027 2853 1067 2892 Α
1082 2854 1117 2892 Β
1133 2854 1167 2894 C
1305 2856 1354 2893 16
1384 2855 1615 2906 σύμπαντες
1635 2854 1674 2894 Α
1688 2855 1722 2893 Β
1737 2855 1771 2894 C
1787 2856 1821 2894 P

155 2907 290 2949 ἐόντες
312 2921 395 2948 om.
423 2907 479 2946 Al
597 2920 642 2957 17
672 2908 758 2961 τρίς
782 2908 873 2947 RV
986 2921 1038 2958 23
1070 2911 1144 2950 ε’ὼν
1163 2922 1245 2949 om.
1271 2908 1302 2948 S
1416 2922 1467 2959 25
1498 2908 1614 2963 (τῶν)
1633 2910 1819 2961 μαχίμων

154 2962 272 3002 Stein
401 2964 465 3004 καὶ
498 2961 613 3004 ἐννέα
641 2962 824 3014 χιλιάδες
854 2976 934 3003 om.
972 2963 1010 3001 R
1028 2964 1056 3002 S
1071 2964 1108 3002 V
1275 2965 1329 3003 26
1367 2966 1626 3017 Ἑλληνικοῦ]
1657 2968 1730 3005 τοῦ
1760 2966 1814 3005 Ἑ.

152 3016 338 3056 ABCP
493 3030 543 3067 27
575 3018 782 3059 Πλαταίας
806 3017 1001 3058 ABRV

1875 132 1962 182 IX.
1991 131 2057 181 28

1867 1471 1937 1517 29

1863 2392 1931 2438 30
