2138 3366
7 212 10 215 ι
46 127 136 189 VI.
165 123 226 190 ιο

0 336 165 399 “⁸²2³

186 626 231 660 11

202 876 229 908 2

172 1723 227 1759 12

200 2231 224 2262 Ν

892 138 941 186 Η
957 138 1042 186 ΡΟ
1056 137 1317 186 ΔΟΤΟὙ

268 272 316 323 οἱ
347 272 399 323 δὲ
420 269 608 329 Ἴωνες,
635 270 686 322 ἐς
715 268 850 322 τοὺς
861 268 939 331 καὶ
969 269 1218 332 ἀπίκοντο
1238 267 1379 319 αὗται
1411 269 1461 320 αἱ
1491 262 1799 335 ἀγγελίαι,ἀ
1767 287 1927 337 awa·
1909 278 2138 324 -Sumaen

267 355 461 429 μοσύνῃ
508 375 562 406 τε
610 353 906 422 διεχρέωντο
954 354 1034 405 καὶ
1081 353 1138 405 οὐ
1185 353 1451 419 προσίεντο
1497 351 1590 416 τὴν
1636 348 1927 419 προδοσιην,
1974 351 2136 378 ‘m

268 437 502 507 εωυτοισί
537 459 591 490 τε
631 437 833 489 ἔκαστοι
871 437 1071 489 ἐδόκεον
1110 437 1338 503 μούνοισι
1376 441 1531 488 ταῦτα
1569 436 1683 490 τοὺς
1723 433 1930 502 Πέρσας

268 501 684 591 ἐξαγγέλλεσθαι.
772 527 925 574 ταῦτα
960 520 1053 588 μέν
1089 543 1176 575 νυν
1217 520 1360 575 ἰθέως
1399 519 1712 586 ἀπικομένων
1753 522 1805 574 ἐς
1838 517 1930 583 τὴν

269 609 498 672 Μίλητον
538 611 636 658 τῶν
672 605 915 674 Περσέων
945 607 1154 674 ἐγίνετο·
1198 607 1324 672 μετὰ
1364 608 1417 658 δὲ
1453 610 1552 658 τῶν
1582 604 1764 657 Ἰώνων
1802 609 1927 673 Q·
1951 626 1976 667 5

266 690 550 761 λεχθέντων
581 693 632 745 ἐς
672 690 763 794 τῃν
794 690 963 756 Λάδην
995 691 1219 758 ἐγίνοντο
1259 690 1451 757 ἀγοραί,
1484 690 1564 742 καὶ
1605 687 1663 754 δή
1705 689 1791 741 κού
1831 694 1930 756 σφι

269 776 347 828 καὶ
377 774 526 827 ἄλλοι
560 774 862 851 ,ᾐχορόωντοΞ
896 777 950 828 ἐν
989 778 1043 828 δὲ
1082 775 1140 844 δῇ
1183 774 1262 827 καὶ
1297 776 1324 826 ὁ
1359 773 1614 828 Φωκαιεὺς
1653 771 1930 841 στρατηγὸς

269 861 539 913 Διονύσιος
606 881 735 927 εγων
763 882 824 912 τα
857 882 896 912 ε·
942 858 1266 964 'Q
1274 860 1384 945 γὰρ
1411 860 1568 933 ἀκμῇς
1603 858 1773 936 ἔχεται
1811 826 2138 930 ἡμῖνὴδῇῼ

266 946 328 996 τὰ
356 942 634 1012 πρήγματα,
667 943 839 1012 ἄνδρες
859 940 1098 1004 Ἴωνες,
1073 966 1103 1008 η
1129 965 1255 997 ειναι
1281 928 1647 1012 ἐλευθέροισι
1621 965 1652 1008 η
1683 941 1926 1001 δούλοισι,

269 1029 349 1081 καὶ
379 1029 600 1093 τούτοισι
630 1028 695 1082 ὡς
731 1028 1020 1102 δρηπέτῃσι·
1065 1033 1151 1081 νῦν
1181 1026 1250 1081 ὠν
1283 1030 1421 1103 ij-s'
1456 1023 1517 1092 ἢν
1544 1029 1638 1095 μὲν
1666 1027 1930 1093 βούλησθε
1956 1050 2003 1079 10

267 1115 604 1181 ταλαιπωρίας
623 1113 928 1173 ἐνδέκεσθαι,
953 1113 1010 1165 τὸ
1035 1116 1335 1181 παραχρῆμα
1352 1114 1444 1179 μὲν
1461 1113 1612 1166 πόνος
1629 1113 1745 1178 ὑμῖν
1764 1111 1926 1172 ἔσται,

267 1199 367 1250 οἶοί
420 1219 475 1251 τε
530 1200 584 1251 δὲ
643 1198 826 1251 ἔσεσθε
883 1198 1286 1265 ὑπερβαλόμενοι
1335 1196 1450 1251 τοὺς
1499 1198 1753 1251 ἐναντίους
1802 1195 1929 1249 εἶναι

267 1282 534 1349 ἐλεύθεροι·
603 1284 646 1334 εἰ
697 1286 751 1335 δὲ
800 1284 1019 1355 μαλακίῃ
1078 1303 1133 1335 τε
1191 1283 1294 1357 καὶ,
1329 1280 1506 1354 ἀταξίῃ
1564 1276 2138 1353 διαχρῄσῃσθε,ΕΜΤΪψ

266 1367 497 1432 οὐδεμίαν
540 1366 703 1432 ὑμέων
747 1367 846 1435 ἔχω
891 1368 1071 1419 ἐλπίδα
1118 1366 1182 1435 μῂ
1229 1366 1286 1418 οὗ
1329 1367 1510 1418 δώσειν
1555 1362 1741 1432 [ὑμέας]
1787 1367 2138 1433 δίκηνᾰμΐε

266 1450 481 1515 βασιλέϊ
514 1453 602 1515 τῆς
637 1450 964 1506 ἀποστάσιος.
1052 1451 1169 1503 ἀλλ’
1199 1453 1314 1517 ἐμοί
1344 1472 1398 1503 τε
1433 1440 1671 1503 πείθεσθε
1707 1450 1787 1502 καὶ
1819 1450 1926 1516 ἐμοὶ
1954 1471 2000 1513 15
2047 1487 2057 1499 ,

263 1534 414 1600 ὑμέας
464 1535 642 1590 αὐτοὺς
692 1535 1010 1604 ἐπιτρέψατε·
1079 1535 1158 1588 καὶ
1216 1537 1330 1601 ὑμῖν
1383 1535 1497 1602 ἐγώ,
1552 1537 1678 1588 θεῶν
1725 1536 1788 1587 τὰ
1837 1536 1927 1604 ἶσα

264 1619 528 1684 Qu,
575 1619 877 1686 ὑποδέκομαι
920 1616 950 1685 ἢ
995 1619 1053 1672 οὗ
1096 1618 1384 1686 συμμείξειν
1426 1618 1542 1672 τοὺς
1585 1620 1852 1685 πολεμίους
1894 1614 1925 1684 ἢ

266 1706 643 1771 συμμίσγοντας
686 1704 881 1757 πολλὸν
926 1705 1338 1770 ξλασσώσεσθαι.
1425 1707 1579 1755 ταῦτα
1622 1703 1925 1757 ἀκούσαντες

264 1790 310 1840 οἱ
341 1787 514 1841 Ἴωνες
556 1788 878 1857 ἐπιτρέπουσι
918 1788 1082 1856 σφέας
1122 1788 1296 1843 αὐτους
1336 1793 1403 1858 τῷ
1447 1788 1716 1857 Διονυσίῳ.
1804 1787 1926 1840 ὅδὲ

263 1871 463 1941 ἆυάχωυ
505 1871 742 1925 ΕΚάσΤΟΤΕ
782 1873 863 1925 ew}
904 1895 1050 1945 KQ
1090 1894 1178 1928 Ta?
1222 1871 1351 1931 νέας,
1384 1893 1512 1940 Q
1551 1876 1684 1923 Τοῖσι
1726 1871 1924 1943 ἐρΕΤῃΟἹ.
1951 1886 2138 1923 Ξοῧθπί

546 1928 919 1945 ’θ-ν--υ-

2120 444 2138 456 ,4

261 1954 510 2023 χρήσαιτο
556 1956 820 2010 διέκπλοον
869 1958 1156 2023 ποιεύμενος
1199 1964 1317 2029 τῇσι
1361 1956 1508 2021 νηυσὶ
1553 1955 1614 2007 δι’
1657 1954 1924 2020 ἀλληλέων

265 2040 342 2091 καὶ
372 2040 484 2094 τοὺς
517 2041 761 2109 ἐπιβάτας
795 2043 1041 2106 ῥπλίσειε,
1072 2041 1128 2093 τὸ
1156 2045 1335 2093 λοιπὸν
1365 2043 1451 2105 τῆς
1481 2039 1663 2107 ἡμέρης
1692 2043 1780 2094 τὰς
1810 2038 1924 2094 νέας

263 2123 443 2191 ἔχεσκε
488 2124 564 2177 ἐπ’
607 2125 873 2194 ἀγκυρέων,
920 2124 1130 2193 παρεῖχέ
1178 2146 1233 2177 τε
1284 2130 1418 2177 τοῖσι
1460 2124 1607 2176 Ἴωσι
1659 2125 1811 2176 πόνον
1862 2123 1923 2176 δι’

262 2207 460 2276 ᾑμέρῃξ.
547 2208 695 2277 μέχρι
745 2209 836 2275 μέν
881 2231 968 2262 νυν
1010 2208 1232 2277 ἡμερέων
1277 2210 1403 2261 ἑπτὰ
1445 2209 1705 2260 ἐπείθοντό
1747 2230 1800 2260 τε
1846 2208 1923 2260 καὶ

263 2293 458 2344 ἐποίευν
498 2293 555 2362 τὸ
597 2294 935 2361 κελευόμενον,
969 2301 1030 2366 τῇ
1071 2297 1123 2346 δε
1164 2293 1245 2345 ἐπὶ
1285 2293 1495 2365 ταύτῃσι
1541 2295 1587 2344 οἱ
1622 2292 1870 2352 Ἴωνες,ο
1842 2293 1996 2357 Qu,

263 2375 476 2430 ἀπαθέες
508 2377 673 2430 ἐόντες
703 2378 871 2429 πόνων
893 2378 1129 2429 τοιούτων
1161 2376 1444 2444 τετρυμένοι
1473 2398 1529 2429 τε
1556 2377 1927 2448 ταλαιπωρίῃσί

262 2479 316 2511 τε
361 2461 439 2512 καὶ
483 2461 624 2531 ἡλίῳ,
664 2459 844 2529 ἔλεξαν
889 2461 1010 2528 πρὸς
1058 2461 1268 2515 ἑωυτοὺς
1311 2460 1444 2513 τάδε·
1508 2462 1635 2530 Τίνα
1678 2461 1923 2526 δαιμόνων

322 2610 336 2634 1
370 2598 434 2638 οὓς
454 2597 493 2641 Α
508 2598 542 2636 Β
558 2599 591 2636 C
749 2613 774 2648 3
806 2599 984 2640 ἑαυτοΐσί
1003 2599 1039 2637 Α
1057 2599 1092 2638 Β
1203 2599 1244 2640 δὲ
1267 2599 1305 2638 A
1321 2600 1354 2638 B
1373 2601 1405 2638 C
1507 2618 1515 2629 ·
1575 2614 1599 2649 4
1631 2598 1922 2652 ἐξαγγέλεσθαι

263 2653 295 2690 C
313 2651 350 2688 R
371 2666 379 2690 :
412 2652 743 2705 ἐπαγγέλλεσθαι
765 2654 907 2692 Naber
1053 2657 1079 2692 6
1110 2654 1313 2706 ἐγίνονται
1333 2654 1388 2693 Α1
1557 2667 1578 2703 7
1608 2657 1813 2707 ἠγορῶντο
1833 2654 1872 2692 A
1886 2655 1921 2693 B

263 2709 283 2746 ὁ
304 2719 384 2744 om.
410 2706 446 2744 R
465 2707 494 2745 S
508 2707 545 2745 V
656 2709 836 2752 Φωκαεὺς
858 2709 892 2746 L
1023 2710 1252 2761 στρατηγὸς
1273 2723 1352 2748 om.
1375 2709 1574 2749 Cantabr.
1572 2715 1641 2761 ,gt
1662 2709 1921 2759 (Longinus)

263 2761 314 2799 de
337 2761 441 2800 subl.
460 2774 512 2799 22
621 2776 648 2812 9
678 2776 738 2812 pr.
761 2765 786 2812 ἢ
807 2776 887 2803 orn.
915 2764 1046 2814 Long.
1165 2777 1214 2803 10
1242 2763 1355 2815 ὑμέες
1377 2763 1434 2802 P:
1454 2765 1578 2814 ,ἡμεῖς
1598 2763 1636 2802 Α
1652 2763 1716 2803 B:
1746 2762 1879 2814 ἡμέες·
1885 2764 1920 2802 C

265 2827 307 2852 11
341 2817 613 2868 ταλαιπωρίην
634 2817 820 2858 δέκεσθαι
841 2817 880 2855 Α
895 2818 929 2856 Β
945 2818 978 2856 C
1089 2820 1137 2860 το
1158 2825 1202 2860 et
1222 2818 1338 2859 εσται
1359 2831 1440 2857 om.
1464 2818 1598 2868 Long.
1728 2831 1775 2856 12
1806 2820 1917 2869 ὑπερ-

262 2869 510 2920 βαλλόμενοι
534 2871 573 2909 R
589 2872 618 2910 S
633 2871 672 2910 V
814 2885 861 2921 13
892 2874 1160 2926 διαχρησεσθε
1184 2873 1270 2929 PR
1285 2873 1315 2912 S
1331 2871 1382 2912 C1
1399 2872 1448 2925 (3)
1603 2884 1651 2920 14
1682 2874 1780 2923 ὑμᾶς
1803 2872 1841 2910 R
1854 2873 1916 2911 V·
1907 2903 1916 2913 .

261 2924 414 2962 seclusi
584 2927 633 2963 16
663 2929 808 2980 ἐπιστρ
813 2927 876 2965 .S
889 2927 927 2965 V
1089 2940 1137 2977 17
1169 2922 1374 2979 συμμίξειν
1397 2927 1430 2966 L
1582 2927 1630 2965 18
1661 2929 1918 2967 ἐλασσωσθαι

265 2977 303 3016 R
319 2977 373 3018 S.
407 2979 766 3027 ἐλασσωθήσεσθαι
785 2944 826 3019 A
841 2980 875 3019 Β
892 2980 926 3019 C
1106 2993 1157 3030 24
1189 2980 1380 3022 ἐπύθοντο
1402 2981 1432 3022 S
1446 2980 1484 3020 V
1607 2997 1654 3021 τε
1675 2993 1756 3020 om.
1783 2980 1822 3019 R
1836 2980 1866 3020 S
1879 2980 1918 3019 V

263 3043 316 3082 25
345 3032 473 3082 ταύτῃ
497 3032 634 3073 RSV
