2132 3340
739 102 1110 149 ΙΣΤΟΡΙΩΝ
1171 101 1219 148 H
1844 102 1954 150 VII.
1987 104 2062 150 8α

133 234 282 300 τήνδε
326 235 457 301 παρὰ
504 231 707 297 Μήδων,
747 232 908 300 Κύρου
956 234 1250 287 κατελόντος
1294 231 1592 299 Ἀστυάγεα·
1669 234 1802 283 ἀλλὰ

135 319 246 373 θεός
274 340 329 371 τε
358 319 484 370 οὕτω
514 317 624 385 ἄγει
657 319 735 370 καὶ
759 319 955 370 αὐτοῖσι
982 318 1100 384 ἡμῖν
1132 320 1301 370 πολλὰ
1331 316 1575 370 ἐπέπουσι
1605 316 1798 384 συμφέ-

133 424 269 470 ρεται
298 403 379 456 ἐπὶ
408 402 464 454 τὸ
493 401 714 467 ἄμεινον.
802 403 863 454 τὰ
892 402 985 468 μέν
1016 423 1102 454 νυν
1137 403 1293 468 Κῦρός
1324 423 1378 454 τε
1409 402 1488 454 καὶ
1522 401 1802 467 Καμβύσης

134 485 295 555 πατήρ
325 509 380 540 τε
405 484 476 554 (ὁ)
503 486 619 553 ἐμὸς
645 492 860 554 Δαρεῖος
885 486 1257 554 κατεργάσαντο
1283 488 1362 539 καὶ
1386 484 1799 553 προσεκτήσαντο

0 631 3 643 ‚
85 595 108 636 5
134 571 294 632 ἔθνεα,
334 569 715 638 ἐπισταμένοισι
751 572 804 625 εὖ
839 571 926 624 οὐκ
961 570 1024 624 ἄν
1058 593 1132 626 τις
1165 570 1323 639 λέγοι.
1415 571 1512 638 ἐγὼ
1547 573 1599 623 δὲ
1638 571 1800 622 ἐπείτε
1839 588 1866 620 2

76 690 91 706 .
134 655 429 724 παρέλαβον
458 656 546 709 τὸν
576 657 754 725 θρόνον
782 661 976 718 τοῦτον,
1002 657 1292 724 ἐφρόντιζον
1317 657 1442 710 ὅκως
1468 655 1531 730 μὴ
1555 656 1801 731 λείῈομαι

0 670 37 798 >
134 746 232 793 τῶν
262 741 503 808 πρότερον
533 741 818 809 γενομένων
853 743 908 794 ἐν
944 749 1060 815 τιμῇ
1096 746 1212 814 τῇδε
1246 743 1369 806 μηδὲ
1399 740 1610 792 ἐλάσσω
1641 761 1795 807 προσ-

137 824 381 892 κτήσομαι
411 827 615 892 δύναμιν
642 826 894 899 Πέρσῃσι·
943 826 1219 894 φροντίζων
1250 828 1302 878 δὲ
1335 827 1546 892 εὑρίσκω
1578 823 1679 891 ἅμα
1708 827 1801 890 μὲν

47 903 280 965 Ἤος
308 911 427 977 ἡμῖν
452 912 860 979 ’προσγινόμενον
900 911 1069 981 χώρην
1104 932 1157 963 τε
1193 913 1280 975 τῆς
1317 915 1403 963 νῦν
1440 908 1684 975 ἐκτήμεθα
1714 909 1800 961 οὐκ

66 1017 112 1046 ιο
137 993 399 1048 ἐλάσσονα
449 995 562 1048 οὐδὲ
615 995 964 1064 φλαυροτέρην
1014 994 1412 1063 παμφορωτέρην
1468 994 1539 1054 δέ,
1594 994 1696 1061 ἅμα
1747 997 1800 1046 δὲ

135 1082 374 1147 τιμωρίην
402 1102 456 1132 τε
488 1081 568 1132 καὶ
598 1082 734 1133 τίσιν
765 1079 1047 1148 γινομένην.
1122 1080 1198 1132 διὸ
1220 1079 1372 1146 ὑμέας
1403 1085 1491 1132 νῦν
1523 1080 1620 1147 ἐγὼ
1653 1079 1797 1131 συνέ-

135 1161 274 1229 λεξα,
300 1166 383 1218 ἵνα
403 1164 459 1217 τὸ
484 1164 607 1217 νοέω
632 1163 882 1233 πρήσσειν
904 1164 1216 1233 ὑπερθέωμαι
1238 1166 1368 1230 ὑμῖν.
1431 1164 1603 1230 μέλλω
1630 1161 1800 1228 ζεύξας
1835 1170 1878 1231 β

135 1249 224 1302 τὸν
251 1248 639 1315 Ἑλλήσποντον
677 1252 799 1302 ἐλᾶν
838 1250 1054 1319 στρατὸν
1091 1252 1170 1302 διὰ
1206 1253 1293 1314 τῆς
1327 1250 1567 1316 Εὐρώπης
1598 1250 1678 1301 ἐπὶ
1709 1248 1801 1300 τῗν

135 1333 378 1414 ‘EQQ
417 1336 500 1387 ἵνα
535 1333 828 1400 Ἀθηναίους
864 1333 1222 1402 τιμωρήσωμαι
1257 1335 1356 1384 ὅσα
1403 1333 1459 1398 δὴ
1497 1332 1802 1397 πεποιήκασι

65 1438 110 1479 15
138 1417 342 1486 Πέρσας
373 1440 427 1472 τε
458 1421 540 1472 καὶ
576 1418 766 1487 πατέρα
800 1419 888 1472 τὸν
925 1420 1060 1485 ἐμόν.
1151 1419 1306 1486 ὡρᾶτε
1337 1418 1430 1484 μέν
1461 1439 1548 1470 νυν
1580 1418 1659 1469 καὶ
1692 1424 1797 1469 Δα-
1839 1430 1865 1460 2

135 1508 270 1571 ρεῖον
300 1503 501 1556 ἰθύοντα
532 1504 894 1572 στρατεύεσθαι
924 1505 1006 1557 ἐπὶ
1036 1503 1149 1558 τοὺς
1181 1503 1362 1570 ἄνδρας
1393 1503 1608 1557 τούτους.
1684 1501 1801 1553 ἀλλ’

137 1589 163 1639 ὁ
193 1589 634 1654 μὲν“”τετελεύτηκε
666 1589 746 1642 καὶ
777 1589 864 1641 οὐκ
895 1587 1153 1656 ἐξεγένετό
1175 1591 1221 1641 οἱ
1251 1587 1649 1655 τιμωρήσασθαι·
1702 1588 1801 1654 ἐγὼ

137 1675 189 1725 δὲ
225 1672 349 1741 ὑπέρ
386 1695 440 1727 τε
483 1675 672 1727 ἐκείνου
708 1674 787 1726 καὶ
832 1678 932 1727 τῶν
970 1673 1143 1726 ἄλλων
1180 1670 1424 1741 Περσέων
1464 1673 1521 1724 οὐ
1560 1672 1801 1739 πρότερον

136 1758 390 1825 παύσομαι
434 1759 551 1826 πρὶν
593 1754 623 1824 ἢ
672 1759 771 1811 ἕλω
808 1781 862 1811 τε
900 1759 979 1811 καὶ
1022 1758 1234 1826 πυρώσω
1271 1760 1359 1812 τὰς
1394 1755 1625 1822 Ἀθήνας,
1660 1757 1711 1808 οἵ
1743 1779 1800 1823 γε

63 1867 114 1895 20
137 1843 223 1908 ἐμὲ
257 1843 336 1895 καὶ
367 1843 555 1911 πατέρα
583 1844 671 1896 τὸν
696 1843 815 1910 ἐμὸν
845 1843 1069 1911 ὑπῆρξαν
1098 1843 1244 1907 ἄδικα
1273 1847 1541 1896 ποιεῦντες.
1630 1846 1800 1908 πρῶτα
1839 1858 1864 1901 3

134 1930 225 1993 μὲν
250 1929 301 1982 ἐς
324 1926 503 1995 Σάρδις
527 1929 760 1982 ἐλθόντες
783 1927 885 1994 ἅμα
904 1927 1240 2000 Ἀρισταγόρῃ
1264 1933 1330 1997 τῷ
1358 1928 1615 1996 Μιλησίῳ,
1640 1927 1800 1996 δούλῳ

136 2014 189 2065 δὲ
219 2011 456 2083 ἡμετέρῳ,
479 2010 805 2080 [ἀπικόμενοι]
829 2012 1110 2081 ἐνέπρησαν
1133 2012 1193 2064 τά
1223 2034 1276 2065 τε
1307 2011 1471 2064 ἄλσεα
1501 2011 1582 2063 καὶ
1612 2012 1673 2062 τὰ
1704 2010 1798 2078 ἱρά·

135 2097 338 2164 δεύτερα
368 2100 422 2151 δὲ
450 2091 603 2164 ἡμέας
634 2098 714 2150 οἵα
744 2096 891 2165 ἔρξαν
917 2100 967 2151 ἐς
989 2097 1079 2162 τὴν
1109 2096 1360 2165 σφετέρην
1384 2095 1691 2162 ἀποβάντας,
1718 2096 1800 2148 ὅτε

138 2183 295 2236 Δᾶτίς
325 2203 380 2236 τε
410 2181 490 2234 καὶ
519 2181 861 2250 Ἀρταφρένης
892 2180 1246 2249 ἐστρατήγεον,
1279 2177 1375 2249 [τᾶ]
1407 2179 1684 2234 ἐπίστασθέ
1716 2202 1802 2232 κου

18 2330 19 2333 ¹
60 2251 110 2329 {5
136 2264 333 2321 πάντες.
421 2267 609 2320 τούτων
637 2267 809 2333 μέντοι
839 2268 1004 2320 εἵνεκα
1034 2266 1310 2334 ἀνάρτημαι
1341 2265 1417 2318 ἐπ’
1442 2265 1617 2319 αὐτοὺς
1649 2276 1798 2332 στρα-
1837 2285 1869 2330 ’γ

191 2417 208 2444 1
239 2404 473 2458 Ἀστυάγην
494 2404 527 2444 L
552 2406 646 2458 (·ειν
668 2405 724 2453 Β)
873 2419 898 2444 2
927 2404 1045 2447 οὗτος
1067 2406 1105 2444 R
1124 2405 1155 2445 S
1170 2405 1210 2444 V
1323 2403 1515 2455 ἐφέπουσι
1536 2403 1575 2442 Α
1589 2404 1623 2442 Β
1640 2404 1678 2443 R
1694 2403 1799 2443 SV:

137 2461 292 2502 ἐπιοῦσι
314 2461 442 2500 Dion.
466 2460 565 2500 Hal.
586 2461 639 2499 de
655 2460 697 2499 vi
713 2460 794 2500 dic.
816 2459 1036 2499 Demosth.
1062 2474 1112 2510 41
1242 2473 1267 2510 4
1298 2463 1319 2501 ὃ
1342 2460 1467 2499 Dion.
1594 2471 1619 2508 5
1651 2459 1693 2500 εὖ
1714 2472 1796 2499 om.

137 2514 263 2555 Dion.
447 2517 475 2554 6
503 2519 650 2556 τοῦτον
672 2515 711 2553 R
726 2515 757 2555 S
771 2515 810 2554 V
832 2516 953 2555 Dion.
976 2529 986 2553 ε
1013 2518 1136 2555 τοῦτο
1157 2515 1247 2554 rell.
1382 2515 1570 2567 λείψομαι
1593 2514 1626 2552 Ρ
1644 2528 1653 2553 :
1683 2531 1801 2564 -ωμαι

135 2570 224 2609 rell.
395 2583 417 2620 7
452 2569 757 2624 προσκτήσομαι
793 2570 852 2608 P:
888 2586 1006 2621 -ωμαι
1037 2569 1127 2608 rell.
1294 2583 1320 2619 9
1355 2570 1451 2620 ἡμῖν
1481 2567 1617 2608 RSV
1647 2568 1799 2607 Dion.:

135 2625 229 2676 ἡμῖν
248 2642 295 2665 τε
316 2625 406 2665 rell.
546 2627 681 2677 χώρης
701 2625 740 2662 Α
757 2625 789 2663 Β
804 2625 837 2664 C
1065 2638 1113 2663 10
1143 2623 1188 2665 δέ
1207 2625 1240 2664 C
1260 2639 1269 2664 τ
1298 2642 1345 2665 τε
1368 2624 1453 2663 rell.
1598 2622 1679 2673 ἅμα
1698 2640 1744 2663 τε
1766 2623 1800 2662 C

140 2692 184 2718 11
217 2681 282 2720 καὶ
308 2680 500 2733 τιμωρίην
525 2681 610 2720 τίσι
642 2680 679 2717 R
696 2679 776 2717 SV
943 2698 988 2720 τε
1017 2693 1099 2719 om.
1128 2680 1253 2719 Dion.
1423 2683 1492 2719 νῦν
1512 2692 1591 2717 om.
1618 2679 1649 2716 Ρ
1666 2678 1702 2715 R
1720 2678 1801 2717 SV

139 2747 185 2784 14
216 2735 488 2784 πεποιήκεσαν
507 2735 542 2773 C
750 2746 796 2783 15
828 2738 946 2788 ὁρᾶτε
968 2736 1000 2774 C
1026 2734 1150 2775 Diom
1279 2738 1462 2787 ,Δαρεῖον
1486 2735 1523 2772 R
1540 2734 1570 2773 S
1585 2733 1622 2772 V
1644 2734 1768 2772 Dion.
1791 2748 1800 2772 ε

135 2789 291 2841 πατέρα
309 2791 383 2830 τὸν
404 2791 499 2841 ἐμὸν
519 2798 616 2843 Δαρ.
641 2789 729 2829 rell.
877 2802 924 2838 17
956 2791 993 2829 οἱ
1014 2789 1044 2828 S
1065 2803 1074 2828 :
1104 2792 1211 2841 αὐτῷ
1233 2789 1323 2829 rell.
1353 2790 1477 2830 Dion.
1633 2802 1682 2839 19
1710 2790 1802 2841 πρὶν

137 2845 185 2885 ἃν
204 2845 230 2893 ἢ
252 2843 291 2883 R
305 2844 385 2883 SV
497 2858 550 2883 20
581 2847 751 2897 ὑπῆρξαν
772 2850 867 2894 post
890 2843 960 2894 ἐμὲ
984 2842 1076 2894 (ἐμέ
1093 2861 1139 2885 τε
1163 2844 1309 2896 Dion.)
1334 2845 1372 2883 R
1390 2845 1420 2884 S
1434 2844 1470 2882 V
1534 2862 1546 2875 „-
1581 2857 1633 2883 22
1663 2843 1799 2885 ἀπικό-

136 2915 246 2948 μενοι
265 2911 348 2939 om.
371 2899 494 2940 Dion.
630 2913 680 2947 24
712 2898 981 2953 Ἀρταφέρνης
1001 2898 1042 2938 Α
1058 2898 1093 2938 Β
1204 2899 1259 2941 τὰ
1276 2911 1358 2940 om.
1386 2899 1512 2940 Dion.
1646 2910 1696 2949 25
1726 2897 1801 2950 μὲν

137 2953 186 3003 δὴ
207 2952 377 2993 Bekker
489 2953 651 2996 αὐτέυυς
671 2953 711 2992 Λ
726 2954 759 2992 Β
