2132 3340
759 36 1132 85 ΙΣΤΟΡΙΩΝ
1209 40 1256 86 H

172 166 371 230 ἀποβὰς
419 166 681 232 ἐπορεύετο
729 168 780 219 ἐς
830 169 1149 232 Θεσσαλίην,
1199 169 1288 221 τὰς
1334 166 1449 221 νέας
1499 166 1646 218 αὐτοῦ
1693 187 1839 219 κατα-

170 249 348 309 λιπών,
393 249 472 302 καὶ
512 250 716 303 ἀπίκετο
758 251 808 304 ἐς
848 253 909 302 τὰ
947 250 1152 317 Τέμπεα
1192 253 1242 304 ἐς
1277 251 1368 316 τὴν
1410 250 1639 317 ἐσβολὴν
1679 250 1712 316 ἤ
1750 273 1843 317 περ

171 333 269 386 ἀπὸ
323 334 636 399 Μακεδονίης
693 337 781 399 τῆς
841 334 970 387 κάτω
1035 337 1086 389 ἐς
1146 337 1450 401 Θεσσαλίην
1509 334 1653 403 φέρει
1710 337 1842 402 παρὰ

171 418 392 484 ποταμὸν
431 419 663 483 Πηνειόν,
702 418 888 484 μεταξὺ
924 421 978 472 δὲ
1016 419 1276 485 Ὀλύμπου
1311 442 1365 472 τε
1402 422 1541 487 ὄρεος
1580 420 1726 471 ἐόντα
1763 420 1842 471 καὶ

121 525 144 565 5
169 505 255 567 τῆς
273 501 488 567 Ὄσσης.
565 504 776 554 ἐνθαῦτα
807 505 1286 571 ἐστρατοπεδεύοντο
1310 510 1408 557 τῶν
1431 502 1694 568 Ἑλλήνων
1718 506 1843 555 κατὰ

167 589 367 654 μυρίους
397 587 605 641 ὁπλίτας
636 587 984 655 συλλεγέντες,
1022 591 1106 641 καί
1133 595 1231 656 σφι
1261 592 1457 655 προσῆν
1488 589 1517 653 ἡ
1551 592 1843 645 Θεσσαλῶν

167 672 334 725 ἵππος.
422 670 725 739 ἐστρατήγεε
783 674 837 724 δὲ
890 675 1294 739 Λακεδαιμονίων
1343 676 1436 739 μὲν
1493 672 1761 725 Εὐαίνετος
1814 674 1841 723 ὁ

170 754 398 823 Καρήνου
423 757 476 807 ἐκ
507 762 605 808 τῶν
628 755 961 824 πολεμάρχων
985 756 1326 824 ἀραιρημένος,
1352 756 1523 824 γένεος
1551 756 1721 823 μέντοι
1747 757 1840 809 ἐὼν

168 839 225 890 οὐ
253 844 340 891 τοῦ
370 841 661 906 βασιληίου,
698 840 977 906 Ἀθηναίων
1012 845 1066 894 δὲ
1099 840 1479 908 Θεμιστοκλέης
1511 843 1537 892 ὁ
1569 840 1837 894 Νεοκλέος.

95 945 146 974 ιο
167 923 366 989 ἔμειναν
397 927 450 977 δὲ
479 926 655 992 ὀλίγας
684 924 869 992 ἡμέρας
906 928 1134 978 ἐνθαῦτα·
1168 915 1474 992 >ἀπικόμενοι
1504 928 1598 993 γὰρ
1631 925 1840 993 ἄγγελοι

166 1010 300 1075 παρὰ
339 1007 672 1077 Ἀλεξάνδρου
711 1014 797 1061 τοῦ
838 1009 1092 1076 Ἀμύντεω
1138 1009 1314 1078 ἀνδρὸς
1356 1011 1647 1064 Μακεδόνος
1692 1031 1837 1062 συνε-

165 1093 412 1158 βούλευόν
444 1100 542 1160 σφι
572 1093 1004 1147 ἀπαλλάσσεσθαι
1032 1098 1157 1161 μηδὲ
1190 1094 1433 1160 μένοντας
1466 1096 1518 1147 ἐν
1549 1095 1608 1166 τῇ
1641 1096 1839 1167 ἐσβολῇ

166 1181 570 1243 καταπατηθῆναι
605 1177 700 1231 ὑπὸ
736 1184 822 1230 τοῦ
858 1184 1073 1246 στρατοῦ
1108 1184 1195 1231 τοῦ
1232 1178 1473 1238 ἐπιόντος,
1509 1180 1840 1244 σημαίνοντες

164 1260 222 1312 τὸ
251 1262 443 1326 πλῆθός
473 1283 529 1315 τε
558 1265 645 1327 τῆς
676 1267 911 1330 στρατιῆς
943 1264 1023 1316 καὶ
1054 1264 1142 1317 τὰς
1172 1262 1301 1317 νέας.
1392 1264 1456 1317 ὡς
1493 1266 1546 1315 δὲ
1576 1264 1714 1340 οὗτοί
1741 1269 1840 1330 σφι

92 1366 139 1407 15
164 1350 317 1397 ταῦτα
346 1346 716 1412 συνεβούλευον
738 1346 955 1416 (χρηστὰ
985 1350 1080 1415 γὰρ
1112 1349 1309 1400 ἐδόκεον
1341 1347 1722 1413 συμβουλεύειν,
1758 1349 1845 1400 καί

165 1435 262 1496 σφι
299 1431 466 1485 εὔνοος
502 1432 738 1498 ἐφαίνετο
776 1433 871 1484 ἐὼν
908 1433 934 1482 ὁ
972 1431 1249 1495 Μακεδών),
1284 1433 1557 1484 ἐπείθοντο.
1647 1431 1838 1484 δοκέειν

163 1513 219 1566 δέ
267 1536 366 1580 μοι,
417 1516 627 1583 ἀρρωδίη
677 1515 738 1580 ἣν
785 1516 842 1567 τὸ
894 1520 1084 1576 πεῖθον,
1136 1516 1201 1570 ὣς
1249 1517 1491 1568 ἐπύθοντο
1542 1515 1621 1567 καὶ
1673 1515 1837 1581 ἄλλην

164 1600 348 1651 ἐοῦσαν
385 1599 613 1666 ἐσβολὴν
653 1602 703 1654 ἐς
741 1601 1048 1655 Θεσσαλοὺς
1088 1603 1211 1653 κατὰ
1252 1600 1341 1665 τὴν
1382 1600 1482 1652 ἄνω
1521 1603 1838 1666 Μακεδονίην

164 1686 244 1735 διὰ
275 1687 577 1751 Περραιβῶν
614 1686 736 1736 κατὰ
770 1686 955 1737 Γόννον
987 1687 1151 1745 πόλιν,
1184 1687 1243 1757 τῇ
1276 1707 1369 1752 περ
1399 1684 1457 1749 δὴ
1497 1686 1577 1737 καὶ
1613 1683 1839 1750 ἐσέβαλε

90 1767 192 1832 2<>ῆ
225 1768 433 1835 στρατιὴ
465 1769 494 1833 ἡ
527 1767 743 1836 Ξέρξεω.
836 1769 1148 1835 καταβάντες
1185 1772 1239 1823 δὲ
1275 1772 1320 1822 οἱ
1343 1768 1598 1834 “Ελληνες
1634 1769 1714 1820 ἐπὶ
1750 1771 1838 1823 τὰς

162 1850 278 1906 νέας
307 1853 469 1906 ὀπίσω
502 1854 798 1920 ἐπορεύοντο
831 1856 881 1908 ἐς
912 1853 1000 1906 τὸν
1032 1854 1252 1926 Ἰσθμόν.
1342 1854 1462 1918 αὕτη
1496 1852 1693 1920 ἐγένετο
1723 1853 1752 1919 ἡ
1787 1855 1837 1907 ἐς

164 1939 467 2002 Θεσσαλίην
486 1937 709 2005 στρατιή,
731 1937 981 2004 βασιλέος
1003 1960 1057 1991 τε
1079 1937 1358 2004 μέλλοντος
1378 1939 1656 2003 διαβαίνειν
1677 1939 1726 1992 ἐς
1744 1937 1836 2002 τὴν

164 2020 410 2088 Εὐρώπην
430 2023 483 2073 ἐκ
502 2025 590 2087 τῆς
609 2021 786 2087 Ἀσίης
807 2022 885 2074 καὶ
907 2023 1077 2076 ἐόντος
1097 2023 1188 2088 ἤδη
1211 2026 1265 2075 ἐν
1283 2022 1501 2092 Ἀβύδῳ.
1566 2022 1836 2074 Θεσσαλοὶ

161 2107 215 2158 δὲ
246 2105 579 2173 ἐρημωθέντες
610 2106 888 2176 συμμάχων
919 2108 1043 2159 οὕτω
1075 2107 1136 2172 δὴ
1170 2106 1411 2172 ἐμήδισαν
1443 2106 1703 2173 προθύμως
1732 2106 1836 2158 οὐδ’

88 2209 136 2250 25
161 2189 236 2242 ἔτι
267 2191 582 2251 ἐνδοιαστῶς,
617 2191 748 2244 ὥστε
784 2193 838 2244 ἐν
868 2196 1002 2243 τοῖσι
1032 2190 1293 2259 πρήγμασι
1325 2192 1592 2259 ἐφαίνοντο
1622 2190 1836 2256 βασιλέϊ

1886 39 1998 88 VII.
2025 49 2114 100 173

1880 525 1906 556 2

1872 1451 1901 1494 4

1873 1869 1961 1919 174

161 2272 332 2341 ἄνδρες
363 2276 528 2329 ἐόντες
557 2276 943 2344 χρησιμώτατοι.
1705 2304 1830 2338 ,κε’
1841 2292 1874 2302 s
1885 2281 1902 2289 ⁶

243 2361 310 2411 Οἱ
354 2362 408 2411 δὲ
437 2359 692 2425 ’Έλληνες
737 2362 902 2413 ἐπείτε
945 2361 1156 2413 ἀπίκατο
1198 2362 1249 2414 ἐς
1289 2360 1376 2413 τὸν
1417 2360 1637 2426 Ἰσθμόν,
1683 2362 1828 2426 ἐβου-

1868 2377 1956 2427 175

157 2442 366 2495 λεύοντο
397 2448 518 2510 πρὸς
548 2446 611 2495 τὰ
639 2443 890 2512 λεχθέντα
921 2442 979 2508 ἐξ
1006 2443 1343 2512 Ἀλεξάνδρου
1374 2452 1434 2518 τῇ
1464 2466 1518 2497 τε
1555 2442 1831 2509 στήσονται
1884 2500 1888 2502 ‚

213 2594 238 2619 2
267 2578 349 2632 ἧω
369 2580 457 2619 ΑΒ
474 2580 508 2619 C
674 2595 699 2630 4
728 2582 873 2635 ῥέοντα
904 2581 1075 2621 Dobree
1241 2585 1269 2621 6
1298 2586 1462 2624 ὁπλῖται
1486 2582 1624 2621 Aldus
1646 2582 1752 2634 (non
1772 2583 1829 2634 C)

160 2648 183 2686 7
215 2634 257 2676 δὲ
278 2648 362 2674 om.
386 2635 420 2674 C
530 2634 607 2687 μὲν
627 2642 670 2675 et
694 2640 739 2677 ἐκ
763 2638 828 2689 (8)
853 2650 934 2676 om.
962 2637 1047 2675 PR
1063 2636 1147 2676 SV
1292 2639 1318 2676 8
1346 2636 1466 2690 γένος
1491 2637 1521 2676 S
1676 2649 1723 2685 13
1753 2638 1824 2676 alt.

158 2692 232 2730 τοῦ
266 2689 298 2729 S
329 2689 448 2729 solus
671 2703 721 2740 14
761 2709 808 2732 τε
840 2704 923 2731 om.
965 2690 1149 2731 PRSV
1373 2694 1424 2731 16.
1467 2693 1543 2733 ἐὼν
1577 2704 1658 2730 orn.
1692 2690 1831 2731 RSV

163 2756 212 2793 17
252 2745 360 2793 ἄλλη
392 2744 531 2784 RSV
711 2747 761 2785 18
803 2747 1010 2795 ἐσβουλὴν
1041 2746 1134 2784 RV
1316 2759 1365 2796 19
1403 2751 1614 2799 Περαιβῶν
1642 2745 1831 2785 ABCP

161 2798 283 2840 Γάνον
313 2799 442 2839 CSV
581 2803 644 2842 καὶ
675 2814 759 2842 om.
790 2799 876 2840 BC
1044 2813 1175 2840 20-21
1217 2801 1346 2841 ὀπίσω
1377 2802 1440 2841 ἐπὶ
1470 2803 1542 2842 τὰς
1572 2798 1662 2842 νέας
1691 2799 1830 2839 RSV

161 2865 214 2891 22
258 2854 458 2905 στρατηίη
500 2854 771 2895 Valckenaer
881 2855 1086 2903 βασιλέως
1121 2855 1266 2893 ABC
1435 2869 1487 2904 24
1528 2854 1571 2896 δὲ
1614 2869 1698 2896 om.
1735 2855 1830 2894 RV

161 2907 437 2960 ἠρημωθέντες
460 2909 499 2947 R
515 2909 597 2949 SV
762 2911 815 2949 28
846 2913 888 2962 ἐξ
909 2923 990 2951 om.
1018 2911 1056 2949 R
1073 2910 1154 2950 SV
1263 2909 1341 2963 310)
1366 2909 1399 2948 L
