2112 3328
701 133 1084 182 ΙΣΤΟΡΙΩΝ
1146 135 1186 183 Ε
1820 140 1881 190 V.
1907 153 2000 203 124

109 264 201 330 τὴν
236 265 431 330 Ἰωνίην
466 263 546 316 καὶ
584 263 984 332 ἐγκερασάμενος
1021 263 1286 333 πρήγματα
1324 267 1522 334 μεγάλα
1557 268 1779 337 δρη-σμὸν
1802 268 2084 323 duwe-m

111 339 352 415 ἐβούλευε
377 349 502 416 ὁρῶν
522 353 693 400 ταῦτα·
735 349 857 416 πρὸς
877 348 932 401 δέ
956 352 1002 402 οἱ
1029 350 1106 402 καὶ
1130 352 1347 402 ἀδύνατα
1370 351 1530 418 ἐφάνη
1553 352 1780 416 βασιλέα
2002 370 2007 375 ·

112 437 328 502 Δαρεῖον
357 432 755 500 ὑπερβαλέσθαι·
803 438 924 500 πρὸς
953 439 1105 485 ταῦτα
1135 433 1254 499 δη
1225 441 1292 487 ὠν
1317 436 1636 502 συγκαλέσας
1667 437 1780 490 τοὺς
1817 460 1843 492 2

111 517 464 571 συστασιώτας
497 517 811 581 ἐβουλεύετο,
844 516 1011 586 λέγων
1042 518 1107 572 ὡς
1137 518 1339 584 ἄμεινον
1370 521 1524 586 σφίσι
1555 522 1627 585 εἵη
1664 543 1773 588 κρη-

61 625 84 667 5
110 602 366 671 σφ-’γετόν
412 623 459 654 τι
506 600 733 670 ὑπάρχον
781 602 923 662 εἶναι,
973 598 1035 667 ἢν
1082 602 1176 670 ἄρα
1229 602 1536 668 ἐξωθέωνται
1588 606 1640 655 ἐκ
1692 567 2112 670 τῆςμωφψ

111 687 358 753 Μιλήτου,
391 687 490 739 εἴτε
525 686 583 751 δὴ
625 683 694 739 ὠν
737 688 786 741 ἐς
827 687 1000 755 Σαρδὼ
1039 689 1094 739 ἐκ
1134 692 1221 739 τοῦ
1260 689 1413 740 τόπου
1453 689 1627 740 τούτου
1668 689 1780 757 ἄγοι

110 773 161 826 ἐς
197 772 443 837 ἀποικίην,
483 772 583 824 εἴτε
624 773 675 825 ἐς
713 771 967 839 Μύρκινον
1002 771 1093 836 τὴν
1130 771 1385 832 Ἠδωνῶν,
1423 772 1514 837 τὴν
1542 772 1781 828 Ἱστιαῖος

111 856 297 924 ἐτείχεε
339 858 472 923 παρὰ
510 857 725 923 Δαρείου
765 855 951 924 δωρεὴν
991 857 1186 922 λαβών.
1273 862 1426 909 ταῦτα
1471 858 1714 924 ἐπειρώτα
1754 859 1780 909 ὁ

109 940 488 1009 Ἀρισταγόρης.
554 939 820 994 Ἑκαταίου
847 940 939 1007 μέν
971 963 1057 993 νυν
1087 945 1173 992 τοῦ
1202 939 1569 1009 (Ηγησάνδρου,
1603 943 1779 1010 ἀνδρὸς
1816 955 1904 1006 125

37 1045 87 1076 10
109 1030 396 1094 λογοποιοῦ,
447 1022 661 1078 τουτέων
707 1029 800 1092 μὲν
853 1028 904 1080 ἐς
955 1025 1216 1093 οὐδετέρην
1265 1024 1502 1078 στέλλειν
1554 1026 1703 1094 ἔφερε
1750 1027 1779 1092 ἡ

68 1171 74 1174 ,
109 1111 298 1178 γνώμη,
325 1112 377 1163 ἐν
401 1108 544 1181 Λέρῳ
570 1113 624 1165 δὲ
645 1118 705 1185 τῇ
727 1109 866 1182 νήσῳ
889 1115 1057 1179 τεῖχος
1085 1109 1542 1177 οἰκοδομησάμενον
1567 1111 1780 1179 ἡσυχίην

111 1194 266 1264 ἄγειν,
312 1191 374 1268 ἢν
421 1193 610 1269 ἐκπέσῃ
655 1197 710 1248 ἐκ
753 1199 838 1261 τῆς
883 1194 1131 1261 Μιλήτου·
1192 1196 1364 1248 ἔπειτα
1407 1198 1460 1248 δὲ
1505 1197 1558 1246 ἐκ
1602 1195 1782 1260 ταύτης

111 1280 398 1348 ὁρμώμενον
435 1280 828 1333 κατελεύσεσθαι
867 1282 917 1335 ἐς
952 1280 1042 1346 τὴν
1073 1281 1319 1345 Μίλητον.
1407 1284 1560 1332 ταῦτα
1593 1282 1684 1345 μὲν
1722 1279 1778 1343 δὴ
1819 1281 1911 1329 126

109 1364 373 1420 Ἑκαταῖος
421 1365 776 1431 συνεβούλευε,
823 1365 953 1435 αὐτῷ
1002 1368 1055 1417 δὲ
1100 1364 1438 1437 Ἀρισταγόρῃ
1485 1364 1516 1429 ἡ
1564 1365 1778 1428 πλείστη

38 1472 86 1515 15
111 1450 282 1519 γνώμη
313 1448 374 1515 ἧν
405 1452 457 1504 ἐς
485 1449 575 1515 τὴν
607 1439 862 1517 Μύρκινον
898 1448 1126 1517 ἀπάγειν.
1214 1448 1305 1514 τὴν
1334 1452 1426 1515 μὲν
1456 1448 1514 1513 δὴ
1548 1450 1779 1513 Μίλητον

113 1531 366 1601 ἐπιτρέπει
414 1535 685 1607 Πυθαγόρῃ
732 1535 873 1602 ἀνδρὶ
919 1539 1018 1586 τῶν
1066 1535 1237 1586 ἀστῶν
1285 1535 1483 1603 δοκίμῳ,
1534 1532 1679 1587 αὐτὸς
1725 1535 1779 1584 δὲ

110 1619 423 1687 παραλαβὼν
461 1618 626 1672 πάντα
661 1618 748 1671 τὸν
786 1619 1102 1684 βουλόμενον
1144 1617 1294 1671 ἔπλεε
1334 1620 1384 1672 ἐς
1424 1617 1514 1682 τὴν
1556 1617 1779 1683 Θρηίκην

113 1703 191 1756 καὶ
228 1703 354 1774 ἔσχε
388 1702 479 1769 τὴν
515 1704 685 1772 χώρην
721 1703 798 1756 ἐπ’
834 1702 897 1768 ἢν
935 1701 1142 1767 ἐστάλη.
1232 1704 1284 1753 ἐκ
1321 1704 1374 1754 δὲ
1410 1701 1590 1766 ταύτης
1625 1701 1778 1768 ὁρμώ-
1817 1717 1843 1748 2

109 1809 259 1855 μενος
289 1787 571 1840 ἀπόλλυται
599 1787 696 1840 ὑπὸ
728 1788 962 1855 Θρηίκων
992 1787 1139 1841 αὐτός
1166 1808 1221 1838 τε
1251 1787 1277 1836 ὁ
1305 1785 1670 1853 Ἀρισταγόρης
1701 1807 1780 1837 και
1788 1829 1921 1873 mh
1939 1832 1995 1863 u
2013 1840 2112 1867 w

38 1895 90 1926 20
111 1874 138 1924 ὁ
169 1873 382 1976 στρατὸς
413 1872 576 1931 αὐτοῦ,
609 1873 760 1924 πόλιν
790 1869 1179 1943 περικατήμενος
1210 1870 1289 1923 καὶ
1328 1866 1650 1937 βουλομένων
1681 1874 1781 1930 [ὢν
1766 1881 2112 1986 cna-93:0-

113 1959 346 2031 -ρηίκων
375 1956 706 2010 ὑποσπόνδων
735 1953 934 2022 ἐξιέναι.
1766 1944 2112 2034 Μέΐῦω

170 2107 189 2136 1
219 2095 381 2149 μεγάλα
400 2095 619 2148 πρήγματα
639 2093 670 2134 S
682 2094 721 2134 V
736 2094 774 2134 U
969 2106 995 2132 2
1025 2092 1148 2144 ὁρέων
1168 2092 1202 2132 C
1217 2092 1250 2131 P
1265 2092 1295 2132 S
1308 2091 1347 2131 V
1361 2091 1401 2131 U
1539 2094 1575 2133 οἷ
1595 2105 1675 2132 om.
1699 2092 1730 2132 S
1742 2092 1781 2131 V

112 2149 308 2192 ἀδύνατον
330 2149 361 2189 S
379 2149 455 2203 [V]
614 2162 640 2200 3
669 2147 996 2198 ὕπερβαλλέσθαι
1016 2148 1056 2188 V
1220 2161 1245 2196 4
1276 2155 1349 2199 σφι
1371 2145 1423 2185 C¹
1441 2146 1474 2184 P
1624 2158 1649 2195 5
1681 2147 1778 2187 εἶναι

113 2218 195 2245 om.
221 2205 254 2244 C
390 2205 417 2243 8
448 2204 629 2256 ἐτείχισε
652 2204 731 2243 SV
746 2204 786 2243 U
920 2215 969 2243 10
998 2202 1177 2245 τουτέων
1197 2203 1361 2241 Aldus:
1390 2201 1547 2243 τούτων
1566 2200 1652 2239 ΑΒ
1670 2200 1703 2239 C
1719 2201 1780 2240 P:

111 2258 259 2300 τούτου
280 2256 311 2300 S
326 2261 363 2300 V
379 2260 418 2299 U
535 2271 582 2308 14
612 2259 830 2309 πλείστη“
811 2275 837 2309 η
858 2257 981 2298 Stein
1111 2267 1159 2308 15
1188 2254 1239 2306 ἦν
1258 2268 1339 2297 om.
1359 2255 1442 2297 SV
1552 2256 1781 2309 ἀπαγαγεῖν

114 2313 146 2354 S
159 2313 197 2353 V
212 2313 251 2354 U
424 2327 475 2366 19
504 2316 524 2354 ὁ
545 2325 627 2354 om.
653 2311 683 2352 S
696 2312 734 2351 V

1592 3062 1621 3108 Εὒῗ

170 3077 274 3112 ΗΜ.
295 3078 347 3114 n.
