2132 3340
154 68 241 121 IX.
269 82 324 134 15

299 393 325 437 3

260 1138 320 1185 16

985 67 1413 117 HPOAOTOT

359 223 506 269 μενος
535 199 689 268 ἔρυμά
719 221 775 252 τε
802 205 870 270 τῷ
902 197 1222 269 στρατοπέδῳ
1257 197 1584 264 ποιήσασθαι,
1621 199 1699 252 καὶ
1733 194 1795 264 ἢν
1825 205 2021 266 συμβα-
2056 200 2058 202 ’

361 287 505 338 λόντι
541 288 586 337 οἱ
623 285 688 351 μὴ
730 286 939 357 ἐκβαίνῃ
981 284 1145 337 ὁκοῖόν
1185 305 1231 336 τι
1274 283 1455 343 ἐθέλοι,
1491 284 1839 351 κρησφύγετον
1879 289 2024 338 τοῦτο

364 370 602 422 ἐποιέετο.
677 372 866 437 παρῆκε
896 372 950 421 δὲ
981 368 1128 420 αὐτοῦ
1157 368 1213 420 τὸ
1243 370 1580 436 στρατόπεδον
1616 367 1893 441 ἀρξάμενον
1922 367 2022 422 ἀπὸ

364 454 644 522 Ἐρυθρέων
668 456 800 521 παρὰ
822 452 1015 513 ‘To-cde,
1043 452 1291 506 κατέτεινε
1322 455 1375 505 δὲ
1405 455 1456 507 ἐς
1485 452 1576 517 τὴν
1599 455 1882 505 Πλαταιίδα
1910 457 2021 521 γῆν,

364 541 495 606 παρὰ
530 538 618 591 τὸν
648 537 884 591 Ἀσωπὸν
921 542 1142 604 ποταμὸν
1180 537 1496 605 τεταγμένον.
1572 538 1628 590 οὗ
1657 536 1828 603 μέντοι
1866 539 1928 590 τό
1965 561 2024 607 γε
2049 562 2072 603 5

362 629 528 692 τεῖχος
551 628 792 676 τοσοῦτον
815 622 1052 682 ἐποιέετο,
1081 622 1196 675 ἀλλ’
1220 622 1286 677 ὣς
1310 622 1391 675 ἐπὶ
1415 621 1531 675 δέκα
1550 623 1782 676 σταδίους
1798 620 2025 688 μάλιστά

364 731 421 780 κῃ
451 708 683 774 μέτωπον
713 709 942 760 ἕκαστον.

443 792 703 861 Ἐχόντων
736 796 789 845 δὲ
818 792 905 844 τὸν
929 793 1082 845 πόνον
1105 796 1280 845 τοῦτον
1302 796 1402 844 τῶν
1431 790 1709 860 βαρβάρων
1730 791 2025 860 Ἀτταγῖνος

360 879 385 927 ὁ
406 878 670 944 Φρύνωνος
689 876 813 944 ἀνὴρ
824 880 1056 943 Θηβαῖος
1081 875 1582 943 παρασκευασάμενος
1597 876 1830 945 μεγάλως
1848 877 2026 930 ἐκάλεε

360 962 441 1014 ἐπὶ
485 960 643 1027 ξείνια
686 961 835 1013 αὐτόν
878 983 933 1013 τε
978 948 1263 1029 Μαρδόνιον
1309 963 1387 1014 καὶ
1431 961 1737 1027 πεντήκοντα
1781 960 2024 1029 Περσέων
2050 981 2099 1010 10

358 1046 471 1100 τοὺς
509 1045 895 1114 λογιμωτάτους,
939 1045 1203 1111 κληθέντες
1243 1049 1296 1099 δὲ
1335 1046 1469 1098 οὗτοι
1511 1047 1726 1098 εἵποντο·
1772 1044 1833 1110 ἤν
1872 1049 1927 1098 δὲ
1965 1050 2022 1098 τὸ

359 1135 558 1183 δεῖπνον
594 1131 886 1196 ποιεύμενον
917 1132 971 1183 ἐν
1003 1129 1230 1203 Θήβῃσι.
1319 1130 1436 1182 τάδε
1476 1132 1529 1182 δὲ
1565 1129 1654 1195 ἤδη
1691 1131 1752 1182 τὰ
1787 1130 2023 1183 ἐπίλοιπα

358 1215 538 1279 ἤκουον
572 1215 898 1282 Θερσάνδρου
931 1214 1107 1282 ἀνδρὸς
1135 1217 1227 1280 μὲν
1258 1215 1603 1283 Ὀρχομενίου,
1635 1215 1847 1282 λογίμου
1882 1217 1935 1268 δὲ
1971 1216 2022 1268 ἐς

359 1301 420 1350 τὰ
453 1304 624 1366 πρῶτα
660 1302 714 1351 ἐν
750 1299 1051 1370 Ὀρχομενῷ.
1136 1300 1234 1366 ἔφη
1273 1302 1326 1351 δὲ
1363 1300 1389 1349 ὁ
1426 1298 1747 1365 Θέρσανδρος
1784 1301 2022 1364 κληθῆναι

361 1385 439 1436 καὶ
483 1384 628 1437 αὐτὸς
667 1385 761 1436 ὑπὸ
798 1383 1092 1450 Ἀτταγίνου
1129 1385 1210 1435 ἐπὶ
1246 1383 1303 1434 τὸ
1344 1387 1544 1435 δεῖπνον
1583 1387 1740 1442 τοῦτο,
1782 1385 2022 1448 κληθῆναι
2051 1403 2095 1445 15

359 1471 412 1520 δὲ
456 1468 533 1519 καὶ
575 1470 821 1534 Θηβαίων
862 1467 1043 1534 ἄνδρας
1085 1466 1405 1532 πεντήκοντα,
1442 1469 1526 1519 καί
1561 1475 1735 1534 σφεων
1775 1467 1832 1518 οὗ
1871 1468 2023 1534 χωρὶς

358 1553 615 1620 ἑκατέρους
657 1558 837 1612 κλῖναι,
871 1554 1004 1604 ἀλλὰ
1042 1552 1250 1620 Πέρσην
1289 1573 1344 1604 τε
1386 1552 1464 1603 καὶ
1507 1555 1741 1617 Θηβαῖον
1781 1553 1836 1603 ἐν
1878 1552 2050 1622 κλίνῃ“

358 1636 559 1709 ἑκάστῃ.
635 1637 699 1691 ὡς
731 1639 783 1688 δὲ
815 1637 912 1688 ἀπὸ
936 1638 1137 1689 δείπνου
1167 1635 1313 1701 ἦσαν,
1347 1637 1675 1688 διαπινόντων
1703 1635 1790 1687 τὸν
1814 1634 2021 1702 Πέρσην

356 1721 443 1773 τὸν
462 1720 960 1786 ὁμόκλινονἙλλάδα
980 1726 1225 1788 γλῶσσαν
1247 1720 1382 1773 ἱέντα
1403 1720 1622 1787 εἰρέσθαι
1642 1719 1790 1772 αὐτὸν
1799 1720 2021 1773 ποδαπός

356 1808 484 1864 ἐστι,
528 1805 674 1860 αὐτὸς
715 1809 768 1857 δὲ
807 1807 1167 1873 ὑποκρίνασθαι
1210 1806 1276 1859 ὡς
1315 1807 1388 1869 εἴη
1429 1803 1768 1872 Ὀρχομένιος.
1840 1802 1927 1856 τὸν
1966 1805 2019 1855 δὲ
2047 1822 2097 1850 20

357 1891 528 1942 εἰπεῖν·
574 1890 724 1943 Ἐπεί
744 1912 830 1942 νυν
854 1889 1184 1957 ὁμοτράπεζός
1208 1889 1264 1941 τέ
1288 1911 1371 1954 μοι
1397 1889 1476 1940 καὶ
1496 1889 1808 1954 ὁμόσπονδος
1831 1886 2016 1955 ἐγένεο,

354 1974 648 2039 μνημόσυνά
692 1995 768 2026 τοι
808 1975 1007 2041 γνώμης
1050 1977 1137 2039 τῆς
1180 1975 1300 2039 ἐμῆς
1348 1971 1709 2025 καταλιπέσθαι
1749 1971 1895 2030 θέλω,
1938 1973 2019 2024 ἵνα

357 2060 435 2110 καὶ
487 2060 724 2125 προειδὼς
774 2058 919 2112 αὐτὸς
970 2058 1081 2125 περὶ
1133 2062 1351 2110 σεωυτοῦ
1403 2057 1739 2123 βουλεύεσθαι
1789 2056 1909 2128 ἔχῃς
1957 2057 2019 2107 τὰ

357 2142 695 2210 συμφέροντα.
779 2144 895 2214 ὁρᾷς
934 2143 1136 2195 τούτους
1177 2142 1292 2195 τοὺς
1333 2140 1650 2207 δαινυμένους
1693 2140 1897 2207 Πέρσας
1938 2140 2017 2191 καὶ

354 2227 440 2278 τὸν
461 2227 674 2294 στρατὸν
693 2231 778 2279 τὸν
798 2228 1038 2292 ἐλίπομεν
1058 2227 1137 2278 ἐπὶ
1161 2232 1228 2297 τῷ
1250 2231 1453 2295 ποταμῷ
1478 2225 2015 2293 στρατοπεδευόμενον;
2046 2241 2091 2281 25

355 2311 541 2363 τούτων
564 2310 761 2363 πάντων
785 2313 937 2378 ὄψεαι
960 2311 1134 2378 ὀλίγου
1154 2310 1288 2364 τινὸς
1312 2311 1496 2378 χρόνου
1515 2309 1799 2362 διελθόντος
1817 2310 2018 2375 ὀλίγους

356 2398 493 2449 τινὰς
515 2395 629 2450 τοὺς
647 2395 1072 2463 περιγενομένους.
1149 2394 1301 2447 ταῦτά
1323 2416 1379 2450 τε
1397 2392 1498 2459 ἅμα
1516 2393 1602 2445 τὸν
1625 2392 1830 2460 Πέρσην
1847 2391 2018 2459 λέγειν

415 2546 433 2572 1
466 2539 628 2588 στρατῷ
649 2534 682 2573 C
699 2534 732 2573 P
925 2547 950 2572 2
981 2533 1036 2584 οἱ]
1062 2536 1105 2574 οὐ
1129 2533 1163 2572 C
1303 2531 1401 2581 θέλη
1423 2531 1462 2570 R
1479 2530 1560 2569 SV
1741 2542 1766 2579 5
1795 2529 2017 2582 τεταμένον

359 2589 520 2628 Reiske
696 2591 722 2626 6
760 2592 932 2629 τοσοῦτο
963 2588 1002 2627 Α
1020 2589 1054 2627 Β
1075 2588 1137 2627 C:
1176 2589 1278 2628 οὕτω
1310 2587 1349 2625 R
1367 2586 1396 2625 S
1414 2587 1452 2625 V
1640 2597 1683 2623 11
1724 2585 1819 2627 τοὺς
1846 2598 1926 2625 om.
1959 2585 2013 2624 A*

362 2656 408 2695 1¹2
437 2646 489 2684 τὰ
510 2642 554 2684 δὲ
574 2642 619 2684 δὲ
639 2647 687 2692 δη
712 2644 776 2684 R:
808 2644 861 2684 τὰ
882 2643 925 2683 δὲ
949 2646 1024 2692 ἤδη
1046 2643 1127 2682 SV
1310 2643 1358 2680 16
1387 2649 1515 2692 σφεας
1536 2639 1569 2678 Ε
1753 2652 1799 2689 17
1832 2642 2014 2688 κλιθῆναι

360 2698 547 2736 Reiske:
576 2701 759 2746 κλινῆναι
783 2698 832 2737 G.
859 2698 1042 2737 Dindorf
1150 2698 1199 2735 18
1228 2695 1490 2737 διαπινόντων
1509 2707 1590 2733 om.
1614 2693 1648 2732 E
1764 2706 1814 2743 19
1840 2693 2015 2735 ποδαπός

359 2752 394 2791 E
410 2752 569 2792 RSV:
600 2752 798 2794 ὁποδαπός
824 2752 940 2792 rell.:
977 2751 1172 2793 ὂκοδαπός
1196 2750 1368 2790 Bekker
1558 2761 1608 2787 21
1641 2748 1728 2788 ἐπεί
1755 2765 1823 2789 νυν
1849 2746 2014 2787 ERV:

360 2809 446 2847 ἐπεὶ
469 2811 537 2848 νῦν
558 2806 647 2847 rell.
801 2806 966 2859 ἐγένετο
991 2806 1079 2845 RV
1095 2807 1146 2858 (3)
1339 2817 1391 2843 22
1420 2803 1502 2854 τοι]
1526 2820 1572 2843 τε
1593 2801 1761 2854 CS[V]
1889 2802 2014 2843 ἐθέλω

362 2861 401 2899 R
417 2861 446 2900 S
461 2861 496 2899 V
682 2873 733 2910 23
763 2862 860 2902 αὐτὸ
882 2861 921 2899 R
1034 2863 1182 2901 ἑωυτοῦ
1204 2859 1238 2898 C
1347 2871 1398 2908 24
1428 2858 1521 2899 τοὺς
1539 2870 1621 2896 om.
1646 2856 1703 2895 Α1
1719 2856 1752 2894 C
1863 2860 2014 2897 δαιννυ-

358 2916 499 3011 ,Ξένους
523 2916 555 2954 Ε
573 2916 610 3008 ᾗ
626 2915 663 2953 V
710 2912 714 2915 ¹
814 2927 865 2965 25
896 2918 957 2957 ἐπὶ
986 2920 1042 2968 τῷ
1069 2919 1234 2966 ποταμῷ
1259 2927 1341 2953 orn.
1366 2913 1400 2952 E
1551 2924 1602 2962 27
1634 2929 1680 2952 τε
1701 2910 1781 2962 ἅμα
1802 2910 1835 2950 Ε
1851 2911 1890 2950 R
1905 2910 2013 2949 SV:

384 2987 438 3022 μα
460 2987 506 3011 τε
529 2983 574 3009 re
607 3000 616 3011 .
