2132 3340
53 96 164 146 vn.
193 91 283 156 138

184 242 279 291 139

935 93 1366 144 ΗΡΟΔΟΤΟΤ

319 222 563 276 άπτεσθαι
593 229 679 276 τοῦ
715 224 952 290 πολέμου,
983 225 1285 290 μηδιζόντων
1320 228 1374 278 δὲ
1408 225 1682 292 προθύμως.
1769 227 1982 295 ἐνθαῦτα

319 308 563 380 ἀναγκαίῃ
588 307 851 376 ἐξέργομαι
868 309 1070 375 γνώμην
1093 306 1432 373 ἀποδέξασθαι
1455 311 1726 377 ἐπίφθονον
1747 313 1838 377 μὲν
1858 310 1980 379 πρὸς
2005 339 2009 343 ·

317 398 420 458 τῶν.
445 394 675 444 πλεόνων
704 394 990 460 ἀνθρώπων,
1023 394 1155 458 ὅμως
1191 392 1259 452 δέ,
1292 395 1350 466 τῇ
1381 393 1442 462 γέ
1473 399 1565 460 μοι’
1588 395 1819 462 φαίνεται
1853 396 1980 448 εἶναι

317 476 515 540 ἀληθές,
550 477 636 527 οὐκ
667 476 950 545 ἐπισχήσω.
1035 479 1077 528 εἰ
1109 477 1366 542 Ἀθηναῖοι
1397 477 1865 546 καταρρωδήσαντες
1891 479 1978 532 τὸν

317 561 520 612 ἐπιόντα
566 559 789 613 κίνδυνον
829 560 1061 626 ἐξέλιπον
1100 561 1190 626 τὴν
1231 562 1497 629 σφετέρην,
1540 558 1570 626 ἢ
1613 564 1692 615 καὶ
1733 562 1801 628 μὴ
1843 565 1976 622 ἐκλι-
2001 590 2024 632 5

315 645 493 697 πόντες
527 646 660 695 ἀλλὰ
698 647 956 710 μείναντες
996 646 1179 697 ἔδοσαν
1216 645 1380 712 σφέας
1419 646 1593 699 αὐτοὺς
1633 644 1816 718 Ξέρξῃ,
1852 650 1978 700 κατὰ

289 727 405 792 ’τὴν
446 728 713 781 θάλασσαν
754 730 956 795 οὐδαμοὶ
998 729 1058 781 ἂν
1099 732 1364 797 ἐπειρῶντο
1404 731 1710 795 ἀντιεύμενοι
1748 731 1976 797 βασιλέϊ.

315 815 358 864 εἶ
394 815 561 865 τοίνυν
598 816 721 864 κατὰ
756 813 845 877 τὴν
877 813 1144 865 θάλασσαν
1178 815 1348 879 μηδεὶς
1383 814 1609 878 ἠντιοῦτο
1641 814 1821 887 Ξέρξῃ,
1855 814 1997 868 κατά

314 918 373 963 γε
410 896 473 948 ἂν
507 897 596 961 τὴν
633 897 837 964 ἤπειρον
867 897 1032 949 τοιάδε
1069 899 1275 965 ἐγίνετο.
1365 900 1408 950 εἰ
1445 898 1523 949 καὶ
1559 898 1741 951 πολλοὶ
1770 899 1978 967 τειχέων

315 985 518 1034 κιθῶνες
549 980 677 1046 ἦσαν
707 981 1005 1046 ἐληλαμένοι
1037 983 1116 1034 διὰ
1147 987 1235 1034 τοῦ
1257 981 1464 1047 Ἰσθμοῦ
1493 985 1974 1048 Πελοποννησίοισι,
2004 1007 2052 1037 10

312 1065 638 1130 προδοθέντες
655 1064 717 1117 ἂν
735 1067 1118 1132 Λακεδαιμόνιοι
1132 1067 1224 1118 ὑπὸ
1245 1071 1342 1118 τῶν
1362 1066 1638 1134 συμμάχων
1656 1067 1743 1118 οὐκ
1763 1068 1976 1120 ἑκόντων

312 1148 426 1200 ἀλλ’
445 1149 526 1201 ὑπ’
546 1151 831 1216 ἀναγκαίης,
856 1151 977 1201 κατὰ
997 1151 1143 1204 πόλις
1167 1150 1511 1216 ἁλισκομένων
1529 1150 1624 1203 ὑπὸ
1645 1156 1731 1202 τοῦ
1751 1157 1977 1204 ναυτικοῦ

312 1238 526 1299 στρατοῦ
548 1239 634 1285 τοῦ
662 1233 942 1301 βαρβάρου,
970 1234 1341 1301 ἐμουνώθησαν,
1367 1234 1700 1300 μουνωθέντες
1730 1237 1783 1287 δὲ
1812 1235 1873 1288 ἂν
1895 1237 1976 1288 καὶ

311 1315 669 1383 ἀποδεξάμενοι
699 1318 820 1385 ἔργα
847 1317 1045 1385 μεγάλα
1075 1318 1325 1371 ἀπέθανον
1355 1321 1605 1386 γενναίως.
1672 1315 1702 1383 ἢ
1733 1325 1886 1372 ταῦτα
1913 1319 1975 1373 ἂν

310 1401 511 1461 ἔπαθον,
553 1399 583 1466 ἢ
624 1407 718 1470 πρὸ
757 1407 843 1453 τοῦ
885 1404 1092 1469 ὁρῶντες
1132 1402 1192 1455 ἂν
1234 1404 1313 1455 καὶ
1353 1403 1465 1458 τοὺς
1505 1403 1689 1457 ἄλλους
1715 1402 1974 1469 “Ελληνας
2002 1429 2044 1471 15
2103 1424 2109 1427 ⁴

307 1487 599 1551 μηδίζοντας
629 1487 870 1558 ὁμολογίῃ
899 1485 960 1539 ἂν
993 1486 1274 1554 ἐχρήσαντο
1302 1487 1426 1554 πρὸς
1458 1476 1666 1554 Ξέρξην.
1735 1488 1814 1540 καὶ
1846 1489 1973 1540 οὕτω

308 1570 369 1621 ἂν
402 1570 767 1644 ἐτῂάμφότερα
796 1571 825 1635 ἡ
856 1570 1047 1624 Ἑλλὰς
1079 1574 1270 1639 ἐγίνετο
1299 1571 1395 1624 ὑπὸ
1425 1571 1675 1644 Πέρσῃσι.
1757 1571 1848 1637 τὴν
1877 1574 1974 1640 γὰρ

309 1655 534 1722 ὠφελίην
564 1654 654 1719 τὴν
683 1660 781 1706 τῶν
811 1655 1020 1723 τειχέων
1051 1661 1149 1707 τῶν
1180 1658 1259 1707 διὰ
1294 1660 1380 1707 τοῦ
1408 1655 1613 1721 Ἰσθμοῦ
1649 1655 1973 1721 ἐληλαμένων

307 1740 363 1790 οὐ
408 1739 617 1804 δύναμαι
660 1738 903 1790 πυθέσθαι
948 1740 1055 1803 ἥτις
1100 1739 1160 1791 ἂν
1203 1738 1263 1804 ἤν
1306 1738 1553 1805 βασιλέος
1598 1739 1972 1806 ἐπικρατέοντος

307 1826 393 1886 τῆς
434 1822 712 1888 θαλάσσης.
802 1828 888 1874 νῦν
924 1826 977 1874 δὲ
1013 1823 1304 1888 Ἀθηναίους
1340 1823 1400 1876 ἄν
1437 1845 1510 1877 τις
1545 1823 1709 1891 λέγων
1746 1827 1972 1891 σωτῆρας
1997 1849 2048 1876 20

305 1906 542 1973 γενέσθαι
582 1910 669 1971 τῆς
707 1906 957 1960 Ἑλλάδος
998 1908 1083 1958 οὐκ
1123 1907 1182 1959 ἂν
1223 1906 1494 1975 ἁμαρτάνοι
1533 1907 1791 1973 τάληθέος·
1836 1899 1981 1959 οὗτοι

305 1994 400 2057 γὰρ
437 1992 516 2043 ἐπὶ
557 1992 762 2058 ὁκότερα
801 1996 901 2042 τῶν
941 1991 1239 2059 πρηγμάτων
1281 1991 1567 2059 ἐτράποντο,
1605 1996 1754 2043 ταῦτα
1791 1991 1969 2058 ῥέψειν

305 2076 503 2140 ἔμελλε·
571 2076 800 2140 ἑλόμενοι
858 2078 910 2127 δὲ
967 2075 1056 2139 τὴν
1108 2075 1333 2127 Ἑλλάδα
1390 2080 1628 2142 περιεῖναι
1687 2074 1966 2142 ἐλευθέρην,

303 2155 485 2225 [τοῦτο]
527 2160 584 2210 τὸ
627 2158 929 2223 Ἑλληνικὸν
973 2163 1072 2212 πᾶν
1115 2159 1173 2211 τὸ
1218 2160 1414 2218 λοιπόν,
1462 2162 1587 2211 ὅσον
1632 2159 1699 2225 μὴ
1744 2158 1965 2225 ἐμήδισε,

305 2243 440 2294 αὐτοὶ
487 2244 619 2294 οῦτοι
668 2241 798 2306 ἦσαν
846 2246 890 2294 οἱ
944 2244 1287 2310 ἐπεγείραντες
1334 2244 1412 2295 καὶ
1463 2243 1685 2309 βασιλέα
1734 2242 1859 2308 μετά
1909 2265 1969 2311 γε
1993 2267 2043 2308 25

304 2327 443 2380 θεοὺς
473 2326 803 2392 ἀνωσάμενοι.
879 2326 992 2378 οὐδέ
1025 2335 1187 2394 σφεας
1216 2326 1495 2394 χρηστήρια
1526 2329 1726 2395 φοβερὰ
1755 2329 1967 2379 ἐλθόντα

304 2413 357 2474 ἐκ
392 2416 613 2478 Δελφῶν
645 2412 723 2462 καὶ
755 2413 806 2463 ἐς
836 2413 980 2475 δεῖμα
1015 2412 1244 2476 βαλόντα
1273 2411 1445 2463 ἔπεισε
1475 2414 1696 2464 ἐκλιπεῖν
1726 2411 1816 2475 τὴν
1845 2410 1963 2463 Ἑλ-

301 2494 446 2554 λάδα,
490 2496 624 2546 ἀλλὰ
659 2495 1038 2560 καταμείναντες
1077 2495 1359 2563 ἀνέσχοντο
1394 2496 1481 2547 τὸν
1521 2495 1724 2547 ἐπιόντα
1760 2495 1840 2547 ἐπὶ
1875 2495 1965 2559 τὴν

302 2579 469 2645 χώρην
500 2577 753 2641 δέξασθαι.

355 2729 382 2766 3
411 2721 491 2758 τῶν
511 2731 592 2757 om.
618 2717 656 2755 R
675 2717 704 2756 S
717 2716 755 2755 V
884 2717 927 2769 γ’
952 2718 1037 2768 ἐμοὶ
1061 2717 1267 2756 Schaefer
1456 2730 1477 2766 7
1509 2716 1756 2767 ἀντιούμενοι
1776 2715 1817 2754 Α
1831 2716 1865 2754 Β
1881 2716 1915 2754 C
1930 2717 1964 2755 P

298 2785 328 2822 9
356 2773 405 2813 ἂν
426 2785 509 2811 om.
538 2772 577 2810 R
592 2772 674 2811 SV
814 2772 1000 2823 ἐγίνοντο
1023 2772 1081 2812 C:
1115 2771 1281 2824 ἐγένετο
1304 2773 1330 2811 d
1554 2785 1604 2810 10
1633 2775 1804 2823 χιτῶνες
1826 2769 1864 2808 R
1879 2770 1909 2809 S
1923 2770 1962 2809 V

305 2839 353 2864 12
396 2826 537 2868 πόλεις
580 2827 613 2865 C
634 2827 670 2864 R
688 2826 726 2864 V
950 2839 999 2876 13
1042 2831 1123 2868 τῶν
1158 2827 1373 2880 βαρβάρων
1409 2826 1440 2865 S
1607 2825 1878 2876 ἐμουνόθησαν
1919 2824 1959 2863 R

306 2883 355 2920 16
384 2881 526 2932 Ξέρξεα
550 2881 584 2919 Ρ
598 2881 636 2919 R
654 2881 736 2920 SV
959 2894 1007 2931 17
1039 2880 1121 2932 ἐπ’]
1144 2884 1232 2922 κατ’
1254 2881 1448 2931 Heiberg
1652 2881 1699 2918 18
1728 2881 1805 2929 τὴν
1823 2892 1906 2918 om.
1928 2879 1958 2917 S

300 2948 349 2974 21
381 2935 579 2984 τᾶληθέος
598 2936 805 2975 Schaeser
821 2951 829 2975 :
858 2935 1034 2985 τάληθές
1051 2936 1084 2974 Ρ
1099 2937 1138 2975 R
1153 2935 1182 2974 S
1195 2935 1234 2974 V
1251 2950 1261 2975 ε
1289 2937 1337 2976 τὸ
1353 2934 1499 2985 ἀληθές
1514 2934 1553 2973 Α
1569 2934 1602 2973 Β
1619 2934 1653 2972 C
1764 2946 1815 2983 24
1838 2936 1959 2976 τοῦτο

300 2990 510 3030 ABCP:
541 2994 626 3042 τοῦ,
654 2990 816 3030 RSV:
849 2991 929 3030 del.
955 2990 1090 3028 Cobet
1257 3002 1308 3040 25
1340 2993 1471 3030 αὐτοῦ.
1500 2989 1634 3029 RSV
