2132 3340
682 104 1062 155 ΙΣΤΟΡΙΩΝ
1119 105 1163 155 Ζ

91 219 466 306 ἹκπποκράτεοςΔ
494 237 792 304 Συβαρίτης,
839 235 894 291 ὃς
938 236 1020 289 ἐπὶ
1071 242 1316 290 πλεῖστον
1358 236 1419 303 δὴ
1462 239 1643 306 χλιδῆς
1688 237 1759 292 εἷς

92 322 214 390 ἀνὴρ
262 322 465 375 ἀπίκετο
509 320 556 387 (ἡ
605 323 660 374 δὲ
706 322 925 388 Σύβαρις
970 320 1154 387 ἤκμαζε
1205 327 1381 374 τοῦτον
1432 320 1522 374 τὸν
1572 322 1758 390 χρόνον

89 403 344 474 μάλιστα),
368 405 446 458 καὶ
465 407 662 472 Σιρίτης
683 404 927 471 Δάμασος
943 405 1176 472 Ἀμύριος
1194 412 1281 459 τοῦ
1302 412 1467 475 σοφοῦ
1483 405 1758 475 λεγομένου

90 496 221 545 παῖς.
311 490 444 542 οὗτοι
474 492 567 556 μὲν
596 491 694 543 ἀπὸ
725 489 942 556 Ἰταλίης
971 489 1145 555 ἦλθον,
1173 492 1227 542 ἐκ
1252 493 1305 543 δὲ
1335 496 1422 543 τοῦ
1453 492 1641 544 κόλπου
1671 497 1757 544 τοῦ

43 600 66 641 5
92 575 269 629 Ἰονίου
306 574 688 643 Ἀμφίμνηστος
728 573 1074 641 Ἐπιστρόφου
1114 575 1454 641 Ἐπιδάμνιος·
1521 576 1662 630 οὗτος
1704 578 1759 628 δὲ

91 662 146 713 ἐκ
175 664 264 713 τοῦ
313 659 495 712 Ἰονίου·
542 660 746 711 κόλπου.
836 659 1062 714 Αἰτωλὸς
1105 662 1159 712 δὲ
1203 658 1328 724 ἦλθε
1373 662 1621 728 Τιτόρμου
1671 665 1759 712 τοῦ

88 745 400 813 ὑπερφύντος
429 766 482 797 τε
504 742 767 809 “Ἐλληνας
798 745 939 812 ἰσχύϊ
976 745 1055 796 καὶ
1093 745 1342 811 φυγόντος
1383 745 1671 812 ἀνθρώπους
1708 747 1759 798 ἐς

89 831 177 884 τὰς
220 830 461 898 ε’σχατιᾶς
505 831 592 893 τῆς
632 830 906 883 Αἰτωλίδος
946 829 1128 897 χώρης,
1171 829 1347 881 τούτου
1389 833 1475 881 τοῦ
1514 831 1761 896 Τιτόρμου

89 913 335 982 ἀδελφεὸς
388 912 590 978 Μάλης.
679 912 776 966 ἀπὸ
829 916 882 966 δὲ
934 912 1332 978 Πελοποννήσου
1380 915 1631 968 Φείδωνος
1673 919 1761 966 τοῦ

16 1023 65 1053 10
88 998 329 1066 Ἀργείων
352 997 589 1066 τυράννου
614 1002 729 1069 παῖς
753 996 1033 1063 Λεωκήδης,
1062 999 1313 1052 Φείδωνος
1338 1000 1391 1050 δὲ
1415 1004 1501 1051 τοῦ
1523 1001 1585 1050 τὰ
1606 998 1762 1066 μέτρα

88 1079 393 1148 ποιήσαντος
444 1084 912 1148 Πελοποννησίοισι
968 1083 1047 1134 καὶ
1095 1085 1401 1150 ὑβρίσαντος
1445 1083 1661 1151 μέγιστα
1701 1083 1760 1148 δὴ

87 1166 352 1233 Ἑλλήνων
391 1166 641 1228 ἁπάντων,
679 1166 736 1222 ὃς
772 1166 1121 1233 ἐξαναστήσας
1158 1168 1272 1222 τοὺς
1310 1167 1533 1220 Ἠλείων
1568 1170 1758 1235 ἀγωνο-

88 1251 234 1307 θέτας
274 1252 420 1306 αὐτὸς
460 1252 547 1305 τὸν
590 1254 644 1304 ἐν
684 1252 938 1325 Ὀλυμπίῃ
984 1254 1153 1320 ἀγῶνα
1196 1253 1360 1318 ἔθηκε,
1394 1253 1568 1306 τούτου
1606 1275 1660 1305 τε
1700 1253 1759 1318 δη

58 1342 205 1398 παῖς
235 1339 314 1390 καὶ
345 1337 611 1404 Ἀμίαντος
642 1337 929 1405 Λυκούργου
958 1337 1139 1404 Ἀρκὰς
1173 1340 1227 1389 ἐκ
1263 1339 1653 1405 Τραπεζοῦντος,
1681 1338 1759 1389 καὶ

15 1445 62 1486 15
76 1400 293 1495 Ἀ-ζῂν’
271 1445 325 1475 εκ
358 1422 519 1474 Παίου
548 1422 723 1476 πόλιος
748 1421 992 1490 Λαφάνης
1019 1422 1343 1490 Εὐφορίωνος
1373 1428 1459 1474 τοῦ
1489 1421 1759 1488 δεξαμενου

86 1529 157 1567 τε,
190 1507 256 1561 ὣς
283 1507 438 1575 λόγος
467 1509 523 1559 ἐν
552 1506 787 1579 Ἀρκαδίῃ
817 1505 1037 1574 λέγεται,
1064 1507 1180 1560 τοὺς
1214 1508 1524 1574 Διοσκόρους
1553 1509 1759 1560 οἰκίοισι

87 1592 168 1648 καὶ
187 1591 284 1645 ἀπὸ
303 1592 478 1644 τούτου
499 1590 894 1657 ξεινοδοκέοντος
915 1591 1104 1645 πάντας
1126 1592 1430 1659 ἀνθρώπους,
1455 1592 1534 1644 καὶ
1553 1591 1759 1646 Ἠλεῖος

87 1676 403 1742 Ὀνόμαστος
432 1676 654 1744 Ἀγαίου.
730 1676 864 1728 οὗτοι
887 1678 979 1741 μὲν
1012 1676 1070 1741 δὴ
1098 1675 1156 1741 ἐξ
1183 1676 1330 1741 αὐτῆς
1362 1675 1760 1741 Πελοποννήσου

87 1760 258 1826 ἦλθον,
287 1763 341 1813 ἐκ
372 1764 425 1814 δὲ
448 1759 702 1826 Ἀθηνέων
725 1761 964 1812 ἀπίκοντο
991 1760 1293 1829 Μεγακλέης
1316 1783 1371 1814 τε
1394 1763 1421 1813 ὁ
1444 1761 1759 1827 Ἀλκμέωνος

14 1867 65 1897 20
87 1846 262 1898 τούτου
283 1850 372 1898 τοῦ
393 1847 527 1914 παρὰ
552 1850 772 1913 Κροῖσον
792 1845 1105 1912 ἀπικομένου,
1130 1846 1211 1910 καὶ
1236 1845 1393 1900 ἄλλος
1411 1846 1758 1911 Ἱπποκλείδης

1804 106 1892 155 VI.
1921 117 2009 168 127

1799 936 1825 979 3

1797 1693 1825 1735 4

86 1929 414 1998 Τεισάνδρου,
457 1930 655 2001 πλούτῳ
699 1931 777 1982 καὶ
820 1933 938 1983 εἵδεϊ
979 1930 1247 1998 προφέρων
1289 1930 1583 1997 Ἀθηναίων.
1659 1929 1808 1983 ἀπὸγ

88 2018 143 2068 δὲ
172 2014 428 2084 Ἐρετρίης
462 2015 709 2081 ἀνθεύσης
743 2020 918 2068 τοῦτον
955 2015 1045 2068 τὸν
1080 2016 1262 2084 χρόνον
1300 2017 1570 2080 Λυσανίης·
1616 2015 1759 2069 οὗτος

88 2102 144 2152 δὲ
199 2099 284 2153 ἀπ’
344 2101 564 2166 Εὐβοίης
622 2105 818 2166 μοῦνος.
909 2102 961 2152 ἐκ
1016 2103 1070 2153 δὲ
1125 2103 1426 2166 Θεσσαλίης
1486 2099 1608 2165 ἦλθε
1660 2105 1757 2152 τῶν

89 2183 388 2238 Σκοπαδέων
450 2186 779 2252 Διακτορίδης
839 2186 1171 2253 Κραννώνιος,
1236 2188 1290 2237 ἐκ
1348 2188 1402 2238 δὲ
1462 2189 1757 2237 Μολοσσῶν

16 2287 64 2328 25
82 2267 302 2322 Ἀλκων.
388 2275 620 2322 τοσοῦτοι
649 2272 741 2336 μὲν
766 2269 997 2338 ἐγένοντο
1022 2273 1068 2323 οἱ
1098 2274 1397 2337 μνηστῆρες·
1444 2269 1757 2336 ἀπικομένων

88 2356 142 2406 δὲ
171 2355 358 2407 τούτων
389 2357 439 2408 ἐς
469 2355 561 2420 τὴν
590 2354 950 2423 προειρημένην
982 2355 1168 2422 ἡμέρην
1193 2356 1219 2406 ὁ
1245 2354 1556 2420 Κλεισθένης
1587 2359 1756 2421 πρῶτα

143 2506 169 2543 3
198 2493 369 2548 Σιρήτης
391 2494 430 2532 R
544 2492 735 2543 Δάμασος
757 2493 932 2548 Ἀνύριος
955 2494 994 2532 R
1013 2494 1122 2534 SV.
1153 2493 1291 2544 Δάμας
1313 2497 1333 2534 ὃ
1355 2493 1544 2547 σαμύριος
1563 2493 1603 2531 Α
1619 2492 1654 2531 Β
1674 2493 1708 2532 C
1723 2493 1756 2532 Ρ

90 2559 115 2598 5
144 2548 470 2602 Ἀμφίμνηστρος
493 2548 531 2586 R
551 2548 580 2586 S
597 2548 636 2586 V
738 2550 787 2598 δὴ
810 2548 1024 2599 Gomperz
1189 2551 1217 2587 6
1246 2548 1289 2590 δὲ
1310 2562 1392 2589 om.
1419 2549 1452 2587 C
1563 2547 1754 2602 Τιτέρμου

90 2603 228 2642 ABC
256 2604 320 2656 (it.
344 2603 390 2656 8)
641 2616 663 2653 7
695 2603 831 2656 ἰσχύει
856 2604 916 2642 Β·
908 2634 916 2643 .
953 2605 1077 2654 ἰσχὺν
1101 2603 1140 2641 R
1158 2603 1238 2643 SV
1462 2615 1511 2642 10
1548 2606 1640 2645 παῖς
1668 2616 1753 2643 om.

93 2657 244 2697 RSV
448 2671 497 2697 12
538 2658 700 2700 πάντων
730 2658 884 2697 ABC
995 2660 1088 2701 τοὺς
1114 2672 1195 2697 om.
1229 2659 1371 2698 RSV
1540 2669 1588 2707 15
1618 2658 1755 2710 Πάγου

91 2712 132 2751 Α
152 2712 187 2751 Β
210 2712 244 2751 ⁰
358 2716 554 2807 ῗᾶῗφορ·
590 2714 625 2752 Β
676 2770 724 2806 18
765 2715 846 2809 ,5⁶
894 2712 1143 2810 ‘¹³⁶'p3'“‘c2‘1³2
1164 2767 1203 2806 R
1227 2713 1572 2809 ἐΰσκούρῗῗ
1547 2712 1587 2750 Α
1608 2674 1756 2807 Οιὲῧ

93 2780 144 2873 {g
171 2766 389 2872 ’ἒθῒγιιίὶιῖίων
415 2823 449 2861 C
464 2823 503 2861 R
518 2823 548 2862 S
562 2823 599 2861 V
764 2784 1080 2875 2IVQZY'TL5(it'
1105 2823 1232 2870 infra)
1455 2768 1755 2870 2ἑγῗῖἔεούσης

90 2876 133 2970 ἓ
144 2876 227 2985 ῗνῖ
339 2891 556 2986 Κρῖῗῶἕὶἒ
566 2877 703 2972 δὲ]Ρδὴ
724 2877 761 2916 V
775 2879 825 2931 (2)
843 2878 872 2916 S
986 2877 1088 2932 ἧΡΧε
1110 2878 1150 2916 Α
1165 2878 1198 2916 Β
1212 2878 1246 2916 C
1414 2891 1466 2927 24
1497 2877 1754 2931 Διακτορίδος

1794 2269 1884 2316 128
