2132 3340
719 135 1094 184 ΙΣΤΟΡΙΩΝ
1156 136 1176 184 1
1822 137 1911 186 IX.
1937 137 1996 186 16

113 267 193 320 καὶ
229 264 446 332 μετιέναι
481 267 651 318 πολλὰ
686 269 784 318 τῶν
822 264 1058 332 δακρύων.
1135 263 1282 319 αὐτὸς
1322 266 1374 316 δὲ
1417 262 1655 329 θωμάσας
1694 263 1782 316 τὸν
1820 287 1848 329 4

110 353 269 419 λόγον
300 352 456 404 εἰπεῖν
486 349 609 416 πρὸς
639 349 806 402 αὐτόν·
852 349 1031 402 Οὐκῶν
1065 350 1332 419 Μαρδονίῳ
1363 370 1417 402 τε
1448 353 1602 401 ταῦτα
1630 349 1782 418 χρεόν

111 438 222 489 ἐστι
249 434 419 502 λέγειν
452 434 531 486 καὶ
565 438 700 486 τοῖσι
735 433 841 499 μετ’
873 435 1064 486 ἐκεῖνον
1096 436 1150 486 ἐν
1182 435 1296 505 αἴνῃ
1335 435 1475 485 ἐοῦσι
1513 432 1779 501 Περσέων;

110 520 198 573 τὸν
227 523 280 573 δὲ
309 520 434 585 μετὰ
469 523 619 571 ταῦτα
655 520 828 571 εἰπεῖν·
878 520 1043 578 Ξεῖνε,
1078 519 1106 569 ὅ
1141 540 1188 570 τι
1226 522 1303 570 δεῖ
1333 517 1572 585 γενέσθαι
1607 520 1662 571 ἐκ
1696 523 1783 570 τοῦ

8 600 15 610 ’
61 629 84 669 5
110 607 238 664 θεοῦ,
260 602 518 673 ἀμήχανον
538 602 821 671 ἀποτρέψαι
845 602 1103 672 ἀνθρώπῳ·
1147 602 1259 655 οὐδὲ
1278 605 1375 670 γὰρ
1394 604 1551 655 πιστὰ
1569 602 1781 670 λέγουσι

109 688 273 744 ἐθέλει
303 690 565 742 πείθεσθαι
594 687 768 742 οὐδείς.
844 692 997 740 ταῦτα
1020 690 1072 740 δὲ
1098 686 1342 754 Περσέων
1367 687 1547 757 συχνοὶ
1569 687 1776 740 ἐπιστά-
1819 712 1840 757 5

106 796 247 841 μενοι
293 774 513 839 ἑπόμεθα
563 773 807 845 ἀναγκαίῃ
861 771 1183 838 ἐνδεδεμένοι.
1275 773 1487 841 ἐχθίστη
1533 775 1586 825 δὲ
1630 772 1778 837 ὀδύνη

106 855 255 927 [ἐστὶ]
294 863 391 911 τῶν
430 860 483 911 ἐν
519 858 829 925 ἀνθρώποισι
869 857 1008 922 αὕτη,
1048 858 1219 910 πολλὰ
1257 856 1536 924 φρονέοντα
1570 860 1780 922 μηδενὸς

108 942 347 1011 κρατέειν.
434 947 587 995 ταῦτα
615 945 707 1008 μὲν
736 947 825 994 τοῦ
858 941 1193 1011 Ὀρχομενίου
1225 939 1551 1008 Θερσάνδρου
1580 940 1775 1006 ἤκουον,

35 1049 84 1079 ιο
107 1028 187 1081 καὶ
216 1027 333 1081 τάδε
368 1026 490 1095 πρὸς
524 1028 763 1087 τούτοισι,
799 1027 864 1081 ὡς
901 1026 1047 1080 αὐτὸς
1083 1027 1258 1079 αὐτίκα
1290 1025 1434 1094 λέγοι
1468 1031 1621 1078 ταῦτα
1656 1026 1779 1097 πρὸ-ς
1802 1036 2132 1111 (2⁶...de

105 1113 392 1182 ᾀνθρώπους
422 1112 663 1179 πρότερον
692 1107 723 1176 ἢ
755 1111 995 1178 γενέσθαι
1028 1113 1081 1163 ἐν
1114 1111 1405 1183 Πλαταιῇσι
1434 1110 1526 1176 τὴν
1555 1110 1740 1180 μάχην.

190 1198 474 1266 Μαρδονίου
509 1199 563 1249 δὲ
601 1198 655 1249 ἐν
689 1197 749 1269 τῇ
790 1197 1002 1268 Βοιωτίῃ
1044 1194 1563 1263 στρατοπεδευομένου
1598 1198 1645 1248 οἱ
1685 1199 1777 1262 μὲν
1817 1208 1870 1258 17

103 1281 255 1334 ἄλλοι
297 1282 598 1350 παρείχοντο
645 1279 860 1335 ἅπαντες
907 1279 1146 1346 στρατιὴν
1191 1281 1271 1332 καὶ
1325 1279 1679 1346 συνεσέβαλον
1726 1283 1777 1335 ἐς

105 1364 319 1432 Ἀθήνας
349 1367 463 1418 ὅσοι
493 1387 584 1433 περ
618 1363 845 1432 ἐμήδιζον
875 1363 1139 1429 Ἑλλήνων
1169 1370 1268 1417 τῶν
1297 1365 1449 1437 ταύτῃ
1481 1363 1772 1431 οἰκημένων,

32 1471 78 1514 15
102 1456 276 1517 μοῦνοι
305 1453 358 1505 δὲ
383 1449 583 1504 Φωκέες
608 1450 665 1502 οὐ
689 1449 1062 1515 συνεσέβαλον·
1110 1448 1338 1515 ἐμήδιζον
1361 1452 1457 1518 γὰρ
1489 1449 1548 1515 δὴ
1574 1451 1776 1518 σφόδρα

103 1538 184 1590 καὶ
215 1536 365 1598 οῦτοι,
401 1535 487 1588 οὐκ
523 1536 719 1590 ἑκόντες
754 1534 871 1588 ἀλλ’
903 1534 984 1587 ὑπ’
1015 1536 1304 1602 ἀναγκαίης.
1377 1534 1592 1607 ἡμέρῃσι
1628 1538 1682 1588 δὲ
1718 1535 1775 1587 οὐ
1813 1553 1838 1585 2

102 1622 324 1695 πολλῇσι
368 1623 494 1687 μετὰ
539 1619 630 1685 τὴν
677 1618 847 1685 ἄπιξιν
893 1619 985 1685 τὴν
1032 1621 1084 1674 ἐς
1131 1618 1315 1686 Θήβας
1359 1621 1571 1687 ὕστερον
1618 1618 1774 1685 ἦλθον

30 1727 31 1730 ’
101 1705 262 1769 αὐτῶν
293 1707 494 1759 ὁπλῖται
525 1707 702 1774 χίλιοι·
749 1703 841 1773 ῆγε
877 1706 930 1757 δὲ
968 1703 1144 1759 αὐτοὺς
1173 1704 1479 1772 Ἁρμοκύδης
1515 1703 1638 1773 ἀνὴρ
1672 1710 1773 1758 τῶν

100 1792 270 1844 ἀστῶν
301 1791 650 1857 δοκιμώτατος.
726 1791 836 1843 ἐπεὶ
866 1792 919 1842 δὲ
951 1790 1159 1842 ἀπίκατο
1192 1789 1271 1842 καὶ
1308 1790 1444 1842 οὗτοι
1480 1791 1530 1844 ἐς
1568 1788 1768 1857 Θήβας,

26 1893 78 1921 20
99 1875 304 1944 πέμψας
335 1877 361 1927 ὁ
394 1876 674 1943 Μαρδόνιος
705 1871 925 1942 [ἱππέας]
955 1873 1156 1927 ἐκέλευέ
1187 1881 1350 1942 σφεας
1381 1874 1458 1927 ἐπ’
1490 1878 1685 1928 ἑωυτῶν
1717 1877 1770 1928 ἐν

99 1965 166 2030 τῷ
209 1961 359 2031 πεδίῳ
401 1961 609 2025 ἵζεσθαι.
699 1960 764 2015 ὡς
803 1962 857 2013 δὲ
900 1961 1146 2025 ἐποίησαν
1182 1964 1350 2020 ταῦτα,
1389 1959 1563 2012 αὐτίκα
1607 1964 1770 2027 παρῆν
1806 1980 1831 2023 3

98 2047 249 2100 ἵππος
277 2045 307 2111 ἡ
339 2044 529 2098 ἅπασα.
602 2046 725 2111 μετὰ
756 2047 808 2098 δὲ
839 2049 992 2097 ταῦτα
1023 2043 1251 2110 διεξῆλθε
1274 2047 1366 2111 μὲν
1388 2047 1468 2097 διὰ
1496 2049 1583 2096 τοῦ
1614 2067 1763 2112 στρα-

97 2129 306 2182 τοπέδου
336 2135 421 2182 τοῦ
451 2129 753 2190 Ἑλληνικοῦ
783 2134 869 2182 τοῦ
910 2131 1035 2195 μετὰ
1078 2128 1268 2194 Μήδων
1310 2130 1478 2184 ἐόντος
1518 2128 1658 2197 φήμη
1702 2130 1768 2184 ὡς

99 2220 409 2268 κατακοντιεῖ
449 2221 628 2283 σφεας,
672 2214 904 2280 διεξῆλθε
945 2217 998 2267 δὲ
1038 2214 1100 2266 δι’
1141 2213 1301 2267 αὐτῶν
1347 2214 1564 2267 Φωκέων
1609 2214 1765 2267 τώυτὸ

24 2315 71 2356 25
96 2303 258 2352 τοῦτο.
332 2299 452 2352 ἔνθα
474 2297 532 2363 δή
558 2306 656 2367 σφι
675 2300 701 2350 ὁ
721 2298 1001 2366 στρατηγὸς
1021 2298 1327 2366 Ἁρμοκύδης
1346 2299 1580 2367 παραίνεε
1598 2298 1764 2367 λέγων
1802 2316 1829 2358 4

47 2449 50 2451 .
96 2382 279 2437 τοιάδε·
316 2383 390 2435 Ὦ
415 2383 628 2445 Φωκέες,
651 2384 877 2450 πρόδηλα
899 2385 995 2450 γὰρ
1011 2383 1088 2435 ὅτι
1112 2382 1267 2448 ἡμέας
1291 2383 1427 2435 οῦτοι
1445 2386 1493 2436 οἱ
1511 2383 1763 2451 ἄνθρωποι

94 2467 342 2533 μέλλουσι
401 2469 630 2538 προόπτῳ
685 2467 878 2538 θανάτῳ
929 2468 1124 2528 δώσειν,
1181 2467 1616 2534 διαβεβλημένους
1666 2469 1760 2521 ὑπὸ

150 2621 175 2647 2
206 2625 252 2649 τε
276 2619 357 2647 om.
378 2606 413 2646 E
513 2607 646 2660 χρεών
662 2605 744 2645 ΕΡ
759 2605 850 2645 RV
959 2608 987 2645 6
1016 2605 1219 2646 πείθεσθαι
1237 2604 1346 2647 θέλει
1365 2605 1405 2644 R
1421 2606 1504 2646 SV
1612 2607 1639 2645 8
1669 2608 1759 2648 ἐστὶ

95 2675 177 2704 om.
201 2661 274 2703 P‘:
305 2667 402 2713 post
424 2662 663 2715 ἀνθρώποισι
686 2661 724 2700 R
741 2660 823 2700 SV
986 2674 1013 2712 9
1042 2663 1204 2713 κρατεῖν
1224 2661 1258 2700 C
1370 2664 1443 2702 τοῦ
1465 2673 1546 2699 om.
1572 2660 1614 2700 A
1628 2661 1663 2700 B
1677 2662 1710 2700 C
1727 2662 1761 2700 P

99 2731 143 2757 11
177 2716 422 2771 ἀνθρώπους]
443 2717 591 2758 ἄλλους
611 2715 874 2755 Valckenaer
1092 2717 1133 2756 ἐν
1153 2727 1233 2754 om.
1262 2715 1301 2753 R
1514 2716 1759 2765 Πλαταίηισι

94 2771 232 2812 ABC
254 2786 262 2811 :
292 2771 522 2821 Πλαταίῆσι
546 2772 585 2810 R
811 2783 859 2808 12
891 2769 1208 2823 στρατευομένου
1233 2769 1368 2810 RSV
1564 2783 1613 2821 13
1643 2769 1758 2812 συνέ-

95 2833 226 2875 βαλον
254 2827 317 2866 C:
357 2826 616 2874 συνέβαλλον
646 2823 870 2865 P‘RSV:
913 2823 1224 2872 συνεσέβαλλον
1255 2825 1320 2863 Pm
1504 2838 1552 2875 15
1591 2824 1757 2866 συνεσέ-

95 2887 256 2930 βαλλον
278 2882 338 2921 P:
372 2880 602 2929 συνέβαλον
627 2881 658 2921 S
806 2882 853 2929 δὴ
874 2893 954 2919 om.
977 2880 1010 2919 C
1028 2880 1065 2918 R
1082 2879 1111 2918 S
1127 2878 1165 2917 V
1369 2881 1418 2918 18
1447 2879 1601 2921 αὐτέων
1623 2881 1658 2918 R
1677 2881 1707 2919 S
1721 2881 1759 2918 V

100 2950 149 2987 19
177 2938 457 2979 δυνατώτατος
476 2935 515 2974 Α
530 2935 565 2974 Β
583 2935 617 2974 C
730 2938 770 2977 ἐς
792 2936 864 2977 τὰς
885 2942 930 2975 Θ.
959 2934 996 2972 R
1014 2933 1094 2973 SV
1220 2948 1274 2975 20
1301 2934 1443 2976 ἱππέας
1463 2941 1563 2974 ante
1586 2938 1607 2975 ὁ
1628 2939 1754 2988 Μαρδ.

98 2993 138 3032 R
152 2992 183 3033 S
196 2993 254 3031 V:
286 2992 368 3032 del.
387 2990 648 3041 Kallenberg
760 2989 954 3032 ἐκέλευσέ
971 2989 1012 3028 Α
1027 2989 1061 3028 Β
1078 2989 1112 3029 C
1127 2989 1161 3028 P
1274 2990 1339 3030 ἀπ’
1361 2989 1400 3027 R
1412 2989 1490 3028 SV
1601 3002 1649 3028 21
1682 2989 1755 3042 ὡς]

96 3048 181 3090 ἐπεὶ
199 3045 240 3086 Α
255 3047 289 3087 Β
304 3047 338 3087 C
353 3046 388 3086 P
551 3058 604 3085 22
632 3045 658 3096 ἡ
676 3045 796 3088 ἵππος
818 3044 859 3084 R
875 3043 905 3084 S
917 3043 957 3084 V
1120 3045 1174 3084 26
1202 3043 1299 3086 τάδε
1323 3044 1358 3083 Β
