2106 3346
726 124 1103 173 ΙΣΤΟΡΙΩΝ
1167 125 1207 172 Ζ
1834 125 1919 176 VI.
1947 126 2007 175 16

130 255 244 312 νέας
273 258 365 323 μὲν
388 255 447 320 δὴ
473 254 621 308 αὐτοῦ
650 255 802 327 ταύτῃ
834 254 1184 308 ἐποκείλαντες
1216 253 1498 313 κατέλιπον,
1524 255 1571 306 οἱ
1594 255 1647 306 δὲ
1673 253 1794 327 πεζῇ

129 341 415 407 ἐκομίζοντο
455 342 534 392 διὰ
566 343 661 405 ’τῆς
699 339 920 407 ἠπείρου.
1009 338 1178 403 ἐπειδὴ
1219 342 1272 391 δὲ
1316 338 1574 404 ἐσέβαλον
1615 340 1665 391 ἐς
1704 337 1794 402 τὴν
1831 355 1858 388 2

129 425 380 494 Ἐφεσίην
421 425 730 490 κομιζόμενοι
771 427 817 476 οἱ
859 428 990 482 Χῖοι,
1025 424 1196 477 νυκτός
1236 445 1290 475 τε
1320 420 1514 490 <γὰρ>’
1490 423 1702 475 απίκατο
1742 425 1793 476 ἐς

130 509 281 575 αὐτην
307 510 386 562 καὶ
417 509 601 577 ἐόντων
624 509 742 580 τῇσι
773 507 968 576 γυναιξὶ
998 508 1165 559 αὐτόθι
1191 509 1556 579 ρεξροφορίωνΙ
1583 508 1862 580 ἐνθαῦταῆι
1878 506 1920 548 ⁴¹·
1929 516 1990 555 171
2000 509 2047 555 1-
2058 512 2106 548 θ’

1150 585 1584 610 —r--e-
1803 588 1843 617 ν
1854 577 1992 624 c1,e2,
1997 570 2099 612 esa

0 616 59 664 ‚3
82 619 105 660 5
131 594 188 659 δη
226 596 272 646 οἱ
302 593 556 665 Ἐφέσιοι,
591 594 703 645 οὔτε
740 593 1102 696 προακηκοότες
1138 592 1202 645 ὡς
1231 614 1339 660 ειχε
1375 613 1486 658 περι
1522 613 1620 642 των
1657 591 1795 643 Χίων

131 679 320 733 ἰδόντες
341 700 397 731 τε
422 678 639 745 στρατὸν
664 680 714 732 ἐς
735 677 825 742 τὴν
847 671 1017 746 χῶρην
1038 676 1411 742 ἐσβεβληκότα,
1433 698 1504 741 πα
1491 674 1606 745 'xxv
1631 674 1794 743 σφέας

131 763 490 828 καταδόξαντες
543 762 669 814 εἶναι
728 767 928 832 afim&
988 761 1066 813 καὶ
1118 760 1244 813 ἰέναι
1295 760 1374 812 ἐπὶ
1425 762 1511 812 τὰς
1563 765 1794 826 γυναῖκας

131 846 434 913 ἐξεβοήθεον
470 848 713 912 πανδημεὶ
753 846 832 898 καὶ
864 845 1088 911 EQ)
1123 845 1237 898 τοὺς
1272 846 1441 898 Χίους.
1531 844 1665 895 οὗτοι
1701 842 1794 909 μέν

133 954 220 985 νυν
242 931 501 1004 τοιαύτῃσι
527 930 849 998 περιέπιπτον
874 930 1073 1002 τύχῃσι·
1123 929 1390 988 Διονύσιος
1413 932 1466 980 δὲ
1491 929 1517 979 ὁ
1541 928 1795 982 Φωκαιεὺς
1834 943 1887 994 17

62 1041 111 1070 10
133 1018 298 1070 ἐπείτε
338 1017 490 1082 ἔμαθε
528 1021 626 1068 τῶν
656 1015 839 1068 Ἰώνων
880 1017 941 1066 τὰ
982 1011 1640 1095 πρῄχραζρύδιεφθαρμένα,
1667 1011 1796 1066 ,νέας

134 1102 263 1154 ἑλὼν
293 1106 425 1168 τρεῖς
456 1105 554 1153 τῶν
585 1101 838 1165 πολεμίων
874 1098 1095 1151 ἀπέπλεε
1131 1101 1182 1152 ἐς
1215 1090 1315 1163 μὲν
1345 1098 1579 1149 Φώκαιαν
1615 1096 1793 1155 οὐκέτι,

134 1208 187 1238 ευ
217 1187 356 1240 εἰδὼς
388 1185 452 1238 ὡς
483 1186 882 1255 ἀνδραποδιεῖται
915 1183 1009 1235 σὺν
1039 1184 1098 1255 τῇ
1135 1182 1267 1254 ἄλλῃ
1299 1181 1480 1254 Ἰωνίῃ·
1521 1180 1797 1248 ,ᾁδὲ-ἶθέως

0 1281 77 1321 ¹<=-
134 1270 201 1325 ὡς
230 1270 338 1342 εἶχε
368 1269 517 1322 ἔπλεε
547 1271 599 1324 ἐς
636 1269 891 1333 Φοινίκην,
923 1268 1140 1335 γαιζλρυς
1175 1270 1228 1318 δὲ
1270 1268 1484 1318 ἐνθαῦτα
1521 1265 2106 1321 καταδύσαςνκωωωυῦ

136 1354 214 1407 καὶ
253 1352 485 1423 χρήματα
522 1354 701 1420 λαβὼν
743 1354 911 1406 πολλὰ
932 1336 1135 1404 ἔπλεε
1142 1353 1192 1404 ἐς
1233 1350 1482 1418 Σικελίην,
1516 1350 1798 1417 ὁρμώμενος

62 1462 109 1504 15
133 1441 187 1492 δὲ
235 1440 461 1491 ενθεῦτεν
511 1437 726 1506 ληιστης
777 1434 1105 1501 κατεστήκεε
1126 1433 1390 1500 Ἑλληνων
1440 1437 1532 1500 μὲν
1583 1434 1796 1493 οὐδενός,

137 1525 490 1598 Καρχηδονίων
520 1526 574 1575 δὲ
606 1523 685 1575 καὶ
714 1526 1004 1601 Τυρσηνῶν.

215 1610 282 1661 Οἱ
324 1610 377 1661 δὲ
414 1607 613 1675 Πέρσαι
651 1608 816 1677 ς’πείτε
855 1607 914 1678 τῇ
956 1597 1204 1677 ναυμαχίῃ
1246 1605 1420 1657 ἐνίκων
1460 1603 1573 1658 τοὺς
1601 1601 1797 1661 Ἴωνας,
1838 1606 1893 1654 18

133 1691 224 1757 τὴν
277 1693 510 1758 Μίλητον
560 1689 938 1759 πολιορκέοντες
990 1692 1044 1742 ἐκ
1097 1692 1187 1757 γῆς
1240 1687 1320 1740 καὶ
1374 1687 1636 1752 θαλάσσης
1687 1683 1803 1753 [καὶ]

133 1777 507 1882 ὑπορύσσοντες
528 1778 590 1827 τὰ
618 1776 790 1844 τείχεα
814 1776 893 1827 καὶ
917 1775 1154 1828 παντοίας
1175 1774 1405 1876 μηχανὰς
1428 1770 1803 1839 προσφέροντες

63 1884 114 1912 20
136 1859 359 1929 αἱρέουσι
389 1860 494 1933 ἕατ’
517 1860 668 1933 ἄκρης
691 1860 815 1926 ἕκτω
840 1859 940 1925 ἔτςῖ
971 1858 1068 1912 ἀπὸ
1091 1860 1177 1923 τῆς
1208 1855 1520 1910 ἀποστάσιος
1549 1858 1637 1920 τῆς
1666 1854 1796 1922 ’-Αρι

137 1934 977 2013 σταγόρεωᾝ-ἤῧδραποδισαντο
996 1942 1087 2007 τὴν
1110 1942 1276 2001 πόλιν,
1298 1942 1431 1993 ὥστε
1451 1945 1731 2007 ωπςσςῑζ
1748 1961 1804 1990 το
1784 1932 2102 2074 mg

136 2028 294 2084 πάθος
316 2035 383 2100 τῷ
407 2029 695 2132 χρηστηρίῳ
718 2033 787 2099 τῷ
812 2030 862 2082 ἐς
887 2029 1118 2092 Μίλητον
1140 2024 1409 2095 γενομένῳ.
1450 2017 1805 2092 ᾟὲῧῖέῦὃισι

137 2136 232 2182 γαρ
263 2113 540 2182 Ἀργείοισι
571 2115 627 2165 ἐν
658 2117 919 2180 Δελφοῖσι
958 2111 1071 2184 περὶ
1103 2112 1348 2180 σωτηρίης
1386 2112 1474 2174 τῆς
1514 2109 1690 2161 πόλιος
1720 2110 1806 2171 τῆς

1756 2164 2072 2210 «ΜΚ

139 2197 390 2266 σφετέρης
426 2196 651 2267 ἐχρήσθη
686 2198 942 2270 &stow
976 2194 1301 2264 χρηστήριον,
1333 2193 1390 2246 τὸ
1425 2215 1516 2258 μεν
1548 2195 1598 2246 ἐς
1630 2193 1806 2244 αὐτους
1885 2215 2074 2257 σφων,

65 2304 111 2342 25
138 2283 252 2337 τοὺς
264 2282 520 2351 Ἀργείους
532 2281 711 2386 Q,
723 2281 813 2346 τὴν
834 2284 887 2333 δὲ
907 2278 1414 2355 παρενθήκηνωωζς
1432 2279 1480 2330 ἐς
1502 2278 1802 2341 Μιλησίους.
1812 2266 2106 2326 adn-ml

138 2366 195 2419 τὸ
244 2366 337 2433 μέν
387 2389 474 2420 νυν
523 2368 574 2420 ἐς
620 2365 735 2420 τοὺς
783 2365 1041 2434 Ἀργείους
1093 2365 1230 2432 ἔχον,
1286 2364 1438 2415 ἐπεὰν
1491 2363 1613 2413 κατὰ
1663 2365 1806 2412 τοῦτο
1846 2377 1871 2408 2

135 2450 358 2518 γένωμαι
394 2456 481 2519 [ρῇ
517 2451 689 2519 λόχου,
723 2450 838 2502 τότε
873 2447 1243 2521 ρνηρ-θῄσομ-αι,
1278 2448 1340 2498 τὰ
1377 2449 1430 2499 δε
1467 2450 1600 2498 τοῖσι
1640 2449 1804 2508 Μιλη-
1833 2465 1858 2490 ·
1875 2466 1923 2519 ε..
1947 2458 2006 2490 ‹i—
2027 2448 2106 2507 ι--Ῑ

141 2537 301 2588 σίοισι
331 2536 387 2587 οὐ
419 2539 659 2602 παρεοῦσι
690 2535 892 2602 ἔχρησε,
928 2534 1035 2602 ἔχει
1065 2534 1176 2584 ὧδε·

197 2687 221 2712 2
266 2674 351 2715 ἐπεὶ
391 2673 435 2714 δὲ
478 2673 510 2712 Ρ
534 2673 571 2711 R
595 2673 625 2712 S
647 2671 683 2709 V
904 2683 929 2719 3
969 2673 1048 2723 γὰρ
1080 2669 1174 2708 add.
1211 2659 1331 2707 Steiri
1498 2664 1692 2707 ἀπικέατο
1724 2665 1756 2703 C
1778 2665 1809 2703 P

141 2730 167 2766 6
216 2729 390 2770 εἶδόντες
431 2729 489 2767 S:
542 2726 664 2767 οὐδέν.
698 2727 737 2765 R
760 2726 796 2763 V
961 2742 1008 2765 τε
1048 2738 1128 2763 om.
1166 2723 1205 2763 A
1228 2723 1263 2761 B
1485 2734 1512 2770 9
1551 2720 1686 2761 τοίνυν
1716 2718 1754 2757 Α
1775 2720 1807 2757 C

141 2785 322 2824 Φωκαεὺς
348 2783 380 2820 L
494 2795 509 2820 1
523 2795 536 2820 1
571 2782 732 2823 Φῶκεαν
754 2781 787 2819 C
905 2792 951 2828 13
980 2778 1211 2819 καταλύσας
1235 2777 1273 2815 R
1289 2778 1318 2815 S
1333 2776 1370 2814 V
1486 2787 1532 2824 15
1554 2774 1810 2822 κατέστηκεν

146 2837 229 2877 RS
244 2838 279 2875 V
424 2840 472 2876 16
502 2844 636 2888 Καλχ.
663 2836 700 2874 R
718 2836 747 2875 S
761 2835 799 2872 V
910 2838 1115 2887 Τυρρηνῶν
1136 2833 1174 2871 A
1189 2832 1254 2871 B:
1283 2834 1467 2884 Τυρηνῶν
1489 2830 1522 2868 C
1666 2829 1714 2867 18
1744 2830 1809 2869 καὶ

143 2906 223 2931 om.
252 2892 289 2929 R
307 2895 336 2931 S
350 2894 386 2931 V
571 2905 624 2930 20
654 2890 849 2943 κατάκρος
874 2889 912 2927 R
930 2903 938 2926 ε
971 2888 1176 2940 κατάκρως
1199 2888 1228 2926 S
1242 2887 1278 2924 V
1406 2888 1448 2925 ἐν
1468 2889 1525 2925 τῶ
1547 2884 1651 2925 ἕκτω
1674 2883 1712 2921 R
1729 2883 1759 2922 S
1773 2883 1810 2921 V

143 2960 191 2985 21
226 2946 472 2997 συμπεσέειν
495 2947 534 2984 R
550 2946 579 2985 S
595 2946 631 2984 V
792 2958 843 2993 24
877 2944 1018 2984 αὐτοὺς
1041 2943 1074 2981 C
1095 2954 1263 2992 quoque
1418 2951 1469 2990 25
1494 2939 1644 2992 φέρον.
1691 2938 1806 2989 .Ἀρ·

142 3002 275 3054 γείυυς
296 3014 375 3041 om.
399 3001 433 3039 B
604 3002 656 3039 26
686 3017 755 3041 νυν
777 3000 810 3038 C
832 3011 1001 3048 quoque
1115 2997 1256 3038 αὐτοὺς
1278 2994 1364 3034 Ae
