2132 3340
737 91 1116 142 ΙΣΤΟΡΙΩΝ
1178 91 1228 140 Θ
1857 89 1996 139 VIII.
2025 101 2103 152 115

145 225 426 296 Στρυμόνος
449 224 738 293 οἰκημένων.
813 224 933 279 ἔνθα
964 224 1042 278 καὶ
1067 225 1093 276 ὁ
1115 228 1213 278 τῶν
1239 223 1536 276 Βισαλτέων
1566 222 1816 290 βασιλεὺς
1854 230 1939 279 116

143 317 238 381 γῆς
271 334 325 366 τε
361 314 448 377 τῆς
486 313 841 379 Κρηστωνικῆς
878 308 1046 378 Θρῆιξ
1075 309 1224 378 ἔργον
1259 311 1508 377 ὑπερφυὲς
1544 307 1813 376 ἐργάσατο·

144 396 199 452 ὃς
237 397 351 450 οὔτε
387 395 534 450 αὐτὸς
573 395 671 461 ἔφη
709 401 777 466 τῷ
820 394 985 468 Ξέρξῃ
1024 396 1150 447 ἑκὼν
1187 394 1313 447 εῖναι
1352 394 1659 454 δουλεύσειν,
1699 392 1815 445 ἀλλ’

143 483 312 551 οἴχετο
351 480 452 534 ἄνω
492 483 542 534 ἐς
576 479 633 533 τὸ
668 482 782 547 ὅρος
817 479 907 545 τὴν
940 479 1198 545 Ῥοδόπην,
1237 479 1376 532 τοῖσί
1407 501 1461 532 τε
1498 478 1644 533 παισὶ
1686 479 1812 544 ἀπη-

95 595 117 635 5
142 567 316 634 γόρευε
353 565 420 632 μὴ
463 565 824 632 στρατεύεσθαι
863 565 946 617 ἐπὶ
986 564 1078 629 τὴν
1113 563 1355 616 Ἑλλάδα.
1446 566 1492 617 οἱ
1531 567 1585 616 δὲ
1626 562 1810 631 ἀλογή-
1852 584 1878 616 2

143 671 339 709 σαντες,
364 646 394 715 ἢ
419 649 588 704 ἄλλως
619 656 716 717 σφι
746 648 896 716 θυμὸς
927 648 1126 716 ἐγένετο
1151 647 1434 714 θεήσασθαι
1463 647 1549 701 τὸν
1573 649 1811 714 πόλεμον,

142 736 500 802 ἐστρατεύοντο
531 734 633 800 ἅμα
661 739 727 805 τῷ
760 733 953 806 Πέρσῃ.
1031 734 1139 787 ἐπεὶ
1170 735 1223 786 δὲ
1254 733 1583 801 ἀνεχώρησαν
1614 733 1814 788 ἀσινέες

141 819 323 873 πάντες
362 818 422 885 ἓξ
453 820 635 878 ἐόντες,
669 817 882 887 ἐξώρυξε
919 818 1080 872 αὐτῶν
1117 820 1143 870 ὁ
1179 818 1340 885 πατὴρ
1371 817 1484 872 τοὺς
1519 818 1814 886 ὀφθαλμοὺς

141 905 228 956 διὰ.
262 903 353 969 τὴν
388 906 549 969 αἰτίην
583 903 782 969 ταύτην.
872 903 950 956 καὶ
990 903 1126 956 οὗτοι
1163 906 1257 969 μὲν
1293 908 1469 955 τοῦτον
1504 902 1592 955 τὸν
1631 907 1813 968 μισθὸν
1852 921 1928 970 117

69 1014 119 1043 10
141 988 350 1055 ἔλαβον·
397 991 443 1041 οἱ
474 990 527 1041 δὲ
559 987 757 1054 Πέρσαι
792 987 858 1042 ὡς
888 990 942 1040 ἐκ
973 991 1061 1053 τῆς
1094 989 1315 1056 Θρηίκης
1345 988 1667 1055 πορευόμενοι
1699 989 1810 1040 ἀπί-

142 1094 288 1125 κοντο
329 1073 412 1125 ἐπὶ
451 1072 538 1125 τὸν
578 1073 750 1140 πόρον,
791 1068 1104 1140 ἐπειγόμενοι
1144 1072 1231 1125 τὸν
1266 1070 1656 1137 Ἑλλήσποντον
1695 1074 1815 1145 τῇσι

141 1158 289 1222 νηυσὶ
327 1156 572 1223 διέβησαν
603 1159 654 1211 ἐς
678 1156 921 1224 Ἀβυδον·
967 1159 1055 1211 τὰς
1085 1159 1182 1225 γὰρ
1213 1158 1420 1225 σχεδίας
1450 1157 1537 1209 οὐκ
1567 1157 1711 1224 εὗρον
1741 1157 1815 1210 ἔτι

140 1241 467 1308 ἐντεταμένας
496 1240 612 1294 ἀλλ’
641 1241 737 1294 ὑπὸ
773 1247 1019 1311 χειμῶνος
1055 1240 1429 1307 διαλελυμένας.
1519 1243 1731 1294 ἐνθαῦτα
1761 1245 1814 1294 δὲ
1853 1259 1879 1290 2

141 1327 466 1395 κατεχόμενοι
491 1327 628 1379 σιτία
646 1322 738 1393 [τε]
757 1325 896 1379 πλέω
918 1322 948 1391 ἢ
971 1326 1075 1378 κατ’
1095 1328 1209 1379 ὁδὸν
1234 1325 1536 1395 ἐλάγχανον,
1559 1326 1737 1379 οὐδένα
1760 1349 1814 1381 τε

70 1435 114 1475 15
141 1411 329 1477 κόσμον
359 1409 728 1477 ἐμπιπλάμενοι
758 1412 838 1463 καὶ
867 1412 1022 1463 ὕδατα
1055 1410 1466 1477 μεταβάλλοντες
1496 1410 1814 1483 ἀπέθνῃσκον

138 1499 225 1547 τοῦ
250 1492 575 1563 στρατοῦτοΰ
595 1496 881 1563 περιεόντος
903 1497 1105 1548 πολλοί.
1179 1498 1225 1548 οἱ
1248 1497 1496 1548 δὲέλοιποὶ
1519 1494 1621 1562 ἅμα
1645 1495 1813 1568 Ξέρξῃ

139 1579 458 1633 ἀπικνέονται
489 1582 540 1635 ἐς
573 1580 765 1648 Σάρδις.
846 1580 956 1633 ἔστι
986 1583 1039 1633 δὲ
1071 1580 1150 1632 καὶ
1180 1580 1336 1634 ἄλλος
1366 1581 1448 1633 ὅδε
1477 1581 1632 1648 λόγος
1660 1582 1809 1648 λεγό-
1853 1582 1934 1629 118

137 1685 301 1729 μενος,
343 1664 408 1719 ὡς
450 1664 617 1729 ἐπειδὴ
661 1664 855 1732 Ξέρξης
897 1665 1192 1718 ἀπελαύνων
1227 1664 1287 1730 ἐξ
1317 1664 1570 1730 Ἀθηνέων
1608 1666 1812 1718 ἀπίκετο

139 1747 217 1803 ἐπ’
248 1747 431 1802 Ἠιόνα
467 1748 558 1814 τὴν
599 1749 680 1802 ἐπὶ
720 1750 980 1817 Στρυμόνι,
1026 1751 1253 1803 ἐνθεῦτεν
1293 1749 1457 1803 οὐκέτι
1498 1752 1811 1824 ὁδοιπορίῃσι

66 1855 116 1884 20
138 1835 386 1901 διεχρᾶτο,
413 1834 547 1886 ἀλλὰ
569 1833 660 1898 τὴν
688 1836 781 1900 μὲν
805 1833 1044 1899 στρατιὴν
1068 1833 1298 1903 εὙδάρνεϊ
1322 1833 1574 1902 ἐπιτρέπει
1598 1835 1812 1902 ἀπάγειν

138 1917 189 1971 ἐς
220 1921 305 1970 τὸν
335 1916 740 1983 Ἑλλήσποντον,
779 1917 926 1973 αὐτὸς
966 1918 1007 1971 δ’
1038 1920 1120 1972 ἐπὶ
1161 1919 1272 1974 νεὸς
1303 1921 1586 1985 Φοινίσσης
1628 1922 1812 1986 ἐπιβὰς

137 2002 388 2067 ἐκομίζετο
431 2004 484 2058 ἐς
525 2002 617 2068 τὴν
656 2003 853 2069 Ἀσίην.
941 1991 1162 2057 πλέοντα
1206 2003 1261 2056 δέ
1301 2026 1386 2070 μιν
1431 2004 1614 2070 ἄνεμον
1655 2009 1807 2078 Στρυ-
1847 2019 1874 2051 2
1917 2003 2046 2067 ῌΝίὲ
2070 2041 2080 2050 .

137 2088 314 2152 μονίην
343 2087 624 2153 ὑπολαβεῖν
652 2086 813 2155 μέγαν
846 2087 925 2139 καὶ
958 2090 1210 2154 κυματίην.
1285 2088 1364 2141 καὶ
1396 2088 1453 2154 δὴ
1483 2092 1683 2155 μᾶλλον
1712 2090 1809 2157 γάρ

136 2191 184 2222 τι
212 2171 575 2238 χειμαίνεσθαι,
602 2172 852 2240 γεμούσης
874 2175 962 2237 τῆς
992 2172 1102 2227 νεὸς
1132 2173 1265 2226 ὥστε
1296 2175 1378 2226 ἐπὶ
1401 2178 1488 2225 τοῦ
1518 2175 1805 2242 καταστρώ-

65 2281 112 2322 25
135 2275 290 2319 ματος
331 2256 590 2310 ἐπεόντων,
621 2262 822 2326 συχνῶν
859 2255 1103 2325 Περσέων
1137 2262 1237 2310 τῶν
1273 2258 1367 2311 σὺν
1406 2256 1573 2331 Ξέρξῃ
1611 2261 1804 2325 κομιζο-

134 2337 315 2404 μένων,
366 2341 576 2393 ἐνθαΰτα
624 2342 674 2396 ἐς
720 2344 864 2408 δεῖμα
909 2343 1131 2394 πεσόντα
1177 2346 1265 2395 τὸν
1311 2343 1537 2408 βασιλέα
1585 2343 1807 2409 εἰρέσθαι

134 2422 378 2488 βώσαντα
407 2424 493 2477 τὸν
525 2424 833 2493 κυβερνήτην
863 2427 910 2478 εἴ
936 2447 1011 2480 τις
1042 2426 1150 2478 ἔστι
1183 2433 1280 2494 σφι
1311 2428 1549 2495 σωτηρίη.
1618 2429 1697 2480 καὶ
1720 2427 1807 2480 τὸν
1846 2444 1871 2488 3

137 2505 288 2559 εἶπαι·
337 2507 593 2569 Δέσποτα,
626 2509 714 2562 οὐκ
750 2510 862 2562 ἔστι
891 2509 1106 2575 οὐδεμία,
1142 2512 1184 2563 εἰ
1218 2511 1285 2576 μὴ
1315 2512 1502 2564 τούτων
1533 2511 1806 2581 ἀπαλλαγή

191 2658 216 2684 2
257 2650 533 2699 Κρηστωνικῆς
573 2646 611 2684 R
781 2649 902 2701 Θρῆιξ
933 2647 1014 2688 del.
1052 2647 1173 2687 Stein
1394 2662 1420 2700 3
1460 2655 1517 2702 τῷ
1548 2663 1631 2690 om.
1665 2650 1702 2689 R
1722 2650 1808 2691 SV

136 2713 162 2749 4
205 2703 355 2751 ὤιχετο
394 2700 434 2738 Α
455 2700 490 2739 Β
514 2701 548 2738 C
723 2702 751 2740 6
794 2703 1021 2751 θηήσασθαι
1062 2703 1100 2741 R
1121 2704 1158 2742 V
1325 2717 1347 2754 7
1390 2708 1448 2745 τῶ
1488 2704 1611 2758 Ξέρξη
1652 2704 1692 2742 R
1716 2706 1746 2744 S
1767 2706 1807 2744 V

136 2757 162 2794 8
206 2754 358 2795 αὐτέων
399 2754 438 2792 R
462 2754 492 2793 S
513 2756 551 2793 V
752 2768 800 2794 12
845 2759 923 2808 οὐχ
964 2757 1003 2796 R
1023 2756 1062 2795 V
1259 2770 1308 2807 13
1354 2759 1652 2811 ἐντεταγμένας
1690 2759 1747 2797 Α1
1770 2760 1804 2798 C

141 2822 189 2858 14
228 2826 276 2849 τε
307 2821 391 2848 om.
429 2809 462 2847 P
478 2809 516 2847 R
535 2809 616 2849 SV
786 2812 834 2850 18
874 2812 1092 2860 Ἀθηναίων
1125 2812 1159 2849 Β
1175 2812 1208 2851 C
1225 2813 1260 2851 R
1280 2812 1362 2852 SV
1531 2825 1580 2864 19
1602 2817 1805 2855 ’ἐνθεῦτεν

138 2876 219 2903 om.
244 2863 282 2901 R
299 2863 381 2902 SV
546 2876 601 2901 20
630 2866 820 2917 διεχρῆτο
847 2864 935 2902 ΑΒ
952 2866 1010 2904 C:
1046 2866 1256 2919 διεχρέετο
1281 2867 1372 2913 rell.
1542 2879 1589 2906 21
1623 2870 1719 2910 νεὼς
1740 2869 1804 2909 C:

137 2921 230 2965 νηὸς
248 2917 286 2955 R
302 2917 332 2956 S
345 2916 384 2957 V
401 2917 464 2969 (it.
481 2920 552 2967 24)
665 2931 718 2956 22
748 2921 857 2960 πλώ-
876 2919 915 2957 R
931 2919 960 2958 S
973 2920 1012 2958 V
1121 2933 1174 2970 24
1203 2938 1268 2961 τοι
1285 2921 1316 2960 S
1328 2922 1367 2960 V
1478 2935 1528 2972 27
1553 2923 1804 2977 κυβερνήτεα

139 2970 275 3010 RSV
296 2971 357 3022 (it.
379 2971 511 3022 infra)
624 2980 696 3024 σφι
717 2985 800 3030 om.
826 2973 859 3011 P
1023 2976 1075 3013 28
1106 2975 1159 3026 εἰ]
1183 2976 1232 3024 ἢν
1254 2975 1294 3013 R
1309 2975 1339 3014 S
1354 2975 1390 3013 V
