2132 3340
704 94 1079 143 ΙΣΤΟΡΙΩΝ
1145 96 1191 144 H
1819 98 1929 148 VH.
1960 111 2027 148 20

114 221 487 293 qemun-dvm
510 225 570 275 τὰ
595 222 694 275 ἄνω
719 227 804 289 τῆς
830 224 1005 289 Ἀσίης
1030 224 1499 293 καταστρεψάμενοι
1522 223 1775 291 ἐνέμοντο,

112 312 210 360 τῶν
262 307 446 359 εἵνεκεν
489 309 700 374 ὕστερον
748 313 961 375 Δαρεῖος
1013 308 1320 376 ἐτιμωρέετο,
1365 308 1490 374 μήτε
1542 312 1664 361 κατὰ
1716 312 1778 362 τὰ

111 392 362 459 λεγόμενα
389 391 476 443 τὸν
507 391 800 459 Ἀτρειδέων
831 394 882 446 ἐς
906 392 1066 445 Ἴλιον
1102 391 1226 458 μήτε
1261 393 1347 445 τὸν
1383 398 1572 445 Μυσῶν
1607 397 1661 446 τε
1699 394 1778 446 καὶ

111 479 340 541 Τευκρῶν
369 475 458 527 τὸν
494 475 588 542 πρὸ
619 481 717 528 τῶν
751 480 987 543 Τρωικῶν
1019 478 1304 544 γενόμενον,
1339 478 1386 529 οἳ
1421 477 1688 543 διαβάντες
1726 481 1778 532 ἐς

63 582 88 626 5
111 558 202 625 τὴν
227 560 470 627 Εὐρώπην
491 562 612 611 κατὰ
637 561 897 628 Βόσπορον
916 561 1028 614 τούς
1052 583 1105 613 τε
1127 560 1350 628 Θρήικας
1371 561 1778 629 κατεστρέψαντο

110 641 300 698 πάντας
349 644 427 695 καὶ
475 643 571 705 ἐπὶ,
602 643 688 695 τὸν
735 644 914 697 Ἰόνιον
960 646 1143 698 πόντον
1193 644 1482 711 κατέβησαν
1527 646 1676 714 μέχρι
1723 668 1779 699 τε

111 731 330 794 Πηνειοῦ
365 732 586 793 ποταμοῦ
625 728 681 779 τὸ
721 733 842 794 πρὸς
877 726 1198 796 μεσαμβρίης
1237 729 1454 795 ἤλασαν.
1545 730 1687 782 αὗται
1727 732 1777 783 αἱ
1813 743 1870 779 21

109 815 271 866 πᾶσαι
315 811 415 863 οὐδ’
461 812 622 878 ἕτεραι
668 812 789 879 πρὸς
837 814 1048 885 ταύτῃσι
1095 814 1360 880 γενόμεναι
1410 815 1777 881 στρατηλασίαι

107 898 223 963 μιῆς
261 899 416 961 τῆσδε
453 896 539 947 οὐκ
582 894 731 960 ἄξιαι.
819 899 872 949 τί
911 900 1006 965 γὰρ
1051 897 1137 948 οὐκ
1181 897 1340 965 ἤγαγε
1381 899 1436 949 ἐκ
1473 900 1560 963 τῆς
1600 897 1778 964 Ἀσίης

35 1004 85 1034 10
109 981 252 1035 ἔθνος
291 981 373 1033 ἐπὶ
412 979 502 1044 τὴν
539 979 768 1032 Ἑλλάδα
810 980 1027 1048 Ξέρξης;
1078 987 1212 1034 κοῖον
1253 985 1306 1034 δὲ
1348 983 1614 1047 πινόμενον
1657 978 1776 1050 [μιν]

106 1065 236 1133 ὕδωρ
267 1064 354 1116 οὐκ
386 1063 609 1125 ἐπέλιπε,
636 1065 770 1129 πλὴν
793 1070 891 1117 τῶν
919 1064 1157 1136 μεγάλων
1187 1071 1446 1131 ποταμῶν;
1497 1068 1542 1118 οἱ
1564 1069 1658 1131 μὲν
1680 1068 1775 1133 γὰρ
1813 1089 1839 1122 2

74 1173 79 1177 ·
107 1147 224 1203 νέας
257 1149 573 1217 παρείχοντο,
607 1152 653 1201 οἱ
685 1152 738 1201 δὲ
769 1151 819 1203 ἐς
854 1148 1004 1213 πεζὸν
1042 1148 1330 1217 ἐτετάχατο,
1364 1155 1497 1202 τοῖσι
1534 1153 1587 1202 δὲ
1623 1152 1774 1205 ἵππος
2080 1208 2092 1219 ,

106 1231 486 1301 προσετέτακτο,
508 1237 642 1285 τοῖσι
662 1236 715 1285 δὲ
737 1236 1004 1301 ἱππαγωγὰ
1024 1238 1176 1286 πλοῖα
1196 1220 1894 1305 ἄμοι-,ι-,ττρατευομένοισαὼῑμ
1898 1216 2132 1302 um

105 1321 239 1369 τοῖσι
279 1319 332 1370 δὲ
374 1319 425 1371 ἐς
467 1319 556 1371 τὰς
600 1317 822 1385 γεφύρας
865 1320 1056 1385 μακρᾶς
1100 1317 1215 1372 νέας
1259 1317 1513 1386 παρέχειν,
1546 1323 1681 1371 τοῖσι
1720 1321 1774 1372 δὲ

34 1423 81 1466 15
106 1400 224 1453 σῖτά
251 1423 307 1454 τε
338 1402 418 1453 καὶ
449 1401 579 1455 νέας.
671 1401 748 1452 καὶ
778 1407 921 1453 τοῦτο
950 1401 1058 1468 μέν,
1094 1402 1159 1456 ὡς
1191 1401 1644 1470 προσπταισάντων
1673 1408 1773 1455 τῶν
1810 1417 1874 1454 22

105 1485 313 1551 πρώτων
356 1487 727 1553 περιπλεόντων
772 1487 884 1553 περὶ
930 1486 1017 1538 τὸν
1052 1486 1240 1546 ”Aoum
1288 1486 1671 1554 προετοιμάζετο
1718 1489 1770 1539 ἐκ

103 1575 251 1638 τριῶν
283 1569 434 1622 ἐτέων
473 1591 557 1622 κου
589 1570 814 1636 μάλιστα
845 1572 896 1624 ἐς
933 1570 1020 1622 τὸν
1043 1570 1229 1623 ’Ἀθων-
1277 1573 1331 1622 ἐν
1361 1573 1456 1638 γὰρ
1486 1571 1771 1624 Ἐλαιοῦντι

102 1657 189 1719 Τῆς
240 1652 569 1720 Χερσονήσου
619 1656 800 1721 ὅρμεον
843 1653 1079 1722 τριήρεες,
1128 1657 1354 1707 ἐνθεῦτεν
1399 1658 1452 1708 δὲ
1495 1656 1772 1722 ὁρμώμενοι

103 1738 334 1806 ὤρυσσον
369 1738 464 1790 ὑπὸ
497 1740 757 1806 μαστίγων
788 1739 1095 1791 παντοδαποὶ
1133 1743 1220 1804 τῆς
1262 1742 1512 1805 στρατιῆς,
1547 1739 1771 1808 διάδοχοι

29 1843 80 1872 20
103 1822 145 1874 δ’
170 1823 404 1891 ἐφοίτων·
452 1824 683 1890 ὤρυσσον
709 1826 760 1875 δὲ
786 1824 867 1876 καὶ
898 1825 945 1875 οἱ
969 1825 1080 1890 περὶ
1103 1823 1190 1876 τὸν
1214 1822 1383 1875 Ἀθων
1406 1824 1765 1890 κατοικημένοι.

103 1906 364 1975 Βουβάρης
386 1908 438 1958 δὲ
463 1908 490 1958 6
517 1906 828 1974 Μεγαβάζου
853 1908 933 1959 καὶ
956 1907 1260 1976 Ἀρταχαίης
1284 1909 1310 1958 ὁ
1333 1908 1563 1975 Ἀρταίου
1594 1907 1767 1975 ἄνδρες
1805 1931 1831 1964 2

99 1990 300 2058 Πέρσαι
347 1989 651 2043 ἐπεστάτεον
701 1996 788 2043 τοῦ
832 1991 995 2059 ἔργου.
1084 1993 1111 2042 6
1155 1993 1249 2059 γὰρ
1278 1991 1454 2046 ,Ἀθως
1500 1994 1609 2045 ἐστὶ
1653 1995 1767 2059 ὄρος

97 2074 227 2143 μέγα
269 2097 324 2128 τε
368 2077 448 2128 καὶ
492 2077 791 2141 ὀνομαστόν,
831 2075 883 2129 ἐς
929 2075 1200 2128 θάλασσαν
1246 2079 1473 2141 κατῆκον,
1505 2076 1766 2142 οἰκημένον

97 2159 193 2212 ὑπὸ
229 2160 518 2228 ἀνθρώπων.
607 2161 664 2232 τῇ
709 2163 762 2212 δὲ
805 2159 1031 2231 τελευτᾷ
1057 2159 1108 2214 ἐς
1151 2159 1242 2225 τὴν
1284 2160 1488 2226 ἤπειρον
1532 2160 1589 2212 τὸ
1631 2162 1761 2227 ὅρος,

27 2262 74 2303 25
97 2243 518 2312 χερσονησοειδές
561 2243 617 2296 τέ
662 2244 774 2304 ἐστι
805 2245 885 2296 καὶ
931 2244 1110 2310 ἰσθμὸς
1156 2245 1221 2299 ὡς
1266 2245 1482 2297 δυώδεκα
1528 2246 1762 2298 σταδίων·

97 2331 269 2381 πεδίον
305 2332 359 2381 δὲ
398 2334 541 2381 τοῦτο
578 2330 656 2381 καὶ
695 2329 907 2381 κολωνοὶ
944 2329 1002 2380 οὐ
1036 2329 1250 2397 μεγάλοι
1281 2329 1337 2381 ἐκ
1374 2328 1640 2395 θαλάσσης
1674 2332 1763 2396 τῆς

152 2480 178 2506 2
214 2466 334 2518 μὴδὲ
366 2467 506 2506 RSV
724 2479 749 2517 3
788 2471 870 2508 τῶν
900 2466 1149 2507 PRSVC¹
1315 2468 1420 2519 μήτε
1449 2473 1529 2510 τῶν
1561 2468 1762 2509 RSVC⁶

96 2521 476 2571 4τόντεΑΒΟε
508 2521 694 2563 τῶνὸν
805 2521 1104 2563 ἐςοῐη.ΑΒ(ἶ
1283 2524 1384 2571 Ἱτὸ
1408 2523 1602 2562 Bekker:
1634 2525 1761 2565 τοῦΙ,

97 2574 157 2630 αἱ]
177 2579 222 2617 οὐ
245 2576 283 2614 R
300 2576 382 2616 SV
574 2577 601 2615 8
629 2575 731 2626 οὐδ’]
755 2577 818 2617 καὶ
841 2577 923 2617 οὐδ’
947 2578 982 2617 εἰ
1002 2576 1039 2615 Α
1055 2576 1090 2614 Β
1107 2575 1140 2614 C
1279 2578 1598 2630 προσγενόμεναι
1618 2579 1657 2616 Α
1674 2579 1707 2616 Β
1724 2579 1759 2618 C

95 2643 123 2681 9
151 2633 222 2672 οὐκ
241 2632 323 2670 del.
348 2631 484 2670 Cobet
596 2631 658 2672 τίς
681 2631 719 2668 R
733 2631 770 2670 V
953 2644 1002 2670 10
1032 2631 1153 2683 Ξέρξη
1177 2630 1215 2668 R
1230 2631 1268 2670 V
1376 2649 1446 2682 μιν
1466 2645 1548 2672 om.
1575 2632 1610 2671 P
1624 2633 1661 2671 R
1678 2633 1708 2672 S
1722 2634 1761 2673 V

101 2696 150 2734 13
193 2684 272 2736 ἅμα
309 2699 393 2726 om.
436 2686 476 2724 A
499 2686 532 2724 B
555 2686 590 2725 C
608 2699 617 2724 ε
665 2689 775 2726 τοῖσι
809 2685 981 2734 Madvig
1215 2698 1262 2734 15
1310 2686 1569 2728 πταισάντων
1606 2687 1646 2726 Α
1667 2688 1701 2726 Β
1724 2689 1759 2728 C

101 2741 149 2778 16
169 2739 275 2782 Ἄθω
298 2739 387 2779 RV
525 2757 734 2794 προητοιμ.
759 2740 799 2778 Α
814 2740 848 2778 Β
866 2740 899 2778 C
1049 2739 1114 2792 ἐκ]
1136 2741 1210 2788 πρὸ
1234 2740 1265 2778 Ρ
1280 2739 1317 2777 R
1337 2741 1367 2780 S
1381 2741 1420 2780 V
1617 2756 1662 2792 17
1693 2745 1758 2784 καὶ

99 2792 132 2831 Ρ
154 2793 191 2832 R
214 2794 244 2834 S
266 2794 302 2834 V
443 2794 624 2844 μάλιστα
654 2798 706 2836 τὰ
742 2794 1128 2843 Schweighaeuser
1293 2795 1497 2836 Ἐλεοῦντι
1536 2796 1581 2835 Ρ1
1609 2798 1647 2835 R
1671 2797 1700 2836 S
1723 2797 1760 2836 V

101 2849 150 2887 18
179 2850 328 2902 ὥρμεον
348 2850 382 2888 C
399 2849 432 2887 P
446 2850 482 2887 R
500 2850 530 2888 S
543 2850 581 2888 V
719 2850 890 2902 τριήρεις
914 2849 951 2886 R
968 2848 997 2886 S
1012 2849 1049 2887 V
1233 2862 1279 2887 21
1316 2853 1336 2889 6
1358 2851 1601 2903 Ἀρταχαιου
1624 2851 1662 2889 R
1678 2852 1707 2891 S
1721 2851 1759 2890 V

97 2915 148 2940 22
179 2902 411 2944 ἐπέστασαν
431 2904 469 2942 Α
486 2904 519 2941 Β
537 2905 570 2943 C
736 2905 789 2941 26
819 2903 902 2954 καὶ]
926 2906 988 2943 καὶ
1011 2906 1055 2944 οὐ
1079 2903 1116 2942 R
1131 2904 1161 2943 S
1177 2904 1211 2943 V

151 3005 252 3033 um.
277 3005 323 3034 11.
1546 2998 1594 3038 11
