2132 3340
691 105 1059 154 ΙΣΤΟΡΙΩΝ
1124 104 1173 154 Θ

94 235 165 298 δέ,
196 232 259 302 ἢν
295 238 356 289 τὰ
389 227 613 316 evavrta(
623 257 713 301 της
745 235 1031 303 Μαρδονίου
1066 232 1523 336 γνώμης)γένηται,
1559 234 1765 298 οὐδεμία

94 320 329 389 συμφορὴ
366 320 560 389 μεγάλη
598 321 742 374 ἔσται
777 319 868 372 σέο
903 341 959 372 τε
989 339 1275 420 wegceovsfs
1313 319 1393 371 καὶ
1432 319 1635 370 ἐκείνων
1665 322 1764 371 τῶν

1805 105 1947 156 VIII.
1975 117 2070 155 102

93 404 396 474 πρηγμάτων
425 402 539 481 {sepi
573 405 708 458 οἶκον
743 403 831 457 τὸν
868 405 979 457 σόν.
991 406 1015 478 )
1066 399 1129 468 ἢν
1164 405 1259 471 γὰρ
1297 403 1363 455 σύ
1398 425 1451 456 τε
1482 404 1653 475 περιῇς
1685 403 1764 454 καὶ
1799 422 1827 467 3

94 491 227 544 οἶκος
271 491 297 541 6
342 486 745 628 σόςὶξπολλοὺς
769 488 1015 543 πολλάκις
1067 478 1287 556 ἀγῶνας.
1310 480 1643 568 δραμεονται(
1652 510 1764 554 περι

44 598 66 639 5
95 574 271 643 σφέων
313 596 442 627 αυτω
490 559 507 649 )
600 573 874 640 “.Ελληνες
962 573 1249 640 Μαρδονίου
1294 572 1365 632 δέ,
1412 571 1473 638 ἤν
1517 594 1566 625 τι
1610 572 1761 645 πάθῃ,

91 660 246 727 λόγος
275 660 433 714 οὐδεὶς
462 651 827 727 γίνετᾶιῖκὸὐμδέ
864 681 913 712 τι
946 663 1181 712 νικῶντες
1211 660 1258 711 οἱ
1280 656 1538 723 οΈλληνες
1568 663 1761 718 νικῶσι,

92 749 270 797 δοῦλον
315 744 407 798 σὸν
451 744 812 800 ἀπολέσαντες·
874 743 938 796 σὺ
982 743 1052 804 δέ,
1091 748 1191 796 τῶν
1235 743 1401 796 εἵνεκα
1442 741 1532 795 τὸν
1577 743 1765 796 στόλον

92 829 352 896 ἐποιήσαο,
393 829 628 897 πυρώσας
662 831 751 884 τὰς
787 827 1004 895 Ἀθήνας
1041 829 1250 899 ἀπελᾷς.
1340 827 1473 894 ἥσθη
1511 850 1566 881 τε
1602 827 1661 893 δὴ
1699 829 1760 900 τῇ

93 914 356 987 συμβουλῇ
393 913 601 982 Ξέρξης·
653 913 881 982 λέγουσα
916 916 1011 982 γὰρ
1048 913 1358 982 ἐπετύγχανε
1392 911 1456 965 τά
1493 934 1584 981 περ
1615 912 1764 966 αὐτὸς

21 1018 70 1048 ιο
91 999 244 1051 ἐνόεε.
319 998 443 1052 ὀὐδὲ
482 1001 577 1066 γὰρ
615 1001 658 1052 εἰ
693 997 876 1060 πάντες
913 999 992 1051 καὶ
1029 1002 1189 1051 πᾶσαι
1228 998 1602 1064 συνεβούλευον
1633 997 1762 1069 αὐτῷ

90 1082 275 1149 μένειν,
303 1083 446 1149 ἔμενε
476 1082 538 1136 ἂν
561 1082 750 1137 δοκέειν
776 1083 902 1149 ἐμοί·
949 1083 1076 1135 οὕτω
1102 1081 1492 1150 καταρρωδήκεε.
1561 1082 1760 1135 ἐπαινέ-

92 1190 189 1222 σας
228 1171 281 1221 δὲ
328 1170 420 1234 τὴν
463 1167 785 1239 Ἀρτεμισίην
825 1168 1012 1233 »ταύτην
1056 1170 1148 1234 μὲν
1194 1167 1503 1220 ἀποστέλλει
1537 1167 1764 1234 ἄγουσαν

91 1253 241 1306 αὐτοῦ
277 1253 392 1307 τοὺς
427 1257 606 1308 παῖδας
644 1255 695 1307 ἐς
723 1252 974 1320 Ἔφεσον·
1020 1253 1161 1305 νόθοι
1196 1252 1293 1321 γάρ
1335 1274 1466 1306 τινες
1506 1251 1678 1305 παῖδές
1715 1255 1763 1305 οἱ

92 1339 405 1391 συνείποντο.
473 1337 759 1403 συνέπεμπε
782 1340 836 1390 δὲ
860 1343 992 1389 τοῖσι
1017 1337 1164 1390 παισὶ
1188 1337 1415 1404 φύλακον
1439 1336 1759 1404 Ἑρμότιμον,

21 1442 66 1482 ¹5
91 1421 235 1490 γένος
262 1425 354 1489 μὲν
386 1423 532 1475 ἐόντα
563 1421 821 1488 Πηδασέα,
855 1423 1134 1490 φερόμενον
1165 1424 1218 1475 δὲ
1249 1423 1306 1474 οὐ
1336 1424 1398 1473 τὰ
1430 1422 1634 1488 δεύτερα
1663 1427 1763 1474 τῶν

91 1507 341 1575 εὐνούχων
389 1509 522 1575 παρὰ
568 1506 795 1573 βασιλέϊ·
850 1503 915 1573 [οἱ
962 1510 1016 1560 δὲ
1062 1505 1327 1571 Πηδασέες
1372 1506 1593 1559 οἰκέουσι
1637 1508 1762 1573 ὑπὲρ

87 1583 512 1659 Ἀλικαρνησσοῦ.
603 1594 656 1645 ἐν
698 1594 751 1644 δὲ
791 1596 926 1644 τοῖσι
972 1590 1262 1657 Πηδάσοισι
1300 1591 1524 1644 τούτοισι
1567 1592 1762 1644 τοιόνδε

92 1675 400 1744 συμφέρεται
430 1679 633 1745 πρῆγμα
662 1677 906 1744 γίνεσθαι·
955 1678 1110 1729 ἐπεὰν
1133 1681 1267 1728 τοῖσι
1297 1677 1604 1744 ἀμφικτυόσι
1633 1680 1763 1728 πᾶσι

80 1766 226 1813 ,τοῖσι
272 1761 402 1829 ἀμφὶ
448 1762 627 1826 ταύτης
674 1760 893 1813 οἰκέουσι
940 1765 1028 1827 τῆς
1078 1761 1255 1815 πόλιος
1305 1760 1469 1833 μέλλῃ
1520 1783 1568 1813 τι
1622 1760 1763 1816 ἐντὸς

18 1863 69 1893 20
91 1845 275 1914 χρόνου
314 1846 524 1899 ἔσεσθαι
562 1847 806 1915 χαλεπόν,
839 1846 950 1899 τότε
989 1846 1019 1911 ἡ
1063 1847 1215 1913 ἱερείη
1262 1846 1435 1898 αὐτόθι
1478 1849 1565 1911 τῆς
1609 1845 1760 1911 Ἀθη-

1801 846 1896 896 103
1907 827 1910 830 ⁴

1801 1353 1897 1399 104

92 1931 232 1995 ναίης
263 1930 380 1998 φύει
410 1931 626 1999 πώγωνα
659 1930 834 1998 μέγαν.
922 1935 1066 1982 τοῦτο
1103 1930 1169 1994 δέ,
1188 1937 1284 1998 σφι
1314 1930 1388 1985 δὶς
1418 1930 1509 1996 ἤδη
1542 1930 1760 1998 ἐγένετο.
1779 1951 1812 2003 s

92 2015 146 2066 ἐκ
175 2015 361 2068 τούτων
395 2015 453 2080 δὴ
491 2020 591 2068 τῶν
622 2014 904 2081 Πηδασέων
941 2017 967 2067 6
1002 2015 1304 2083 Ἑρμότιμος
1339 2013 1417 2083 ἦν]
1448 2020 1515 2085 τῷ
1545 2017 1760 2083 μεγίστη

91 2100 224 2153 τίσις
274 2098 365 2165 ἤδη
420 2099 699 2165 ἀδικηθέντι
751 2099 951 2167 ἐγένετο
1002 2099 1204 2153 πάντων
1254 2105 1353 2154 τῶν
1410 2100 1551 2165 ἡμεῖς
1602 2102 1758 2166 ἴδμεν.

91 2183 280 2236 ἁλόντα
315 2186 412 2252 γὰρ
447 2184 596 2237 αὐτὸν
635 2184 731 2238 ὑπὸ
772 2187 1026 2251 πολεμίων
1066 2185 1145 2237 καὶ
1189 2185 1511 2250 πωλεόμενον
1558 2184 1763 2238 ὠνέεται

18 2284 67 2325 25
93 2269 375 2338 Πανιώνιος
411 2268 533 2337 ἀνὴρ
564 2273 703 2329 Χῖος,
737 2268 791 2324 ὃς
825 2269 915 2334 τὴν
954 2271 1067 2335 ζόην
1106 2268 1450 2334 κατεστήσατο
1486 2269 1570 2322 ἀπ’
1603 2270 1761 2337 ἔργων

72 2351 460 2406 ἀνοσιωτάτων·
505 2355 631 2408 ὅκως
660 2356 757 2422 γὰρ
781 2353 1016 2418 κτήσαιτο
1041 2359 1220 2408 παῖδας
1244 2356 1401 2408 εἴδεος
1432 2354 1759 2421 ἐπαμμένους,

89 2436 351 2503 ἐκτάμνων
376 2437 588 2506 ἀγινέων
621 2439 810 2491 ἐπώλεε
841 2441 892 2493 ἐς
916 2438 1096 2506 Σάρδις
1125 2460 1179 2492 τε
1211 2439 1290 2491 καὶ
1306 2437 1542 2505 Ἔφεσον
1563 2438 1760 2507 χρημά·

147 2588 164 2614 1
198 2576 422 2629 Μαρδονίης
444 2577 479 2615 C
591 2589 616 2615 2
648 2579 736 2618 ἐστι
758 2577 793 2616 C
909 2590 935 2627 3
964 2575 1084 2631 (τῶν)
1103 2578 1190 2630 περὶ
1215 2577 1415 2627 Krueger
1526 2579 1553 2617 8
1584 2578 1760 2628 ἐποιήσω

90 2630 126 2669 L
236 2632 286 2681 δὴ
323 2644 405 2671 om.
449 2631 487 2669 R
511 2631 597 2671 SV
771 2645 798 2682 9
842 2632 1070 2685 συμβουλίῃ
1111 2631 1209 2671 ΑΒ
1233 2631 1267 2670 C
1436 2644 1482 2671 11
1527 2631 1685 2683 μενέειν
1725 2634 1760 2672 C

93 2695 140 2722 12
169 2684 262 2737 μὲν]
286 2687 362 2735 τὴν
381 2685 457 2738 μὲν
479 2686 518 2724 R
534 2686 618 2727 SV
801 2699 849 2737 13
879 2687 972 2728 τοὺς
993 2699 1074 2726 om.
1099 2686 1186 2725 AB
1202 2686 1236 2725 C
1425 2699 1473 2736 14
1505 2685 1758 2729 συνέσποντο

143 2739 178 2777 Β
197 2754 206 2778 :
238 2739 460 2782 συνέποντο
482 2742 516 2780 C
646 2744 695 2781 16
724 2743 784 2782 οἴ.
802 2771 811 2781 .
828 2771 836 2781 .
851 2740 901 2789 ἢν
920 2741 1012 2793 (22)
1035 2742 1116 2781 del.
1140 2740 1410 2780 Valckenaer
1536 2754 1582 2790 17
1615 2746 1759 2791 -νησοῦ

89 2793 128 2832 Α
144 2794 178 2833 Β
289 2794 493 2837 τουτέοισι
514 2796 554 2834 Α
568 2796 602 2835 Β
620 2797 653 2834 C
790 2799 838 2835 18
869 2795 1032 2850 φέρεται
1057 2796 1089 2834 Ρ
1104 2796 1141 2835 R
1159 2796 1189 2835 S
1203 2797 1241 2835 V
1355 2796 1598 2847 ἀμφικτύοσι
1622 2797 1660 2835 R
1676 2798 1706 2836 S
1721 2798 1759 2837 V

87 2861 142 2888 20
181 2867 192 2889 ι
195 2850 281 2902 ρείη
318 2850 379 2889 P.
420 2853 434 2891 ἱ
433 2850 504 2904 ρέη
539 2851 674 2890 RSV
853 2863 905 2901 25
948 2851 1093 2892 Παιών.
1133 2850 1273 2890 RSV
1310 2851 1374 2900 (it.
1413 2851 1541 2904 infra)
1655 2851 1789 2902 ζωηιΓ

89 2903 123 2943 C
138 2866 237 2942 Rp}
210 2905 291 2945 SV
398 2906 684 2955 κατεκτήσατο
707 2905 840 2946 Cobet
1025 2919 1075 2956 27
1110 2907 1294 2957 ἐκταμὼν
1318 2906 1479 2945 Reiske
1590 2907 1757 2960 Σάρδιάς

89 2975 134 2999 ’τε
154 2959 262 3001 'cal’
242 2976 281 3002 ες
293 2947 473 3013 Ἔφεσον
495 2961 535 3000 R
550 2961 580 3001 S
593 2962 632 3001 V

567 3097 739 3161 '³1³‘ss
763 3121 861 3166 ‘fal

1799 2035 1892 2084 105
