2034 3328
0 100 96 147 ‚24

29 1318 93 1368 25

23 2229 92 2277 26

749 47 1181 133 HPOAOTOT

136 214 553 283 κατεργάσασθαι,
575 214 776 267 ἀπικνέο
795 237 879 281 μοι
899 214 1108 275 πάντως,
1130 215 1210 268 ἵνα
1228 235 1305 267 τοι
1323 213 1445 266 αὐτὰ
1461 211 1790 281 ὑπερθέωμαι.

133 299 354 351 τούτοισι
392 304 526 351 τοῖσι
566 299 712 351 ἔπεσι
752 300 1026 354 πιστεύσας
1067 301 1094 350 6
1125 299 1361 354 Ἱστιαῖος
1404 298 1484 350 καὶ
1523 297 1624 363 ἅμα
1660 297 1793 366 μέγα

133 383 421 448 ποιεύμενος
465 382 711 449 βασιλέος
756 384 1047 449 σύμβουλος
1084 383 1324 452 γενέσθαι
1368 383 1569 435 ἀπίκετο
1614 384 1665 436 ἐς
1703 384 1792 436 τὰς

134 466 323 533 Σάρδις.
394 466 672 537 ἀπικομένῳ
703 467 758 519 δέ
787 470 832 519 οἱ
864 468 1009 535 ἔλεγε
1033 473 1242 535 Δαρεῖος
1269 466 1402 519 τάδε·
1442 466 1666 526 Ἱστιαῖε,
1692 467 1790 534 ἐγώ

133 571 194 602 σε
227 550 623 618 μετεπεμψάμην
652 554 807 603 τῶνδε
844 552 1047 604 εἵνεκεν·
1093 552 1257 604 ἐπείτε
1286 550 1502 619 τάχιστα
1537 551 1791 616 ἐνόστησα
1814 575 1838 616 5

133 633 230 686 ἀπὸ
270 634 498 686 Σκυθέων
537 635 617 687 καὶ
662 635 727 686 σύ
768 656 853 700 μοι
898 635 1069 702 ἐγένεο
1108 634 1168 701 ἐξ
1201 636 1494 703 ὀφθαλμῶν,
1537 633 1681 686 οὐδέν
1720 656 1790 686 κω

132 716 262 769 ἄλλο
297 721 463 786 χρῆμα
492 720 617 770 οὕτω
650 720 702 771 ἐν
732 718 919 788 βραχέι·
956 718 1236 784 ἐπεζήτησα
1271 719 1336 773 ὡς
1371 721 1432 771 σὲ
1468 720 1590 771 ἰδεῖν
1618 740 1673 771 τε
1708 719 1790 772 καὶ

131 803 182 855 ἐς
224 802 405 869 λόγους
447 824 531 867 μοι
575 801 858 861 ἀπικέσθαι,
901 804 1127 870 ἐγνωκὼς
1170 803 1247 855 ὅτι
1293 801 1550 868 κτημάτων
1590 802 1790 856 πάντων

130 887 241 938 ἐστὶ
275 887 568 951 τιμιώτατον
605 885 727 953 ἀνὴρ
765 888 916 954 φίλος
953 887 1159 940 συνετός
1193 908 1249 939 τε
1286 887 1365 938 καὶ
1401 886 1584 945 εὔνοος,
1614 886 1677 938 τά
1713 909 1791 939 τοι

129 970 227 1036 ἐγὼ
259 970 338 1021 καὶ
367 971 627 1037 ἀμφότερα
658 971 895 1024 συνειδὼς
924 970 1025 1039 ἔχω
1054 969 1342 1038 μαρτυρέειν
1363 972 1414 1024 ἐς
1437 969 1700 1038 πρήγματα
1728 972 1790 1023 τὰ
1817 993 1865 1022 10

131 1052 239 1118 ἐμά.
327 1058 414 1106 νῦν
450 1052 534 1113 ὧν,
574 1054 627 1106 εὗ
665 1056 760 1121 γὰρ
793 1056 1038 1120 >ἐποίησας
1077 1055 1389 1120 ἀπικόμενος,
1427 1053 1543 1108 τάδε
1576 1076 1653 1129 τοι
1689 1057 1789 1122 ἐγὼ

129 1133 461 1203 προτείνομαι·
509 1137 741 1203 Μίλητον
770 1141 862 1203 μὲν
891 1138 949 1191 ἔα
979 1139 1058 1190 καὶ
1088 1138 1178 1204 τὴν
1207 1139 1493 1191 νεόκτιστον
1516 1140 1571 1191 ἐν
1594 1139 1788 1212 Θρηίκῃ

129 1222 293 1280 πόλιν,
321 1222 384 1273 σὺ
414 1221 469 1274 δέ
497 1244 580 1287 μοι
611 1223 851 1288 ἑπόμενος
875 1224 925 1278 ἐς
947 1227 1117 1275 Σοῦσα
1145 1223 1233 1291 ἔχε
1254 1222 1316 1276 τά
1339 1244 1431 1290 περ
1453 1222 1513 1275 ἂν
1538 1223 1636 1290 ἐγὼ
1666 1223 1785 1292 ἔχω,

130 1306 246 1370 ἐμός
269 1327 324 1357 τε
354 1306 597 1359 σύσσιτος
627 1308 722 1358 ἐὼν
747 1306 825 1358 καὶ
856 1307 1164 1373 σύμβουλος.
1228 1311 1381 1359 ταῦτα
1404 1312 1616 1374 Δαρεῖος
1646 1309 1789 1361 εἴπας

131 1389 210 1440 καὶ
245 1388 562 1454 καταστήσας
599 1389 939 1458 Ἀρταφρένεα
977 1391 1227 1459 ἀδελφεὸν
1267 1394 1447 1444 ἑωυτοῦ
1487 1389 1788 1458 ὁμοπάτριον
1813 1413 1861 1454 15

128 1473 354 1542 ὕπαρχον
390 1473 515 1526 εῖναι
550 1474 789 1541 Σαρδίων,
828 1473 1081 1539 ἀπήλαυνε
1118 1477 1169 1528 ἐς
1205 1479 1375 1527 Σοῦσα
1409 1474 1510 1541 ἅμα
1545 1476 1788 1542 ἀγόμενος

128 1556 381 1617 Ἱστιαῖον,
416 1557 629 1609 Ὀτάνεα
665 1561 717 1610 δὲ
749 1558 995 1624 ἀποδέξας
1031 1558 1312 1626 στρατηγὸν
1344 1559 1470 1611 εἶναι
1498 1564 1597 1612 τῶν
1625 1581 1782 1627 παρα-

129 1643 423 1693 θαλασσίων
471 1643 674 1708 ἀνδρῶν,
723 1647 809 1694 τοῦ
858 1642 945 1694 τὸν
992 1642 1181 1710 πατέρα
1231 1642 1490 1708 Σισάμνην
1540 1640 1788 1709 βασιλεὺς

131 1726 411 1790 Καμβύσης
455 1727 722 1792 γενόμενον
769 1731 866 1778 τῶν
912 1729 1198 1792 βασιληίων
1246 1726 1534 1788 δικαστέων,
1583 1728 1662 1780 ὅτι
1705 1727 1788 1779 ἐπὶ

128 1807 352 1876 χρήμασι
387 1811 526 1874 δίκην
556 1809 725 1862 ἄδικον
757 1812 974 1869 ἐδίκασε,
1009 1809 1210 1912 σφάξας
1245 1810 1471 1878 ἀπέδειρε
1500 1815 1667 1864 πᾶσαν
1697 1832 1788 1876 την
1815 1834 1864 1862 20

88 1935 105 1946 ,
130 1892 435 1958 ἀνθρωπεην,
476 1892 720 1962 σπαδίξας
755 1896 809 1946 δὲ
843 1895 992 1947 αὐτοῦ
1026 1895 1084 1946 τὸ
1122 1894 1275 1962 δέρμα
1315 1894 1516 1960 ἱμάντας
1552 1895 1613 1961 ἐξ
1642 1895 1871 1993 αὐτοῦ’(Μ
1877 1889 2034 2035 ΜΞ

131 1976 279 2040 ἔταμε
302 1976 381 2027 καὶ
403 1976 615 2029 ἐνέτεινε
637 1981 723 2029 τὸν
742 1978 967 2044 θρόνον’
945 1999 996 2032 ες
1018 1978 1105 2030 τὸν
1128 1980 1243 2043 ἵζων
1266 1979 1470 2042 ἐδίκαζε·
1516 1979 1788 2034 ἐντανύσας
1783 1947 1871 2033 ’τ

130 2062 182 2111 δὲ
214 2060 240 2110 6
271 2061 548 2125 Καμβύσης
578 2060 785 2126 ἀπέδεξε
819 2062 1058 2126 δικαστὴν
1088 2084 1215 2115 ειναι
1250 2062 1359 2114 ἀντὶ
1388 2068 1476 2114 τοῦ
1505 2062 1784 2128 Σισάμνεω,

129 2142 216 2195 τὸν
246 2144 536 2198 ἀποκτείνας
566 2145 807 2212 ἀπέδειρε,
840 2150 927 2198 τὸν
956 2150 1107 2198 παῖδα
1135 2151 1221 2206 τοῦ
1244 2146 1530 2211 Σισάμνεω,
1564 2146 1784 2200 ἐντειλά-

128 2228 275 2292 μενός
314 2230 360 2279 οἱ
398 2231 680 2293 μεμνῆσθαι
719 2231 774 2281 ἐν
806 2234 873 2299 τῷ
916 2231 1120 2294 κατίζων
1161 2231 1318 2300 θρόνῳ
1360 2230 1557 2295 δικάζει.
1644 2231 1788 2284 οὗτος
1813 2257 1862 2298 25

129 2307 197 2362 ὧν
234 2311 261 2361 6
290 2310 522 2376 Ὀτάνης,
560 2313 587 2362 6
623 2313 996 2379 ἐγκατιζόμενος
1033 2316 1083 2367 ἐς
1118 2318 1294 2366 τοῦτον
1329 2318 1415 2366 τὸν
1452 2315 1645 2381 θρόνον,
1677 2316 1787 2366 τότε

131 2392 360 2462 διάδοχος
382 2395 649 2462 γενόμενος
672 2396 961 2466 Μεγαβάζῳ
986 2400 1072 2461 τῆς
1096 2399 1393 2464 στρατηγίης
1417 2399 1710 2462 Βυζαντίους
1732 2419 1787 2450 τε

132 2479 237 2530 εῗλε
269 2479 347 2530 καὶ
372 2481 760 2546 Καλχηδονίους,
787 2481 891 2532 εῗλε
921 2483 974 2532 δὲ
988 2479 1297 2547 ’Ἄντανδρον
1319 2481 1410 2546 τὴν
1433 2483 1488 2533 ἐν
1510 2490 1570 2554 τῇ
1590 2481 1787 2552 Τρῳάδι

130 2568 211 2635 γῇ,
243 2563 348 2614 εἷλε
376 2564 431 2615 δὲ
460 2563 778 2628 Λαμπώνιον,
810 2564 987 2635 λαβὼν
1017 2566 1070 2615 δὲ
1102 2566 1234 2630 παρὰ
1264 2566 1502 2630 Λεσβίων
1531 2565 1646 2618 νέας
1681 2567 1786 2618 εἷλε

186 2710 205 2736 Ι
237 2697 531 2739 ἆπίκεόΑΒΟ
710 2699 969 2752 4οἱ]γε5;
1003 2713 1084 2739 om.
1117 2700 1253 2740 ABC
1440 2702 1783 2750 5εἵνεκαΑΒΟ

132 2766 153 2802 7
183 2753 451 2846 πρξγὸῧὸν
466 2753 564 2857 t¹301]
584 2752 734 2848 τέδέὸεῧ
756 2754 790 2791 L
865 2821 914 2846 12
945 2754 1195 2850 vegdgovffgoxu
1208 2773 1271 2848 Ἧι
1294 2755 1433 2858 stez}
1465 2834 1476 2839 -
1517 2809 1537 2850 ε’
1560 2770 1630 2852 νεῖ
1650 2759 1783 2850 ἔεδκῧὶ

131 2820 312 2910 (Ιᾞιέῑναι
333 2863 567 2913 στρατηγὸν
586 2862 625 2900 Α
639 2863 673 2900 Β
687 2862 721 2900 C
891 2875 942 2912 19
970 2826 1172 2904 δικαέτῶν
1192 2864 1222 2902 S
1236 2864 1273 2902 V
1288 2864 1326 2902 U
1474 2820 1522 2901 gt
1534 2828 1783 2917 ράνθρωπέην

132 2915 185 2956 G.
207 2915 389 2955 Dindorf
398 2929 407 2954 :
433 2916 573 2965 -πηίην
589 2916 622 2954 L
640 2930 650 2954 τ
679 2915 815 2964 -πείην
830 2915 945 2955 Eust.
965 2916 1012 2956 11.
1029 2929 1110 2967 374
1126 2931 1135 2957 τ
1166 2920 1263 2965 -πῆν
1280 2917 1429 2957 Pollux
1443 2918 1485 2958 ii.
1502 2929 1527 2968 5
1639 2920 1692 2957 26
1711 2920 1783 2960 alt.
1840 2920 1845 2921 ⁷

133 2973 154 3012 6
174 2983 255 3011 om.
280 2969 413 3009 SVU
581 2983 631 3019 27
662 2969 1027 3020 Βιζαντιείουςδν
1138 2972 1205 3024 τε]
1227 2971 1270 3013 δὲ
1293 2972 1326 3011 C
1492 2986 1545 3025 29
1571 2977 1653 3026 γῆν
1676 2974 1710 3012 C
