2124 3346
63 121 91 168 π
122 115 192 180 98

168 269 193 312 3

116 1260 192 1307 99

103 2197 198 2232 100

850 116 1285 164 HPOAOTOT

234 248 331 300 ἀπὸ
379 249 550 300 τούτου
594 248 709 312 ἡμῖν
753 247 844 312 ἤδη
892 245 1119 313 μελήσει.
1207 251 1359 297 ταῦτα
1402 248 1456 298 δὲ
1502 246 1807 299 ἀκούσαντες
1853 249 1901 299 οἱ

235 334 450 385 Παίονες
494 330 646 398 κάρτα
685 353 739 383 τε
781 330 1045 383 ἀσπαστὸν
1087 328 1392 395 ἐποιήσαντο
1433 330 1513 382 καὶ
1554 330 1900 394 ἀναλαβόντες

233 419 408 470 παῖδας
434 415 511 466 καὶ
535 420 766 482 γυναῖκας
790 416 1153 482 ἀπεδίδρησκον
1176 414 1256 482 ἐπὶ
1281 413 1564 466 θάλασσαν·
1610 416 1656 465 οἱ
1687 412 1742 466 δέ
1769 435 1900 469 τινες

234 500 394 551 αὐτῶν
438 500 514 551 καὶ
557 498 844 564 κατέμειναν
886 497 1262 567 ἀρρωδήσαντες
1307 499 1469 550 αὐτοῦ.
1559 499 1720 551 ἐπείτε
1760 501 1814 551 δὲ
1855 501 1900 551 οἱ

236 585 447 636 Παίονες
483 584 733 634 ’ἀπίκοντο
784 583 864 635 ἐπὶ
916 583 1199 642 θάλασσαν,
1251 585 1478 634 ἐνθεῦτεν
1525 584 1575 636 ἐς
1628 584 1754 634 Χίον
1801 582 1897 635 διέ-
1924 606 1947 647 5

234 673 419 733 βησαν.
486 668 669 718 ἐόντων
688 671 739 719 δὲ
760 667 850 731 ἤδη
875 669 927 719 ἐν
948 669 1051 736 Χίῳ
1079 668 1373 720 κατὰ>’πόδας
1398 666 1637 731 ἐληλύθεε
1659 667 1901 733 Περσέων

234 754 382 804 ἵππος
418 750 583 815 πολλὴ
616 752 862 803 διώκουσα
896 752 1010 805 τοὺς
1041 753 1278 804 Παίονας·
1327 750 1391 805 ὡς
1427 753 1480 803 δὲ
1510 751 1566 802 οὐ
1600 750 1898 816 κατέλαβον,

234 835 609 902 ἐπηγγέλλοντο
656 837 706 889 ἐς
750 835 838 899 τὴν
884 837 1008 887 Χίον
1053 841 1185 887 τοῖσι
1225 837 1416 887 Παίοσι
1460 836 1586 889 ὅκως
1632 835 1692 887 ἂν
1738 836 1900 888 ὀπίσω

232 919 513 972 ἀπέλθοιεν.
580 921 625 971 οἱ
655 922 710 971 δὲ
739 922 955 973 Παίονες
986 920 1098 973 τοὺς
1128 920 1309 986 λόγους
1339 919 1425 970 οὐκ
1457 918 1758 979 ἐνεδέκοντο,
1785 919 1901 972 ἀλλ’

231 1007 285 1055 ἐκ
317 1005 442 1055 Χίου
475 1007 568 1068 μὲν
598 1004 717 1055 Χῖοί
750 1010 914 1069 σφεας
950 1005 1001 1057 ἐς
1030 1003 1239 1069 Λέσβον
1268 1003 1475 1071 ἤγαγον,
1509 1003 1727 1070 Λέσβιοι
1763 1007 1815 1057 δὲ
1852 1006 1902 1058 ἐς

235 1089 486 1154 Δορίσκον
520 1088 774 1153 ἐκόμισαν·
825 1090 1049 1140 ἐνθεῦτεν
1079 1090 1133 1140 δὲ
1168 1088 1290 1161 πεζῇ
1322 1090 1632 1155 κομιζόμενοι
1667 1089 1902 1142 ἀπίκοντο

231 1175 282 1225 ἐς
314 1173 575 1236 Παιονίην.

314 1255 676 1323 Ἀρισταγόρης
713 1255 782 1316 δέ,
817 1256 985 1321 ἐπειδὴ
1019 1258 1150 1310 οἵτε
1180 1257 1434 1322 Ἀθηναῖοι
1469 1258 1706 1310 ἀπίκοντο
1743 1259 1903 1310 εἴκοσι

233 1342 392 1405 νηυσί,
433 1339 532 1405 ἅμα
568 1342 805 1407 ἀγόμενοι
841 1340 1135 1408 Ἐρετριέων
1171 1341 1320 1394 πέντε
1355 1340 1598 1410 τριήρεας,
1638 1342 1685 1394 οἳ
1722 1342 1778 1394 οὐ
1813 1342 1904 1407 τὴν

233 1423 511 1489 Ἀθηναίων
546 1424 691 1493 χάριν
728 1426 1085 1492 ἐστρατεύοντο
1121 1428 1256 1478 ἀλλὰ
1291 1426 1381 1491 τὴν
1417 1425 1576 1479 αὐτῶν
1613 1427 1901 1492 Μιλησίων,

233 1509 540 1576 ὀφειλόμενά
578 1516 675 1576 σφι
711 1510 1124 1576 ἀποδιδόντες(οἱ
1160 1513 1255 1578 γὰρ
1285 1510 1343 1575 δὴ
1377 1509 1628 1575 Μιλήσιοι
1665 1512 1903 1578 πρότερον

234 1598 367 1645 τοῖσι
391 1593 699 1660 Ἐρετριεῦσι
726 1598 811 1646 τὸν
837 1596 957 1661 πρὸς
981 1594 1261 1648 Χαλκιδέας
1292 1596 1514 1661 πόλεμον
1540 1594 1900 1661 συνδιήνεικαν,

235 1679 318 1729 ὅτε
365 1699 456 1744 περ
503 1677 579 1729 καὶ
628 1683 933 1731 Χαλκιδεῦσι
980 1681 1123 1732 ἀντία
1166 1679 1477 1747 Ἐρετριέων
1506 1680 1584 1732 καὶ
1632 1681 1904 1746 Μιλησίων

235 1760 412 1827 Σάμιοι
443 1760 718 1827 ἐβοήθεον),
745 1763 879 1814 οὗτοι
910 1760 978 1815 ὧν
1001 1764 1163 1816 ἐπείτε
1188 1771 1286 1831 σφι
1310 1765 1545 1816 ἀπίκοντο
1570 1764 1647 1816 καὶ
1678 1767 1724 1817 οἱ
1753 1763 1904 1816 ἄλλοι

236 1846 491 1913 σύμμαχοι
529 1850 775 1912 παρῆσαν,
815 1846 1036 1899 ἐποιέετο
1078 1849 1348 1915 στρατηίην
1390 1849 1416 1898 ὁ
1451 1848 1814 1916 Ἀρισταγόρης
1853 1850 1905 1902 ἐς

236 1929 429 1996 Σάρδις.
493 1929 638 1983 αὐτὸς
656 1933 747 1995 μὲν
766 1930 823 1995 δὴ
844 1931 929 1983 οὐκ
955 1933 1276 1998 ἐστρατεύετο
1301 1932 1415 1983 ἀλλ’
1435 1933 1576 1997 ἔμενε
1599 1935 1654 1985 ἐν
1674 1931 1902 2002 Μιλήτῳ,

237 2013 545 2080 στρατηγοὺς
580 2016 634 2066 δὲ
671 2014 856 2068 ἄλλους
891 2014 1099 2080 ἀπέδεξε
1132 2018 1402 2080 Μιλησίων
1432 2016 1573 2076 εἶναι,
1606 2016 1693 2069 τὸν
1724 2019 1906 2069 ἑωυτοῦ

235 2119 287 2148 τε
320 2097 566 2165 ἀδελφεὸν
592 2103 876 2165 Χαροπῖνον
907 2099 986 2150 καὶ
1015 2105 1113 2151 τῶν
1142 2099 1314 2151 ἄλλων
1345 2101 1514 2152 ἀστῶν
1535 2100 1902 2167 Ἑρμόφαντον.

237 2182 526 2246 ἀπικόμενοι
556 2184 609 2234 δὲ
638 2189 705 2252 τῷ
739 2183 905 2252 στόλῳ
936 2183 1090 2253 τούτῳ
1106 2185 1279 2238 Ἴωνες
1308 2186 1359 2237 ἐς
1376 2183 1608 2250 Ἔφεσον
1632 2189 1786 2235 πλοῖα
1813 2186 1904 2249 μὲν

240 2264 506 2317 κατέλιπον
552 2267 606 2317 ἐν
650 2270 863 2336 Κορησῷ
912 2270 998 2331 τῆς
1042 2267 1304 2334 Ἐφεσίης,
1351 2268 1487 2319 αὐτοὶ
1533 2270 1586 2319 δὲ
1632 2266 1904 2333 ἀνέβαινον

237 2350 368 2417 χειρὶ
417 2355 601 2421 πολλῇ,
651 2351 933 2414 ποιεύμενοι
980 2350 1251 2416 Ἐφεσίους
1300 2351 1547 2417 ἡγεμόνας
1599 2347 1702 2417 [τῆς
1752 2349 1901 2417 ὁδοῦ].

238 2433 560 2498 πορευόμενοι
604 2435 657 2484 δὲ
701 2435 833 2499 παρὰ
872 2434 1094 2499 ποταμὸν
1137 2434 1432 2501 Καΰστριον,
1476 2436 1700 2487 ἐνθεῦτεν
1741 2436 1904 2487 ἐπείτε

239 2515 546 2582 ὑπερβάντες
581 2516 667 2570 τὸν
696 2521 910 2582 Τμῶλον
948 2519 1199 2577 ἀπίκοντο,
1233 2518 1454 2584 αἱρέουσι
1490 2518 1668 2585 Σάρδις
1706 2519 1905 2572 οὐδενός

242 2606 340 2666 σφι
376 2599 714 2660 ἀντιωθέντος,
755 2600 977 2666 αἱρέουσι
1013 2604 1065 2652 δὲ
1101 2603 1253 2668 χωρὶς
1289 2605 1375 2665 τῆς
1410 2603 1706 2668 ἀκροπόλιος
1741 2602 1906 2653 τᾶλλα

297 2748 322 2785 3
350 2736 474 2777 τέκνα
497 2737 526 2776 S
542 2736 580 2775 V
595 2736 632 2775 U
764 2737 1055 2788 ἀπεδίδρασκον
1078 2738 1108 2777 S
1123 2738 1158 2776 V
1174 2738 1211 2776 U
1406 2752 1431 2788 4
1461 2739 1613 2780 αὐτέων
1634 2738 1716 2778 SV
1838 2739 1903 2779 καὶ

243 2804 324 2830 orn.
349 2791 383 2829 C
577 2803 602 2840 5
633 2789 827 2832 ἀπικέατο
849 2791 930 2830 CP
952 2791 1013 2843 (it.
1045 2805 1107 2841 11,
1132 2805 1195 2841 13,
1222 2792 1288 2843 19)
1501 2794 1528 2830 8
1556 2793 1699 2834 Παίοσι
1718 2805 1799 2832 om.
1825 2792 1904 2831 SV

242 2858 269 2894 9
308 2844 496 2885 ἐδέκοντο
533 2845 669 2883 SVU
892 2858 939 2895 17
982 2847 1221 2895 συνήνεικαν
1253 2846 1390 2885 ABC
1616 2849 1665 2886 18
1704 2848 1792 2888 ἀντὶ
1823 2846 1905 2885 SV

248 2911 298 2948 19
327 2901 363 2938 οἱ
382 2912 463 2938 orn.
491 2899 526 2938 C
685 2911 735 2937 21
769 2901 813 2940 ἐν
833 2899 1006 2952 Μιλήτῳ
1029 2901 1142 2952 ἔμενε
1163 2900 1252 2939 ΑΒ
1270 2901 1303 2939 C
1468 2913 1520 2950 23
1549 2919 1596 2942 τε
1616 2915 1698 2941 om.
1722 2900 1902 2939 PSVU

244 2954 380 2994 ἀστῶν
401 2954 530 2993 ἄλλον
548 2951 635 2991 ΑΒ
651 2953 685 2991 C
921 2965 973 3002 25
1004 2956 1170 3007 Κορῆσῳ
1193 2955 1244 2993 Cc
1266 2957 1398 3008 (Κορρ.
1422 2954 1491 3008 C')
1513 2970 1522 2995 :
1555 2959 1748 3005 Κορησσῶ
1768 2955 1849 2994 SV
1866 2955 1902 2993 U

244 3009 298 3045 26
327 3010 399 3056 τῆς
421 3010 512 3047 ὁδοῦ
534 3020 615 3046 om.
640 3007 672 3045 P
687 3007 818 3046 SVU

1931 1027 1980 1057 10

1931 1452 1977 1492 15

1930 1874 1982 1902 20

1930 2292 1979 2332 25
