2132 3340
43 88 61 101 ⁸
95 121 203 175 vn.

0 267 135 311 υἱιν

49 323 218 359 (Ababa

228 126 295 187 67

226 257 297 318 67

226 1014 297 1062 68

952 122 1383 171 ΗΡΟΔΟΤΟΎ

338 252 557 306 Κάσπιοι
600 255 654 305 δὲ
699 251 940 320 σισύρνας
983 274 1038 304 τε
1089 253 1401 307 ἐνδεδυκότες
1454 251 1534 304 καὶ
1584 251 1707 317 τόξα
1757 251 2000 320 ἐπιχώρια

337 336 585 403 καλάμινα
621 337 822 405 ἔχοντες
859 336 939 389 καὶ
976 335 1237 391 ἆκινάκεας
1275 335 1648 405 ἐστρατεύοντο.
1737 336 1873 388 οὗτοι
1906 338 2000 402 μὲν

335 423 460 474 οὕτω
514 421 831 481 ἐσκευάδατο,
888 422 1111 489 ἡγεμόνα
1162 422 1498 491 παρεχόμενοι
1541 421 1868 489 Ἀριόμαρδον
1911 418 1999 473 τὸν

336 506 605 573 Ἀρτυφίου
656 506 924 574 ἀδελφεόν,
986 505 1242 573 Σαράγγαι
1303 508 1356 559 δὲ
1418 507 1595 572 εἵματα
1647 507 1740 571 μὲν
1796 510 1994 578 βεβαμ-

333 589 459 656 μένα
510 590 714 660 ἔχοντες
760 587 1049 658 ἐνέπρεπον,
1099 588 1280 643 πέδιλα
1323 592 1377 643 δὲ
1421 592 1471 644 ἐς
1515 591 1636 657 γόνυ
1679 590 1999 642 ἀνατείνοντα
2022 613 2045 653 5

335 676 490 745 εἶχον,
530 673 651 739 τόξα
687 678 741 728 δὲ
779 675 858 727 καὶ
894 676 1079 743 αἰχμὰς
1116 674 1358 739 Μηδικάς.
1447 673 1750 742 Σαραγγέων
1785 676 1839 726 δὲ
1874 672 1998 742 ἦρχε

336 759 652 826 Φερενδάτης
710 761 737 810 ὁ
795 758 1117 827 Μεγαβάζου.
1227 758 1453 814 Πάκτυες
1517 761 1570 811 δὲ
1638 758 1998 825 σισυρνοφόροι

334 867 388 896 τε
435 843 567 909 ἦσαν
613 844 692 896 καὶ
730 843 855 909 τόξα
901 844 1145 912 ἐπιχώρια
1192 843 1332 912 εἰχον
1381 844 1461 896 καὶ
1509 845 1796 912 ἐγχειρίδια.
1886 841 1994 893 Πά-

335 950 475 983 κτυες
521 932 573 981 δὲ
618 927 838 997 ἄρχοντα
882 929 1179 997 παρείχοντο
1216 927 1520 996 Ἀρταΰντην
1565 927 1652 980 τὸν
1692 926 1994 994 Ἰθαμίτρεω.

334 1014 509 1065 Οὔτιοι
569 1015 621 1066 δὲ
669 1013 747 1064 καὶ
809 1014 972 1064 Μύκοι
1034 1034 1087 1065 τε
1150 1014 1229 1065 καὶ
1293 1011 1586 1079 Παρικάνιοι
1641 1001 1997 1077 ἐσκευασμένοι
2027 1030 2076 1060 10

336 1097 467 1162 ἦσαν
513 1097 635 1150 κατά
680 1119 772 1164 περ
809 1096 1049 1151 Πάκτυες.
1136 1097 1324 1149 τούτων
1360 1100 1413 1149 δὲ
1449 1096 1607 1166 ἦρχον
1643 1098 1761 1155 οἵδε,
1801 1095 1997 1148 Οὐτίων

334 1185 423 1261 μὲν
477 1182 556 1234 καὶ
602 1181 788 1234 Μύκων
841 1180 1155 1249 Ἀρσαμένης
1208 1183 1235 1232 ὁ
1289 1183 1518 1248 Δαρείου,
1573 1182 1890 1248 Παρικανίων
1942 1182 1997 1233 δὲ

0 1260 295 1374 ffwfgj
336 1268 630 1334 Σιρομίτρης
682 1268 708 1317 ὁ
753 1265 1024 1332 Οἰοβάζου.
1113 1265 1347 1333 Ἀράβιοι
1392 1269 1445 1318 δὲ
1491 1267 1649 1334 ζειρὰς
1692 1263 1997 1331 ὑπεζωμένοι

335 1350 481 1415 ἦσαν,
524 1350 648 1416 τόξα
690 1354 741 1403 δὲ
779 1351 1055 1403 παλίντονα
1103 1351 1242 1419 εἰχον
1283 1349 1597 1420 πρὸξ-δεξιά,
1638 1354 1815 1417 μακρά.
1905 1339 2132 1401 Αἰ-θυίλξ

0 1422 314 1502 pm
335 1437 504 1490 θίοπες
548 1438 602 1488 δὲ
645 1434 928 1502 παρδαλέας
971 1457 1027 1488 τε
1073 1435 1153 1487 καὶ
1191 1434 1426 1501 λεοντέας
1462 1434 1741 1501 ἐναμμένοι,
1784 1431 1907 1498 τόξα
1942 1404 2132 1495 δὲἋυ

0 1521 475 1603 ᾡοθὶῢῦξῢζεῖχον
507 1522 561 1573 ἐκ
594 1519 1050 1590 φοίνικος-σπάθης
1079 1519 1401 1585 πεποιημένα,
1434 1518 1611 1588 μακρά,
1643 1518 1997 1588 τετραπήχεων

333 1605 420 1656 οὐκ
458 1603 683 1664 ἐλάσσω,
717 1605 799 1657 ἐπὶ
835 1607 889 1657 δὲ
926 1606 1226 1671 καλαμίνους
1262 1604 1462 1659 ὀϊστοὺς
1501 1603 1752 1672 σμικρούς,
1792 1603 1904 1656 ἀντὶ
1943 1604 1998 1654 δὲ

333 1689 538 1756 σιδήρου
563 1692 687 1754 ἐπῆν
710 1691 852 1743 λίθος
874 1687 988 1755 ὀξὺς
1023 1687 1369 1755 πεποιημένος,
1395 1694 1462 1759 τῷ
1489 1689 1568 1741 καὶ
1597 1690 1686 1742 τὰς
1715 1690 1998 1756 σφρηγῖδας

333 1774 606 1841 γλύφουσι·
668 1773 788 1841 πρὸς
832 1776 886 1827 δὲ
930 1776 1115 1842 αἰχμὰς
1160 1773 1314 1842 εἶχον,
1352 1774 1432 1826 ἐπὶ
1476 1776 1530 1826 δὲ
1575 1772 1718 1841 κέρας
1762 1771 1998 1839 δορκάδος

333 1860 457 1924 ἐπῆν
489 1857 576 1924 ὀξὺ
607 1857 942 1924 πεποιημένον
970 1859 1154 1925 τρόπον
1183 1859 1393 1927 λόγχης·
1440 1858 1581 1926 εἰχον
1610 1860 1664 1910 δὲ
1687 1856 1774 1908 καὶ
1801 1857 1999 1922 ῥόπαλα
2024 1875 2074 1904 20

332 1942 543 2010 τυλ-ωτά.
634 1947 720 1994 τοῦ
751 1945 802 1994 δὲ
836 1939 1067 2008 σώματος
1096 1942 1154 1994 τὸ
1183 1945 1275 2008 μὲν
1298 1943 1453 2009 ἥμισυ
1484 1942 1818 2010 ἐξηλείφοντο
1847 1940 1996 2010 γύψῳ

336 2028 492 2081 ἰόντες
537 2027 589 2081 ἐς
631 2026 813 2095 μάχην,
861 2027 919 2079 τὸ
963 2030 1015 2079 δὲ
1061 2027 1215 2093 ἥμισυ
1255 2029 1432 2097 μίλτῳ.
1521 2026 1776 2094 Ἀραβίων
1818 2027 1873 2078 δὲ
1918 2024 1998 2076 καὶ

335 2112 590 2165 Αἰθιόπων
627 2116 727 2164 τῶν
766 2113 888 2179 ὑπὲρ
922 2112 1173 2178 Αἰγύπτου
1210 2110 1493 2177 οἰκημένων.
1522 2109 1646 2180 ἦρχε
1676 2108 1933 2177 Ἀρσάμης
1968 2109 1996 2159 ὁ

338 2197 554 2263 Δαρείου
596 2192 697 2263 (τε)
745 2196 824 2247 καὶ
869 2195 1219 2262 Ἀρτυστώνης
1263 2199 1351 2261 τῆς
1398 2196 1561 2263 Κύρου
1605 2195 1860 2262 θυγατρός,
1906 2192 1997 2258 τὴν

334 2281 558 2346 μάλιστα
617 2278 830 2347 στέρξας
881 2286 979 2332 τῶν
1038 2285 1283 2347 γυναικῶν
1335 2284 1547 2347 Δαρεῖος
1605 2279 1719 2332 εἰκὼ
1777 2276 1998 2346 χρυσέην
2024 2295 2073 2335 25

336 2364 663 2433 σφυρήλατον
695 2363 981 2429 ἐποιήσατο.
1056 2370 1154 2417 τῶν
1183 2367 1274 2429 μὲν
1305 2363 1361 2428 δὴ
1393 2366 1515 2430 ὑπὲρ
1545 2363 1798 2431 Αἰγύπτου
1828 2362 1995 2414 Αἰθιό-

389 2517 415 2542 2
445 2503 635 2545 ἀκινάκας
654 2502 743 2542 ΑΒ
758 2503 791 2542 C
809 2502 843 2541 P
952 2503 1056 2543 οὕτω
1076 2501 1164 2541 ΑΒ
1179 2502 1213 2542 C
1334 2515 1360 2551 3
1390 2500 1500 2543 οὗτοι
1521 2500 1610 2540 ΑΒ
1733 2514 1758 2550 4
1785 2499 1998 2554 Ἀρτυβίου

337 2559 377 2598 R
400 2558 431 2599 S
451 2558 491 2597 V
710 2570 735 2608 5
786 2555 1003 2610 ἐνέπρεπον
1043 2557 1213 2609 ἔχοντες
1254 2556 1289 2595 Α
1313 2555 1347 2595 Β
1369 2557 1403 2595 C
1624 2567 1646 2604 7
1686 2553 1930 2608 Μεγαβύζου
1963 2553 1998 2592 Β

334 2627 362 2664 9
391 2613 642 2667 Ἀρταΰντην
663 2612 721 2651 P:
752 2611 979 2665 Ἀρταΰτην
1000 2611 1089 2649 RV
1103 2611 1134 2650 S
1159 2610 1308 2663 ('A—7·p.)
1330 2629 1339 2652 :
1372 2609 1593 2664 Ἀρτύντην
1608 2609 1647 2648 Α
1662 2610 1696 2648 Β
1711 2610 1745 2649 C
1856 2608 1998 2662 'loapdff

335 2685 439 2721 τρεω
464 2667 880 2718 Schweighaeuser:
911 2664 1151 2720 Ἰθαμάτρεω
1175 2665 1288 2706 ΑΒ;
1321 2666 1528 2719 θαμάτρεω
1554 2665 1612 2705 C:
1644 2664 1877 2718 Ἰτραμίτεω
1903 2662 1996 2703 rell.

340 2735 388 2772 13
437 2722 615 2774 Οιβάζου
653 2722 688 2761 C
713 2722 746 2762 P
768 2721 807 2759 R
831 2721 862 2761 S
881 2719 920 2759 V
1085 2722 1220 2774 σειρὰς
1263 2721 1298 2759 C
1465 2719 1733 2771 ὑπεζωσμένοι
1777 2718 1826 2757 Ρι
1850 2718 1889 2756 R
1911 2717 1942 2757 S
1961 2718 1999 2757 V

341 2791 387 2825 14
418 2779 515 2831 πρὸς
536 2807 545 2817 .
570 2807 580 2817 .
607 2806 618 2817 .
643 2777 758 2829 εἶχον
778 2776 867 2827 (16)
887 2788 970 2815 om.
998 2775 1038 2813 R
1054 2775 1136 2815 SV
1245 2774 1460 2829 προσδέξια
1479 2774 1514 2812 L
1679 2786 1727 2823 15
1756 2773 1826 2813 alt.
1852 2772 1895 2813 δὲ
1917 2772 1996 2812 del.

339 2832 539 2882 Krueger
689 2844 736 2881 17
766 2829 937 2884 μακρούς
961 2829 995 2869 C
1011 2829 1067 2869 P:
1101 2829 1261 2882 μικρούς
1282 2830 1374 2869 rell.
1530 2830 1579 2868 18
1608 2828 1718 2869 λίθος
1740 2830 1841 2876 ἐπῆν
1863 2827 1901 2866 R
1915 2826 1999 2866 SV

338 2887 563 2939 σφραγίδας
585 2885 624 2925 R
639 2885 720 2925 SV
839 2903 842 2904 ⁷
913 2897 961 2923 21
995 2883 1127 2937 ’γύψον
1149 2884 1187 2922 R
1205 2884 1286 2924 SV
1487 2895 1540 2923 22
1571 2884 1619 2924 τὸ
1639 2881 1681 2923 δὲ
1705 2881 1997 2931 Kallenberg:

336 2941 385 2981 τὸ
414 2940 459 2981 δὲ
489 2942 595 2981 ἄλλο
624 2939 791 2981 ABC:
839 2939 888 2981 τὸ
916 2939 952 2980 δ’
984 2939 1123 2992 ἕτερον
1153 2937 1438 2991 ΡΚ(δὲ)5ν
1607 2937 1829 2990 Ἀρραβίων
1858 2935 1998 2976 PRV

336 3007 389 3044 24
418 3009 464 3036 τε
483 2994 580 3035 add.
607 2993 731 3034 Stein
