2132 3340
39 82 160 136 vn.
178 62 278 146 '232

178 315 278 362 Q3

171 1825 271 1873 234

942 79 1372 131 HPOAOTOT

315 212 637 279 νοστήσαντα
667 215 720 265 δὲ
745 216 919 264 τοῦτον
943 214 995 267 ἐς
1019 209 1267 278 Σπάρτην,
1298 210 1362 262 ὡς
1384 209 1616 275 ἠτίμωτο,
1643 208 1979 277 ἀπάγξασθαι.

314 300 359 349 οἱ
391 301 444 349 δὲ
475 301 715 362 Θηβαῖοι,
744 301 839 348 τῶν
870 297 897 348 ὁ
927 295 1227 359 Λεοντιάδης
1251 292 1570 362 ἐστρατήγεε,
1595 293 1717 348 τέως
1738 296 1830 359 μὲν
1857 297 1983 360 μετὰ

313 387 413 433 τῶν
462 379 726 445 Ἑλλήνων
778 381 943 434 ἐόντες
995 378 1244 448 ἐμάχοντο
1295 377 1377 431 ὑπ’
1431 378 1700 445 ἀναγκαίης
1751 379 1982 446 ἐχόμενοι

312 464 435 533 πρὸς
467 464 555 529 τὴν
586 463 836 530 βασιλέος
867 462 1122 531 στρατιήν·
1169 463 1234 517 ὡς
1269 465 1324 515 δὲ
1361 462 1491 514 εἶδον
1523 461 1854 530 κατυπέρτερα
1883 468 1982 515 τῶν

315 548 557 616 Περσέων
588 550 826 617 γινόμενα
855 551 917 600 τὰ
946 546 1226 616 πρήγματα,
1253 549 1377 599 οὕτω
1408 545 1484 612 δή,
1510 551 1608 599 τῶν
1633 545 1726 598 σὺν
1756 549 1980 620 Λεωνίδῃ
2005 569 2027 609 5

312 632 578 698 Ἑλλήνων
632 632 968 701 ἐπειγομένων
1021 633 1103 684 ἐπὶ
1154 631 1242 684 τὸν
1290 631 1529 691 κολωνόν,
1580 630 1981 699 ἀποσχισθέντες

313 718 501 770 τούτων
519 717 691 786 χεῖράς
715 739 770 770 τε
791 716 1080 785 προέτεινον
1105 717 1184 771 καὶ
1207 715 1359 781 ἤισαν
1382 716 1548 767 ἆσσον
1567 720 1665 767 τῶν
1682 714 1977 782 βαρβάρων,

312 802 549 869 λέγοντες
585 802 672 854 τὸν
714 801 1059 866 ἀληθέστατον
1098 805 1196 852 τῶν
1231 801 1416 867 λόγων,
1457 800 1522 853 ὡς
1559 794 1676 866 [καὶ]
1716 799 1978 864 μηδίζουσι

315 888 392 938 καὶ
427 889 523 954 γῆν
558 907 614 938 τε
650 886 727 937 καὶ
760 887 889 952 ὕδωρ
932 887 986 937 ἐν
1026 885 1268 952 πρώτοισι
1310 884 1493 936 ἔδοσαν
1529 882 1756 950 βασιλέϊ,
1794 882 1889 936 ὑπὸ
1925 885 1979 935 δὲ

312 972 583 1038 ἀναγκαίης
622 971 852 1038 ἐχόμενοι
891 971 941 1023 ἐς
983 969 1316 1037 Θερμοπύλας
1353 968 1612 1021 ἀπικοίατο
1649 967 1727 1019 καὶ
1767 968 1977 1020 ἀναίτιοι
2005 992 2054 1021 ιο

313 1054 412 1106 εἶεν
445 1059 532 1106 τοῦ
570 1055 825 1122 τρώματος
863 1059 951 1105 τοῦ
993 1053 1260 1121 γεγονότος
1299 1051 1526 1119 βασιλέϊ.
1616 1047 1784 1119 [ὥστε]
1822 1055 1976 1104 ταῦτα

310 1139 547 1206 λέγοντες
587 1138 951 1206 περιεγένοντο·
1005 1138 1145 1206 εἶχον
1179 1139 1275 1205 γὰρ
1317 1138 1397 1189 καὶ
1436 1135 1742 1190 Θεσσαλοὺς
1788 1135 1975 1188 τούτων

310 1227 408 1275 τῶν
437 1224 608 1290 λόγων
636 1222 899 1290 μάρτυρας.
990 1221 1047 1273 οὐ
1081 1220 1250 1287 μέντοι
1287 1220 1348 1273 τά
1384 1242 1444 1288 γε
1477 1219 1640 1272 πάντα
1675 1219 1972 1287 εὐτύχησαν·

311 1307 375 1362 ὣς
406 1309 500 1374 γὰρ
533 1307 707 1360 αὐτοὺς
731 1307 923 1373 ἔλαβον
948 1309 994 1358 οἳ
1017 1305 1271 1373 βάρβαροι
1302 1306 1556 1366 ἐλθόντας,
1580 1303 1692 1356 τοὺς
1722 1302 1815 1369 μέν
1836 1324 1974 1357 τινας

311 1392 391 1443 καὶ
428 1390 720 1444 ἀπέκτειναν
755 1392 1074 1458 προσιόντας,
1113 1389 1226 1443 τοὺς
1262 1392 1315 1441 δὲ
1350 1393 1567 1442 πλεῦνας
1603 1387 1764 1439 αὐτῶν
1802 1388 1970 1439 κελεύ-
2001 1408 2049 1451 15

310 1496 495 1529 σαντος
527 1474 728 1542 Ξέρξεω
761 1475 967 1540 ἔστιξαν
998 1476 1249 1541 στίγματα
1279 1472 1544 1539 βασιλήια,
1580 1470 1845 1539 ἀρξάμενοι
1875 1470 1974 1523 ἀπὸ

308 1564 395 1611 τοῦ
427 1564 707 1627 στρατηγοῦ
731 1558 1055 1618 Λεοντιάδεω,
1081 1563 1167 1609 τοῦ
1189 1558 1276 1610 τὸν
1306 1561 1458 1611 παῖδα
1490 1555 1786 1624 Εὐρύμαχον
1808 1555 1972 1625 χρόνῳ

306 1643 572 1709 μετέπειτα
631 1645 915 1711 ἐφόνευσαν
966 1641 1248 1696 Πλαταιέες
1307 1639 1726 1708 στρατηγήσαντα
1768 1641 1974 1706 »ἀνδρῶν
2021 1647 2023 1649 ’

309 1730 555 1794 Θηβαίων
585 1729 920 1795 τετρακοσίων
953 1727 1030 1779 καὶ
1061 1727 1256 1795 σχόντα
1285 1726 1342 1778 τὸ
1373 1724 1499 1777 ἄστυ
1528 1724 1586 1776 τὸ
1615 1723 1930 1776 Πλαταιέων.

389 1814 457 1864 Οἱ
487 1815 578 1878 μὲν
608 1812 667 1876 δὴ
698 1813 809 1878 περὶ
835 1812 1170 1879 Θερμοπύλας
1184 1808 1441 1875 οΈλληνες
1464 1810 1618 1863 οὕτως
1640 1808 1970 1877 ἠγωνίσαντο,
1997 1828 2049 1858 20

308 1895 503 1963 Ξέρξης
541 1899 595 1948 δὲ
632 1895 852 1950 καλέσας
892 1894 1191 1962 Δημάρητον
1230 1894 1408 1961 εἰρώτα
1446 1892 1718 1962 ἀρξάμενος
1755 1891 1970 1944 ἐνθένδε·

309 1979 592 2048 Δημάρητε,
632 1979 754 2047 ἀνὴρ
791 1979 862 2033 εἷς
901 1980 1103 2047 ἀγαθός.
1191 1980 1515 2046 τεκμαίρομαι
1554 1981 1608 2030 δὲ
1643 1978 1702 2050 τῇ
1743 1978 1969 2048 ἀληθείῃ·

307 2066 406 2116 ὅσα
436 2066 532 2132 γὰρ
564 2063 720 2123 εἶπας,
747 2062 944 2116 ἅπαντα
975 2062 1142 2128 ἀπέβη
1174 2063 1317 2114 οὕτω.
1391 2067 1477 2115 νῦν
1501 2062 1556 2114 δέ
1577 2082 1662 2127 μοι
1680 2060 1805 2125 εἶπέ,
1829 2061 1971 2113 κόσοι

305 2147 437 2203 τινές
469 2150 568 2201 εἶσι
598 2151 644 2201 οἱ
674 2148 843 2201 λοιποὶ
866 2147 1263 2213 Λακεδαιμόνιοι,
1299 2147 1378 2199 καὶ
1406 2147 1593 2199 τούτων
1616 2146 1788 2197 ὁκόσοι
1809 2149 1967 2196 τοιοῦ-

306 2253 383 2284 τοι
412 2234 474 2284 τὰ
503 2231 735 2298 πολέμια,
770 2233 870 2284 εἴτε
901 2231 980 2283 καὶ
1010 2230 1240 2284 ἅπαντες.
1316 2232 1343 2282 ὁ
1373 2233 1427 2283 δὲ
1459 2229 1582 2283 εἶπε·
1627 2228 1702 2281 9Ω
1732 2232 1967 2294 βασιλεῦ,
1995 2244 2045 2288 25

306 2319 498 2381 πλῆθος
526 2319 618 2382 μὲν
648 2315 842 2369 πολλὸν
866 2314 1078 2386 ιπάντων
1112 2320 1211 2367 τῶν
1243 2314 1645 2380 Λακεδαιμονίων
1682 2313 1761 2364 καὶ
1795 2313 1970 2366 πόλιες

306 2401 508 2452 πολλαί·
555 2403 612 2452 τὸ
643 2402 697 2452 δὲ
727 2398 891 2454 θέλεις
914 2401 1161 2465 ἐκμαθεῖν,
1189 2396 1418 2463 εἰδήσεις.
1492 2398 1602 2450 ἔστι
1633 2398 1688 2449 ἐν
1716 2397 1776 2469 τῇ
1805 2399 1966 2448 Λακε-

307 2485 502 2550 δαίμονι
525 2483 732 2551 Σπάρτη
757 2484 904 2537 πόλις
928 2484 1119 2550 ἀνδρῶν
1142 2483 1531 2550 ὀκτακισχιλίων
1553 2480 1792 2547 μάλιστα.
1851 2475 1970 2548 [καὶ]

341 2615 385 2669 ’4
412 2620 607 2673 γινόμενα
624 2625 704 2663 τῶν
720 2620 1060 2675 Hepcre‘vaSV
1170 2632 1195 2669 5
1225 2620 1272 2668 δὴ
1289 2619 1354 2660 καὶ
1376 2618 1508 2660 τῶνΟ
1618 2619 1645 2656 6
1675 2616 1969 2669 ἐπιγενομένων

303 2674 345 2713 Α
366 2675 402 2713 Β
427 2676 462 2715 C
655 2689 678 2725 7
727 2676 883 2717 τούτων
919 2688 1003 2715 om.
1052 2674 1162 2714 Plut.
1206 2686 1310 2712 mor.
1353 2673 1435 2712 866
1583 2671 1819 2725 προέτειναν
1858 2671 1966 2712 Plut.

304 2731 332 2768 8
360 2731 426 2771 καὶ
446 2742 527 2769 om.
553 2730 636 2771 SV
656 2730 763 2770 Plut.
899 2742 945 2768 11
979 2729 1078 2770 εἶναι
1101 2728 1134 2767 Ρ
1149 2728 1188 2766 R
1204 2727 1234 2767 S
1248 2727 1286 2766 V
1395 2726 1591 2775 βασιλέος
1613 2726 1652 2764 R
1668 2726 1749 2766 SV
1859 2727 1967 2767 ὥστε

304 2796 388 2823 om.
423 2783 532 2825 Plut.
548 2798 558 2824 ε
602 2802 650 2826 τε
686 2785 724 2823 R
741 2784 771 2825 S
785 2784 823 2823 V
992 2796 1040 2821 12
1072 2781 1356 2836 περιεγένοντο
1387 2781 1418 2821 S
1430 2780 1485 2821 V¹
1517 2780 1625 2820 Plut.
1648 2794 1658 2820 ε
1690 2780 1966 2832 περιεγίνοντο

305 2837 396 2879 rell.
508 2843 590 2880 τῶν
609 2839 747 2892 λόγων
766 2838 923 2880 τούτων
944 2838 978 2877 Ρ
992 2838 1031 2877 R
1045 2838 1076 2878 S
1088 2837 1128 2877 V
1242 2849 1290 2887 15
1320 2835 1558 2890 προσιόντες
1579 2834 1614 2874 C
1728 2836 1778 2873 16
1805 2835 1968 2887 ἔστιξαν

306 2892 414 2932 Plut.
434 2907 444 2932 ε
484 2892 645 2943 ἔστιζον
681 2894 715 2933 L
904 2906 959 2932 20
994 2891 1242 2945 ἠγωνίζοντο
1280 2891 1320 2930 R
1335 2891 1366 2931 S
1380 2889 1419 2929 V
1600 2902 1653 2939 23
1693 2889 1800 2931 εἶπες
1830 2888 1871 2927 R
1885 2888 1967 2928 SV

304 2948 360 2987 26
386 2947 505 2989 πόλις
523 2947 564 2986 Α
577 2948 611 2987 Β
629 2947 706 2988 PS
724 2961 735 2988 :
764 2947 902 2989 πόλεις
917 2947 952 2987 C
968 2946 1059 2987 RV
1221 2948 1275 2985 28
1304 2946 1369 2987 καὶ
1390 2958 1474 2986 om,
1495 2944 1535 2984 R
1550 2944 1580 2984 S
1592 2943 1657 2984 V:
1686 2959 1736 2998 κῃ
1758 2942 1967 2984 Schaefer
