2132 3340
725 109 1103 158 ιΣΤοΡιΩΝ
1166 109 1215 158 Θ
1471 95 1480 101 ’
1844 109 2102 172 v111.137

132 242 241 293 ε’στὶ
285 242 311 292 6
357 240 665 306 κτησάμενος
708 246 808 293 τῶν
851 241 1157 292 Μακεδόνων
1197 239 1290 304 τὴν
1331 239 1595 305 τυραννίδα
1637 237 1803 306 τρόπῳ

130 329 319 396 τοιῷδε·
365 324 424 390 ἐξ
444 323 654 392 Ἀργεος
685 325 876 392 ἔφυγον
905 326 957 379 ἐς
987 323 1262 392 Ἰλλυριοὺς
1293 329 1389 376 τῶν
1418 321 1650 388 Τημένου
1677 322 1801 374 ἀπο-

129 410 292 477 γόνων
309 414 440 476 τρεῖς
459 410 715 477 ἀδελφεοί,
737 409 958 474 Γαυάνης
975 430 1030 462 τε
1050 410 1129 462 καὶ
1147 407 1390 477 Ἀέροπος
1410 408 1489 460 καὶ
1510 407 1802 474 Περδίκκης,

131 496 185 546 ἐκ
223 496 276 546 δὲ
307 493 567 561 Ἰλλυριῶν
597 494 971 562 ὑπερβαλόντες
1001 495 1054 548 ἐς
1083 492 1173 558 τὴν
1203 492 1304 545 ἄνω
1337 493 1656 557 Μακεδονίην
1688 492 1801 544 ἀπί-

81 607 104 646 5
131 599 275 650 xoquo
311 580 362 632 ἐς
392 579 622 645 Λεβαίην
657 579 823 631 πόλιν.
913 580 1124 631 ἐνθαῦτα
1161 580 1215 631 δὲ
1251 576 1486 643 ἐθήτευον
1522 577 1604 630 ἐπὶ
1639 580 1803 646 μισθῷ
1844 591 1871 624 2

130 665 262 730 παρὰ
305 667 371 733 τῷ
417 663 644 729 βασιλέϊ,
687 664 714 714 6
757 665 849 729 μὲν
890 664 1070 718 ἵππους
1108 661 1287 729 νέμων,
1330 663 1357 713 6
1397 664 1452 715 δὲ
1494 666 1638 727 βοῦς,
1682 662 1707 711 6
1752 663 1805 713 δὲ

130 747 371 802 νεώτατος
402 747 563 800 αὐτῶν
594 749 870 815 Περδίκκης
902 750 962 799 τὰ
993 749 1155 800 λεπτὰ
1186 753 1284 800 τῶν
1315 745 1603 814 προβάτων.
1672 745 1805 811 ἦσαν

129 834 183 885 δὲ
212 831 269 884 τὸ
298 831 454 884 πάλαι
485 833 564 884 καὶ
596 835 645 885 αἱ
676 834 957 900 τυραννίδες
987 837 1085 884 τῶν
1109 832 1383 899 ἀνθρώπων
1415 829 1650 886 ἀσθενέες
1679 829 1801 899 χρή-

127 938 268 982 μασι,
301 917 358 968 οὐ
388 921 568 982 μοῦνον
599 918 625 968 6
658 921 826 983 δῆμος.
897 916 928 982 ἡ
960 919 1014 970 δὲ
1043 916 1164 984 γυνὴ
1195 922 1283 969 τοῦ
1311 915 1561 982 βασιλέος
1591 914 1712 980 αὐτὴ
1744 918 1806 967 τὰ

56 1028 106 1057 10
130 1002 267 1053 σιτία
297 1007 396 1069 σφι
425 1002 632 1055 ἔπεσσε.
713 1003 840 1057 ὅκως
870 1003 924 1054 δὲ
953 999 1131 1073 ὀπτῴη,
1165 1002 1192 1052 6
1221 1000 1367 1069 ἄρτος
1397 1005 1485 1052 τοῦ
1516 1000 1690 1075 παιδὸς
1719 1005 1806 1052 τοῦ
1843 1021 1869 1064 3

131 1087 293 1151 θητός,
320 1092 406 1139 τοῦ
430 1087 732 1154 Περδίκκεω,
759 1085 1025 1151 διπλήσιος
1047 1088 1242 1154 ἐγίνετο
1266 1085 1412 1139 αὐτὸς
1437 1089 1634 1138 ἑωυτοῦ.
1696 1087 1804 1138 ἐπεὶ

129 1174 183 1223 δὲ
213 1172 308 1223 αἰεὶ
330 1171 485 1224 τώυτὸ
508 1176 653 1224 τοῦτο
678 1172 886 1240 ἐγίνετο,
915 1172 1022 1224 εἶπε
1053 1171 1175 1239 πρὸς
1204 1171 1292 1224 τὸν
1315 1170 1470 1237 ἄνδρα
1491 1170 1577 1223 τὸν
1603 1173 1801 1235 ἑωυτῆς.

129 1259 216 1308 τόν
244 1258 301 1309 δὲ
329 1255 615 1309 ἀκούσαντα
646 1259 834 1321 ἐσῆλθε
869 1256 1043 1308 αὐτίκα
1081 1256 1146 1310 ὣς
1180 1257 1254 1321 εἵη
1289 1255 1434 1323 τέρας
1466 1255 1546 1308 καὶ
1577 1254 1723 1323 φέροι
1752 1257 1804 1309 ἐς

126 1339 257 1407 μέγα
284 1362 347 1393 τι.
417 1340 636 1396 καλέσας
664 1344 718 1394 δὲ
743 1340 858 1395 τοὺς
887 1344 1040 1406 θῆτας
1064 1339 1368 1407 προηγόρευέ
1394 1346 1500 1407 σφι
1531 1339 1801 1392 ἀπαλλάσ-

56 1452 102 1494 15
129 1428 310 1477 σεσθαι
343 1427 396 1478 ἐκ
427 1429 520 1492 γῆς
548 1429 635 1490 τῆς
660 1428 857 1478 ἑωυτοῦ.
931 1428 978 1478 οἱ
1003 1428 1056 1478 δὲ
1079 1424 1167 1477 τὸν
1189 1424 1373 1490 μισθὸν
1397 1424 1598 1492 ἔφασαν
1621 1424 1802 1476 δίκαιοι
1839 1440 1868 1483 4

128 1508 254 1561 εἶναι
283 1510 633 1575 ἀπολαβόντες
665 1511 820 1564 οὕτως
850 1509 1050 1575 ἐξιέναι.
1140 1512 1352 1562 ἐνθαῦτα
1383 1510 1409 1560 6
1438 1508 1686 1575 βασιλεὺς
1716 1515 1803 1561 τοῦ

126 1597 307 1659 μισθοῦ
341 1593 454 1661 πέρι
490 1595 723 1654 ἀκούσας,
757 1594 818 1660 ἧν
853 1596 950 1662 γὰρ
988 1596 1111 1647 κατὰ
1148 1594 1239 1659 τὴν
1277 1594 1589 1658 καπνοδόκην
1629 1595 1680 1647 ἐς
1715 1592 1801 1646 τὸν

128 1677 263 1730 οἶκον
299 1678 496 1748 ἐσέχων
534 1681 559 1730 6
594 1680 754 1744 ἥλιος,
787 1679 898 1732 εἶπε
935 1678 1227 1745 θεοβλαβὴς
1264 1679 1530 1746 γενόμενος
1564 1682 1576 1701 ‘
1598 1677 1802 1731 Μισθὸν

128 1765 182 1815 δὲ
213 1764 327 1828 ὑμῖν
350 1764 448 1831 ἐγὼ
479 1763 642 1830 ὑμέων
670 1763 812 1829 ἄξιον
835 1764 980 1817 τόνδε
1009 1763 1320 1829 ἀποδίδωμι,’
1352 1761 1496 1827 δέξας
1528 1762 1614 1814 τὸν
1638 1763 1800 1827 ἥλιον.

55 1872 105 1901 20
128 1848 154 1898 6
183 1849 274 1913 μὲν
297 1849 356 1913 δὴ
382 1833 605 1914 Γαυάνης
635 1871 689 1902 τε
721 1848 800 1900 καὶ
831 1849 857 1899 6
881 1847 1123 1915 Ἀέροπος
1147 1850 1194 1900 οἱ
1217 1848 1553 1914 πρεσβύτεροι
1578 1847 1802 1900 ἔστασαν
1841 1864 1865 1911 5

129 1931 545 1999 ἐκπεπληγμένοι,
571 1934 636 1988 ὡς
665 1932 888 1998 ἤκουσαν
919 1937 1088 1985 ταῦτα·
1135 1933 1162 2006 6
1190 1935 1245 1986 δὲ
1276 1938 1408 1992 παῖς,
1433 1932 1677 2000 ἐτύγχανε
1706 1934 1801 2000 γὰρ
1872 1974 1875 1975 ⁷

129 2017 260 2086 ἔχων
282 2016 548 2086 μάχαιραν,
571 2019 712 2071 ε’ίπας
735 2017 852 2070 τάδε
873 2019 1178 2083 “Δεκόμεθα,
1205 2016 1243 2068 ὦ
1264 2021 1504 2082 βασιλεῦ,
1531 2018 1592 2068 τὰ
1615 2015 1801 2075 διδοῖς,’

130 2101 428 2170 περιγράφει
462 2111 522 2176 τῇ
557 2104 778 2174 μαχαίρῃ
815 2105 866 2157 ἐς
902 2102 959 2154 τὸ
995 2102 1181 2169 ἔδαφος
1217 2107 1303 2153 τοῦ
1344 2103 1480 2153 οἴκου
1514 2100 1601 2154 τὸν
1638 2101 1798 2166 ἥλιον,

129 2185 445 2254 περιγράψας
478 2186 548 2247 δέ,
589 2189 640 2240 ἐς
675 2186 763 2240 τὸν
802 2187 991 2239 κόλπον
1026 2186 1131 2254 τρὶς
1171 2184 1483 2256 ἀρυσάμενος
1517 2190 1603 2237 τοῦ
1637 2186 1963 2251 &Momm
2003 2191 2114 2238 Mi«-

55 2292 103 2332 25
131 2270 496 2324 ἀπαλλάσσετο
545 2271 691 2325 αὐτός
737 2293 792 2324 τε
841 2272 921 2324 καὶ
968 2274 1014 2324 οἱ
1061 2270 1167 2338 μετ’
1216 2272 1419 2324 ἐκείνου.
1514 2272 1561 2323 οἱ
1607 2272 1699 2336 μὲν
1742 2269 1800 2334 δὴ
1839 2208 1993 2330 Ῑξῖἆ
2010 2242 2132 2285 '⁸⁰⁸⁸‘

185 2427 210 2453 Ω
239 2410 484 2464 Ἰλλυρικοὺς
516 2412 654 2452 RSV
818 2414 998 2461 Τημενοῦ
1028 2409 1215 2449 ABCP
1436 2422 1462 2459 3
1496 2408 1690 2461 Περδίκης
1721 2407 1801 2447 CS

129 2480 153 2516 4
194 2471 268 2509 ἐκ.
297 2499 305 2508 .
327 2498 337 2509 .
363 2468 553 2509 ἀπίκοντο
596 2470 636 2508 ἐς
679 2479 761 2507 om.
797 2466 830 2504 C
944 2464 1139 2519 ’Ῑλλύρων
1179 2464 1219 2503 R
1336 2462 1665 2516 ὑπερβαλλόντες
1705 2462 1740 2501 Β
1762 2462 1802 2501 V

131 2534 153 2572 7
194 2524 385 2576 νεώτερος
417 2522 456 2560 R
592 2522 799 2575 ’Περδίκης
830 2522 863 2560 C
882 2521 967 2559 SV
1114 2519 1220 2568 ἦσαν
1247 2550 1257 2561 .
1289 2549 1297 2558 .
1328 2549 1337 2558 .
1369 2522 1492 2570 δῆμος
1523 2523 1620 2569 post
1650 2517 1799 2558 ἔπεσσε

130 2583 290 2628 transp.
325 2577 448 2617 Stein
671 2577 696 2614 8
736 2575 801 2628 δὲ]
830 2578 909 2630 ’γὰρ
937 2575 978 2614 Α
995 2575 1030 2614 Β
1049 2575 1082 2614 C
1101 2574 1135 2613 P
1348 2587 1375 2624 9
1413 2573 1538 2624 μόνον
1567 2571 1801 2612 CPRSV

130 2640 205 2684 σφι
233 2634 286 2673 τὰ
316 2632 426 2674 σιτία
456 2632 496 2671 R
514 2632 544 2672 S
559 2633 599 2672 V
755 2644 805 2671 10
835 2630 957 2671 ἔπεσε
986 2630 1042 2668 A¹
1061 2630 1095 2669 C
1114 2629 1154 2668 R
1305 2627 1524 2680 ὂπτῶ<ι)το
1555 2627 1589 2666 C
1606 2626 1639 2665 P
1657 2626 1697 2666 R
1715 2626 1746 2665 S
1761 2626 1801 2664 V

134 2699 179 2726 11
227 2689 300 2728 τοῦ
339 2700 421 2727 om.
456 2687 497 2726 A
517 2687 552 2726 B
573 2688 608 2726 C
792 2686 991 2739 Περδίκεω
1032 2684 1087 2723 Al
1106 2685 1139 2722 C
1158 2684 1197 2722 R
1217 2684 1247 2723 S
1262 2684 1303 2722 V
1497 2680 1663 2735 ἐγένετο
1702 2681 1735 2720 C
1759 2680 1799 2719 R

134 2754 183 2781 12
219 2740 383 2795 ἐγένετο
413 2742 447 2780 C
672 2754 721 2790 13
762 2743 802 2782 ἐς
830 2753 912 2780 om.
947 2739 1136 2778 ABCP
1362 2749 1410 2787 15
1444 2739 1523 2790 γῆς
1552 2749 1633 2776 om.
1664 2735 1801 2775 RSV

131 2796 289 2849 ἔφασαν
308 2798 382 2838 τὸν
398 2798 544 2848 μισθὸν
565 2797 665 2838 εἶναι
685 2796 837 2837 δίκαιον
859 2795 938 2846 (sic
962 2795 995 2833 L
1017 2793 1182 2844 omnes)
1207 2794 1247 2832 R
1264 2792 1345 2832 SV
1492 2793 1540 2830 16
1570 2789 1798 2838 ἀπολαβόν-

129 2867 202 2892 τας
224 2852 263 2890 R
278 2851 309 2891 S
458 2863 507 2901 19
534 2852 629 2892 τόδε
651 2851 685 2890 C
797 2850 925 2902 δείξας
948 2849 982 2887 L
1130 2862 1186 2888 20
1212 2847 1282 2887 alt.
1308 2851 1329 2889 6
1349 2860 1432 2887 om.
1457 2846 1497 2885 R
1514 2846 1596 2886 SV
1706 2862 1800 2898 πρε·

130 2904 331 2953 σβύτατοι
352 2906 392 2946 R
406 2905 487 2945 SV
708 2918 761 2945 22
790 2904 888 2946 τάδε
915 2902 990 2946 ὧδε
1018 2902 1222 2957 δεχόμεθα
1242 2901 1283 2942 Α
1299 2901 1333 2941 Β
1348 2901 1382 2941 C
1548 2900 1744 2949 βασιλεὺς
1765 2898 1798 2938 C

129 2971 183 3011 25
214 2961 350 3003 ἐκείνω
375 2961 467 3001 RV
