2118 3354
704 123 1075 178 ΙΣΤΟΡΙΩΝ
1139 131 1178 178 Ζ
1809 134 1984 183 V1.26

103 258 412 312 ἐκπλεούσας
442 260 496 310 ἐκ
533 263 620 311 τοῦ
658 261 858 313 Πόντου
895 259 1257 329 ἐξαγγέλλεται
1291 263 1352 313 τὰ
1390 262 1501 329 περὶ
1539 262 1768 326 Μίλητον

103 343 363 411 γενόμενα.
437 345 498 395 τὰ
527 347 620 409 μὲν
650 344 708 409 δὴ
740 345 852 412 περὶ
875 344 1258 410 Ἑλλήσποντον
1292 346 1474 414 ἔχοντα
1504 344 1768 413 πρήγματα

101 427 352 495 ἐπιτρέπει
399 428 622 501 Βισάλτῃ
664 428 1083 498 Ἀπολλοφάνεος
1124 432 1259 483 παιδὶ
1301 430 1579 501 Ἀβυδηνῷ,
1623 430 1768 484 αὐτὸς

101 515 154 565 δε
199 513 332 580 ἔχων
376 515 630 579 Λεσβίους
677 516 727 567 ἐς
776 516 900 566 Χίον
949 515 1111 573 ἔπλεε,
1163 515 1241 566 καὶ
1291 517 1427 567 Χίων
1477 515 1665 586 φρουρῇ
1713 513 2118 598 OQM&

53 625 75 665 5
102 597 408 670 προσιεμένῃ
449 620 543 664 μέν
588 598 843 664 συνέβαλε
889 601 944 651 ἐν
990 600 1224 651 Κοίλοισι
1285 599 1631 665 καλεομένοισι
1682 603 1769 664 τῆς

102 683 229 747 Χίης
273 680 452 751 χ’ώρης.
539 684 726 736 τούτων
771 705 846 748 τε,
870 683 928 748 δὴ
974 684 1219 786 ἐφόνευσε
1264 684 1496 751 συχνούς,
1546 684 1623 735 καὶ
1670 688 1767 736 τῶι·
1808 707 1833 737 2

101 771 294 819 λοιπῶν
337 768 490 827 Χίων,
537 769 617 820 οἷα
665 768 724 834 δὴ
773 767 1125 834 κεκακωμένων
1173 770 1226 820 ἐκ
1273 771 1360 833 τῆς
1405 770 1694 836 ναυμαχίης,
1742 770 1768 818 6

101 850 335 906 Ἱστιαῖος
383 852 516 920 ἔχων
562 853 676 907 τοὺς
725 854 980 918 Λεσβίους
1031 851 1353 920 ἐπεκράτησε,
1403 854 1457 904 ἐκ
1508 854 1769 920 Πολίχνης
1815 914 1854 940 ι
1866 860 2061 934 39²&

101 938 190 1002 τῆς
234 937 370 989 Χίων
411 938 711 1004 ὁρμώμενος.
803 937 970 1004 φιλέει
1015 937 1069 990 ὃέ
1110 959 1205 991 κως
1249 938 1625 1004 προσημαίνειν,
1671 937 1753 988 εὖτ
1755 915 1867 997 ‘³27

29 1046 79 1076 10
102 1020 164 1074 ἂν
203 1020 369 1093 μέλλῃ
408 1020 606 1088 μεγάλα
647 1024 770 1074 κακὰ
807 1018 837 1086 ἢ
876 1023 996 1074 πόλι
1038 1017 1068 1086 ἢ
1109 1021 1241 1074 ἔθνει
1281 1022 1507 1074 ἔσεσθαι·
1554 1021 1634 1072 καὶ
1674 1023 1769 1088 γὰρ

102 1107 278 1158 Χίοισι
301 1099 398 1174 πρὸ
418 1107 608 1159 τούτων
632 1105 820 1173 σημήια
850 1106 1048 1174 μεγάλα
1073 1106 1289 1173 ἐγένετο.
1376 1110 1522 1158 τοῦτο
1550 1105 1643 1171 μέν
1673 1112 1770 1172 σφι
1807 1124 1830 1155 2

102 1189 339 1258 πέμψασι
382 1193 434 1244 ἐς
480 1191 718 1260 Δελφοὺς
767 1191 922 1259 χορὸν
967 1190 1200 1256 νεηνιέων
1245 1189 1421 1243 ἑκατὸν
1468 1190 1554 1241 δύο
1597 1194 1771 1254 μοῦνοι

102 1277 292 1328 τούτων
323 1275 838 1341 ἀπενόστησανγτοὺς
867 1278 919 1327 δὲ
945 1275 1072 1327 ὀκτώ
1096 1296 1149 1327 τε
1175 1276 1252 1327 καὶ
1285 1273 1581 1339 ἐνενήκοντα
1610 1274 1770 1326 αὐτῶν

102 1364 276 1426 λοιμὸς
310 1360 587 1425 ὑπολαβὼν
621 1360 874 1426 ἀπήνεικε·
919 1365 1064 1412 τοῦτο
1096 1362 1147 1411 δὲ
1181 1362 1234 1411 ἐν
1263 1360 1322 1431 τῇ
1354 1360 1475 1410 πόλι
1505 1358 1591 1410 τὸν
1621 1358 1770 1410 αὐτὸν

32 1467 79 1509 15
102 1448 276 1498 τοῦτον
304 1445 503 1513 χρόνον,
539 1446 717 1512 ὀλίγον
753 1444 848 1512 πρὸ
881 1447 968 1510 τῆς
1003 1445 1293 1513 ναυμαχίης,
1327 1442 1471 1496 παισὶ
1507 1442 1770 1510 γράμματα

102 1528 507 1595 διδασκομένοισι
542 1528 750 1582 ἐνέπεσε
774 1529 804 1594 ἡ
830 1528 1004 1596 στέγη,
1032 1529 1164 1581 ὥστε
1188 1528 1272 1580 ἀπ’
1299 1531 1474 1580 ἑκατὸν
1497 1529 1578 1579 καὶ
1610 1529 1769 1579 εἴκοσι

103 1615 294 1666 παίδων
324 1615 393 1668 εἷς
422 1618 602 1679 μοῦνος
632 1613 877 1681 ἀπέφυγε.
964 1617 1118 1665 ταῦτα
1145 1612 1237 1679 μέν
1269 1618 1367 1679 σφι
1397 1610 1586 1677 σημήια
1608 1613 1634 1661 6
1659 1615 1769 1665 θεὸς
1806 1627 1831 1670 3

103 1697 352 1765 προέδεξε,
389 1701 513 1764 μετὰ
549 1700 602 1750 δὲ
638 1702 790 1750 ταῦτα
825 1698 854 1763 ἡ
893 1699 1139 1767 ναυμαχίη
1181 1699 1516 1763 ὑπολαβοῦσα
1557 1697 1607 1750 ἐς
1647 1696 1768 1762 γόνυ

103 1782 195 1848 τὴν
235 1784 385 1835 πόλιν
425 1782 599 1848 ἔβαλε,
626 1784 707 1835 ἐπὶ
749 1785 802 1834 δὲ
841 1783 901 1854 τῇ
943 1783 1191 1853 ναυμαχίῃ
1232 1780 1495 1848 ἐπεγένετο
1534 1779 1767 1833 Ἱστιαῖος

32 1888 84 1918 20
105 1868 360 1933 Λεσβίους
399 1866 552 1934 ἄγων·
610 1865 963 1931 κεκακωμένων
1006 1868 1059 1918 δὲ
1099 1870 1198 1918 τῶν
1239 1866 1376 1917 Χίων
1417 1864 1766 1931 καταστροφὴν

105 1950 348 2006 εὐπετέως
372 1951 532 2004 αὐτῶν
555 1950 845 2015 ἐποιήσατο.
925 1952 1151 2003 ἐνθεῦτεν
1183 1952 1235 2002 δὲ
1266 1951 1292 2000 6
1322 1948 1559 2003 Ἱστιαῖος
1589 1950 1765 2014 ἐστρα-
1804 1948 1867 1994 28

105 2035 274 2088 τεύετο
327 2036 407 2088 ἐπὶ
461 2034 642 2087 Θάσον
700 2035 836 2102 ἄγων
892 2034 1072 2087 Ἰώνων
1125 2034 1204 2086 καὶ
1257 2032 1482 2095 Αἰολέων
1535 2033 1765 2100 συχνούς.

105 2119 473 2190 περικατημένῳ
515 2119 570 2172 δέ
611 2122 658 2172 οἱ
701 2118 881 2171 Θάσον
919 2117 1042 2184 ἦλθε
1080 2120 1297 2186 -ἆγγελίη
1345 2118 1410 2171 ὡς
1450 2119 1496 2169 οἱ
1537 2117 1767 2169 Φοίνικες

105 2204 413 2258 ἀναπλέουσι
445 2205 499 2255 ἐκ
529 2207 617 2269 τῆς
647 2202 878 2268 Μιλήτου
903 2203 984 2255 ἐπὶ
1014 2202 1106 2267 τὴν
1135 2202 1298 2267 ἄλλην
1330 2202 1539 2266 Ἰωνίην.
1616 2201 1764 2252 πυθό-

34 2309 82 2350 25
104 2310 253 2355 μενος
287 2291 342 2342 δὲ
376 2292 548 2340 ταῦτα,
566 2287 748 2340 Θάσον
780 2290 875 2353 μὲν
915 2287 1195 2354 ἀπόρθητον
1234 2288 1414 2345 λείπει,
1447 2285 1592 2339 αὐτὸς
1627 2287 1685 2337 δὲ·
1718 2286 1768 2337 ἐς

105 2373 194 2438 τὴν
250 2371 463 2439 Λέσβον
519 2372 751 2440 ἠπείγετο
811 2371 957 2439 ἅγων’
1005 2375 1175 2423 πᾶσαν
1233 2371 1324 2435 τὴν
1375 2368 1626 2437 στρατιήν.
1714 2371 1767 2420 ἐκ
1807 2384 1832 2416 2

106 2455 314 2524 Λέσβου
349 2459 404 2510 δὲ
444 2457 772 2533 λιμαρούσης
812 2459 857 2508 οἱ
897 2459 986 2520 τῆς
1028 2458 1263 2522 στρατιῆς
1298 2454 1459 2522 πέρην
1498 2449 2118 2571 διαβαίνει,ὁιι-(»(··ἶίξ;ἱῖἷ<·ι

164 2608 182 2634 1
213 2593 475 2637 ἐκπλωούσας
490 2594 531 2634 R
546 2593 576 2633 S
590 2593 629 2632 V
725 2594 801 2643 τὴν
817 2593 1003 2642 Μίλητον
1020 2592 1054 2631 C
1070 2591 1187 2632 solus
1298 2604 1326 2641 3
1356 2591 1564 2644 ἐπιτράπει
1582 2590 1615 2629 Ρ
1630 2591 1670 2630 R
1686 2591 1716 2630 S
1729 2592 1768 2630 V

105 2649 356 2703 Ἀβυδινῶ(ι)
379 2649 415 2689 Β
428 2649 469 2688 R
483 2648 513 2688 S
526 2649 565 2688 V
687 2660 713 2697 5
745 2647 1001 2695 συνέβαλλεν
1020 2646 1059 2686 V
1177 2648 1205 2686 6
1232 2664 1279 2687 τε
1301 2660 1382 2685 om.
1409 2646 1439 2685 S
1453 2647 1490 2685 V
1601 2645 1766 2698 ἐφόνευε

107 2705 147 2745 R
160 2705 190 2744 S
204 2704 243 2744 V
354 2717 376 2755 7
408 2706 457 2754 δὴ
478 2717 560 2743 om.
583 2701 623 2742 A
637 2702 672 2742 B
687 2702 722 2741 C
832 2703 858 2741 8
887 2702 1118 2754 πολίσχνης
1137 2706 1220 2743 τῶν
1240 2701 1346 2742 Χίων
1367 2701 1405 2739 R
1422 2700 1452 2739 S
1465 2701 1503 2739 V
1617 2714 1665 2739 10
1700 2713 1765 2750 pr.

66 2770 75 2779 ·
103 2762 130 2810 ἡ
149 2772 231 2801 om.
256 2760 298 2799 A
313 2760 349 2800 Β
364 2760 398 2798 C
513 2758 632 2799 πόλει
654 2757 687 2797 C
703 2757 737 2796 P
751 2756 791 2795 R
804 2757 842 2796 V
1010 2769 1057 2806 13
1088 2759 1212 2798 ἐννεν.
1239 2755 1277 2793 R
1404 2754 1557 2796 αὐτέων
1577 2755 1617 2794 Α
1633 2755 1667 2793 Β
1681 2755 1716 2794 C
1732 2755 1766 2794 P

109 2827 157 2865 14
185 2814 304 2856 πόλει
327 2814 360 2853 L
548 2825 597 2863 15
627 2812 755 2865 ὄλίγω
777 2812 807 2850 S
821 2811 900 2864 [V]
1091 2812 1140 2850 16
1169 2811 1314 2852 ἔπεσεν
1338 2809 1375 2848 R
1390 2810 1420 2849 S
1434 2809 1470 2848 V
1595 2810 1661 2851 ἀπ’
1681 2823 1765 2850 om.

109 2869 146 2908 R
161 2869 244 2910 SV
466 2869 516 2907 18
562 2866 777 2919 προσέδεξε
817 2867 856 2905 R
870 2865 952 2906 SV
1172 2878 1226 2904 20
1272 2866 1337 2906 καὶ
1376 2880 1515 2906 κεκακ.
1545 2863 1589 2904 δὲ
1630 2863 1670 2903 R
1685 2864 1767 2903 SV

107 2937 153 2963 21
186 2923 339 2966 αὐτέων
359 2922 398 2963 Α
414 2923 448 2963 Β
463 2923 498 2962 C
647 2922 890 2971 ἐποιήσαντο
909 2920 950 2959 Α
965 2920 999 2959 Β
1164 2932 1217 2959 22
1248 2921 1358 2972 ἄγων
1374 2950 1383 2958 .
1404 2950 1411 2958 .
1431 2950 1440 2958 .
1460 2918 1596 2960 Θάσον
1617 2931 1701 2957 οῐη.
1725 2918 1782 2957 R·

107 2993 157 3028 24
189 2979 441 3027 ἀναπλώουσι
465 2977 550 3017 PR
567 2976 650 3018 SV
776 2977 830 3015 26
860 2979 904 3017 ἐκ
923 2974 1104 3027 Λέσβου]
1130 2977 1170 3018 ἐς
1189 2974 1349 3022 Λέσβον
1371 2973 1404 3012 C
1553 2986 1603 3023 27
1635 2981 1766 3025 λιμαι-

106 3034 250 3084 νούσης
272 3033 460 3073 Reiske:
491 3031 768 3084 δειμαινούσης
791 3032 823 3071 L
