2132 3340
0 66 203 151 r11j134
858 82 1287 139 ΗΡΟΔΟΤΟΎ·

177 242 202 274 2
244 219 430 292 ἑκάστῃ
460 221 557 285 νηί.
646 219 953 286 ἐπεβάτευον
988 223 1042 273 δὲ
1079 220 1162 272 ἐπὶ
1196 219 1411 272 τουτέων
1446 234 1546 273 τῶν
1581 230 1721 281 νεῶν,
1759 224 1912 292 χωρὶς

243 304 468 358 ἑκάστων
492 309 590 357 τῶν
623 306 903 373 ἐπιχωρίων
935 304 1235 371 ἐπιβατέων,
1263 304 1504 371 Περσέων
1534 327 1587 358 τε
1617 307 1698 358 καὶ
1723 305 1912 372 Μήδων

245 390 323 441 καὶ
354 389 554 441 Σακέων
584 388 846 457 τριήκοντα
875 389 1064 457 ἄνδρες.
1154 390 1295 443 οὗτος
1332 389 1489 444 ἄλλος
1518 391 1912 458 ὅμιλοςγίνεται

243 474 524 541 τρισμύριοι
556 475 636 526 καὶ
673 473 1010 542 ἑξακισχίλιοι
1042 474 1121 526 καὶ
1153 473 1276 542 πρὸς
1307 475 1556 540 διηκόσιοί
1580 496 1635 527 τε
1667 476 1746 528 καὶ
1776 474 1908 528 δέκα.

178 578 203 622 3
244 557 516 626 προσθήσω
549 558 590 609 δ’
615 558 687 610 ἔτι
716 558 872 610 τούτω
906 559 984 610 καὶ
1014 565 1081 629 τῷ
1113 557 1334 629 προτέρῳ
1367 560 1554 629 ἇριθμῷ
1584 560 1698 614 τοὺς
1729 562 1783 611 ἐκ
1812 566 1912 613 τῶν
1936 587 1960 626 5

0 641 660 745 ἢωπεντηκοντέρων,
695 665 759 695 πο
751 665 926 713 -ῃσας,
966 645 994 695 ὅ
1029 665 1076 695 τι
1111 643 1267 696 πλέον
1303 642 1364 708 ’ἧν
1401 644 1562 695 αὐτῶν
1599 639 1628 711 ᾖ
1666 636 2132 758 ἕλασσον,ωᾷ“ίξιιαι

244 729 304 779 ἀν
307 727 625 795 ’ὀγδώκοντα
644 727 865 795 ἄνδρας
844 749 1043 780 ενειναι.
1112 727 1396 796 συνελέχθη
1417 731 1470 780 δὲ
1488 733 1641 779 ταῦτα
1659 730 1720 780 τὰ
1739 734 1909 789 πλοῖα,

245 813 309 865 ὡς
340 812 420 863 καὶ
450 813 692 880 πρότερον
723 811 903 880 εἰρέθη,
934 813 1213 888 ‘rpwxasRtQ
1296 811 1387 877 ἤδη
1420 810 1489 864 ὡν
1519 812 1747 880 ἄνδρες
1722 835 1784 866 αν
1814 835 1913 866 ειεν

178 913 205 955 4
245 898 297 948 ἐν
321 896 518 949 αὐτοῖσι
541 896 781 964 τέσσερες
803 896 1033 965 μυριάδες
1058 899 1136 950 καὶ
1162 899 1339 949 εἴκοσι.
1405 901 1550 948 τοῦτο
1572 898 1665 963 μὲν
1687 896 1746 962 δὴ
1769 897 1827 949 τὸ
1857 899 1912 950 ἐκ

243 985 329 1046 τῆς
354 981 532 1046 Ἀσίης
555 981 783 1034 ναυτικὸν
807 981 884 1047 ἧν,
911 981 1113 1047 σύμπαν
1138 981 1221 1033 ἐὸν
1247 979 1555 1046 πεντήκοντα
1575 980 1807 1049 μυριάδες
1832 983 1912 1035 καὶ
1939 1005 1990 1034 10

243 1067 347 1130 μία,
380 1065 607 1135 χιλιάδες
636 1088 690 1119 τε
727 1065 894 1118 ἔπεισι
931 1067 1012 1119 ἐπὶ
1042 1066 1254 1139 ταύτῃσι
1291 1067 1416 1118 ἑπτὰ
1449 1066 1526 1118 καὶ
1557 1065 1678 1134 πρὸς
1710 1069 1908 1121 ἑκατον·

244 1149 387 1222 τάδες
420 1149 478 1215 ἓξ
505 1151 584 1203 καὶ
614 1149 774 1204 δεκάς.
863 1155 950 1202 τοῦ
980 1153 1033 1203 δὲ
1065 1152 1212 1216 πεζοῦ
1244 1148 1591 1217 ἑβδομήκοντα
1626 1150 1706 1203 καὶ
1736 1151 1914 1205 ἑκατὸν

243 1234 473 1302 μυριάδες
498 1234 747 1302 ἐγένοντο,
767 1240 865 1287 τῶν
890 1238 943 1288 δὲ
965 1234 1156 1288 ἱππέων
1179 1236 1307 1287 ὀκτὼ
1330 1234 1576 1303 μυριάδες.
1634 1235 1912 1303 προσθήσω

245 1319 287 1371 δ’
312 1320 385 1372 ἔτι
413 1320 637 1371 τούτοισι
665 1322 753 1374 τὰς
785 1318 1035 1386 καμήλους
1064 1320 1178 1374 τοὺς
1210 1319 1510 1374 ἐλαύνοντας
1531 1319 1802 1387 Ἀραβίους
1833 1321 1914 1373 καὶ

244 1404 357 1458 τοὺς
387 1407 449 1456 τὰ
479 1403 673 1472 ἅρματα
696 1406 905 1471 Λίβυας,
932 1407 1123 1469 πλῆθος
1154 1403 1367 1469 ποιήσας
1397 1405 1683 1472 δισμυρίους
1714 1404 1910 1474 ἄνδρας.
1938 1426 1987 1469 15

182 1509 203 1555 5
246 1490 324 1541 καὶ
361 1488 417 1553 δὴ
456 1490 514 1540 τό
548 1510 603 1541 τε
640 1491 693 1540 ἐκ
731 1494 830 1541 τῶν
867 1494 994 1542 νεῶν
1032 1490 1112 1542 καὶ
1146 1494 1232 1541 τοῦ
1270 1490 1418 1553 πεζοῦ
1452 1492 1645 1554 πλῆθος
1685 1489 1910 1542 συντιθέ-

242 1595 393 1638 μενον
429 1575 620 1640 γίνεται
653 1574 907 1646 ,διηκόσιαί
938 1595 993 1626 τε
1027 1572 1257 1640 μυριάδες
1296 1573 1375 1625 καὶ
1410 1572 1672 1641 τριήκοντα
1707 1573 1786 1626 καὶ
1822 1575 1914 1640 μία

244 1658 322 1709 καὶ
347 1657 468 1725 πρὸς
497 1656 722 1727 χιλιάδες
754 1659 879 1710 ἑπτὰ
904 1658 983 1710 καὶ
1015 1656 1334 1712 ἑκατοντάδες
1358 1656 1417 1722 ἓξ
1437 1658 1516 1709 καὶ
1538 1657 1699 1712 δεκάς.
1765 1663 1912 1710 τοῦτο

241 1745 334 1807 μὲν
370 1742 427 1794 τὸ
464 1741 523 1808 ἐξ
554 1742 701 1807 αὐτῆς
737 1745 825 1807 τῆς
859 1741 1037 1807 Ἀσίης
1074 1741 1356 1810 στράτευμα
1393 1741 1668 1811 ἐξαναχθὲν
1706 1744 1908 1809 εἴρηται,

241 1826 359 1879 ἄνευ
403 1848 457 1879 τε
496 1831 584 1892 τῆς
623 1828 892 1894 θεραπηίης
936 1830 1022 1892 τῆς
1066 1825 1309 1892 ἑπομένης
1355 1827 1434 1879 καὶ
1474 1832 1573 1878 τῶν
1614 1832 1912 1894 σιταγωγῶν
1936 1848 1987 1876 20

115 1918 205 1979 185
242 1912 432 1964 πλοίων
484 1911 563 1963 καὶ
615 1912 730 1963 ὅσοι
783 1910 1023 1964 ἐνέπλεον
1072 1911 1309 1963 τούτοισι.
1397 1909 1454 1962 τὸ
1506 1905 1560 1963 δὲ
1609 1910 1667 1975 δὴ
1722 1912 1777 1962 ἐκ
1825 1913 1912 1976 τῆς

245 1995 485 2062 Εὐρώπης
509 1996 755 2062 ἀγόμενον
780 1994 1063 2062 στράτευμα
1086 1995 1160 2047 ἔτι
1183 1993 1563 2062 προσλογιστέα
1585 1995 1740 2065 τούτῳ
1764 1995 1912 2047 παντὶ

0 2085 173 2133 mmm
242 2085 308 2150 τῷ
342 2077 726 2150 ἐξηριθμημένῳ·
772 2080 980 2146 δόκῃσιν
1010 2083 1065 2132 δὲ
1095 2084 1174 2132 δεῖ
1204 2078 1390 2147 λέγειν.
1479 2077 1595 2132 νέας
1622 2078 1716 2144 μέν
1744 2100 1833 2131 νυν
1863 2081 1911 2131 οἱ

217 2165 340 2227 ἶἀπὸ
366 2165 589 2230 Θρηίκης
603 2162 856 2228 “Ελληνες
887 2163 967 2215 καὶ
992 2165 1046 2215 ἐκ
1068 2168 1166 2216 τῶν
1191 2161 1361 2228 νήσων
1383 2167 1482 2215 τῶν
1507 2161 1827 2229 ἐπικειμένων
1849 2170 1911 2236 τῇ

244 2250 437 2320 Θρηίκῃ
468 2249 767 2316 παρείχοντο
801 2250 960 2300 εἴκοσι
992 2249 1071 2300 καὶ
1103 2247 1294 2300 ἑκατόν.
1375 2248 1430 2298 ἐκ
1458 2245 1550 2312 μέν
1579 2268 1667 2300 νυν
1695 2246 1911 2300 τουτέων
1934 2267 1982 2309 25

242 2337 341 2384 τῶν
393 2337 516 2385 νεῶν
568 2331 741 2399 ἄνδρες
792 2333 1186 2400 τετρακισχίλιοι
1240 2331 1319 2383 καὶ
1370 2331 1618 2398 δισμύριοι
1668 2332 1906 2398 γίνονται.

178 2441 204 2472 2
243 2417 391 2480 πεζοῦ
430 2419 483 2468 δὲ
517 2416 605 2468 τὸν
643 2414 859 2484 Θρήικες
895 2418 1194 2483 παρείχοντο
1230 2416 1308 2467 καὶ
1336 2416 1559 2468 »Παίονες
1596 2415 1675 2467 καὶ
1713 2415 1909 2483 Ἐορδοὶ

300 2567 318 2592 1
352 2555 415 2596 νεΐ
430 2554 518 2593 ΑΒ
534 2554 567 2593 C
734 2567 760 2604 3
788 2554 972 2607 ’γίνονται
993 2554 1023 2593 S
1172 2567 1198 2603 4
1227 2571 1274 2594 τε
1295 2566 1380 2593 om.>
1403 2554 1442 2593 R
1458 2553 1541 2592 SV
1681 2553 1709 2591 6
1736 2552 1908 2601 ποιήσας

244 2610 304 2650 ἔτι
325 2608 453 2650 πλέον
474 2612 605 2650 αὐτῶν
623 2610 648 2658 ἢ
671 2609 879 2650 ἐλάσσονα
898 2609 985 2660 ὀγδ.
1011 2608 1050 2646 R
1066 2608 1148 2647 SV
1312 2609 1338 2646 8
1367 2607 1422 2649 ὧν
1436 2609 1491 2649 ἂν
1514 2607 1566 2655 ἣν
1592 2609 1635 2647 ἐν
1663 2609 1750 2648 αὐτ.
1773 2606 1812 2645 R
1827 2606 1910 2646 SV

242 2678 270 2714 9
298 2662 497 2718 τέσσαρες
516 2663 572 2702 A1
712 2663 782 2715 δὴ]
808 2680 876 2704 νυν
897 2663 930 2702 Ρ
944 2663 984 2700 R
999 2662 1080 2703 SV
1107 2662 1112 2668 ’
1245 2685 1253 2693 =
1271 2675 1317 2701 11
1350 2661 1393 2703 δὲ
1412 2661 1500 2701 ΑΒ
1517 2662 1551 2700 C
1566 2660 1614 2700 Pl
1754 2660 1907 2711 ἔπεισι]

244 2718 308 2758 έπι
328 2717 386 2756 A1
524 2717 654 2767 ταύτη
677 2718 755 2758 RS
770 2717 808 2756 V
1031 2730 1078 2755 12
1108 2715 1205 2758 δέκα
1227 2715 1267 2754 R
1283 2715 1365 2756 SV
1586 2728 1634 2764 13
1667 2716 1850 2768 ἐγίνοντο
1872 2715 1907 2754 C

249 2786 298 2822 14
327 2773 362 2814 δ’
385 2771 467 2824 ἔτι]
490 2772 534 2814 δὲ
553 2773 594 2811 Α
611 2773 646 2812 Β
665 2773 699 2811 C
895 2786 942 2821 17
972 2772 1154 2824 γίνονται
1177 2771 1216 2809 R
1239 2769 1323 2811 SV
1517 2773 1566 2810 18
1595 2783 1655 2821 pr.
1680 2772 1743 2811 καὶ
1766 2783 1848 2809 om.
1867 2769 1908 2808 R

245 2827 342 2868 δέκα
361 2827 402 2865 R
418 2828 448 2866 S
461 2827 500 2866 V
664 2841 718 2866 20
745 2844 793 2867 τε
812 2840 893 2866 om.
921 2827 961 2865 R
977 2827 1006 2866 S
1019 2826 1058 2865 V
1237 2838 1285 2864 21
1320 2825 1520 2867 ἐπέπλεον
1541 2825 1576 2864 C
1742 2837 1796 2873 23
1825 2823 1906 2873 δεῖ]

245 2884 295 2930 δη
317 2882 352 2919 Β
366 2881 422 2920 V1
441 2896 450 2920 :
480 2882 529 2931 δὴ
549 2885 614 2922 δεῖ
629 2881 670 2920 Α
853 2894 907 2929 24
937 2881 1071 2930 νήσων
1091 2885 1173 2922 τῶν
1194 2893 1276 2919 om.
1304 2881 1344 2919 R
1361 2878 1442 2918 SV
1571 2878 1851 2930 ἐπικειμενέων
1874 2878 1908 2917 Ρ

246 2937 300 2974 26
326 2935 456 2990 μύριοι
478 2936 536 2976 C:
567 2935 789 2990 τρισμύριοι
812 2937 851 2974 R
867 2935 896 2975 S
911 2935 950 2974 V
