2132 3340
111 108 224 159 WJIL
253 124 308 170 31

243 591 309 648 32

242 1269 309 1317 33

965 112 1390 161 ΗΡΟΔΟΤΟΎ
1421 115 1424 118 ’

346 241 520 308 ἄνδρες
571 243 828 310 δημιοργοὶ
872 241 988 308 μέλι
1032 245 1085 296 ἐκ
1129 244 1332 310 μυρίκης
1375 265 1429 296 τε
1475 243 1552 295 καὶ
1594 247 1750 310 πυροῦ
1791 248 2006 305 ποιεῦσι,

346 326 530 391 ταύτην
577 328 664 379 ἰὼν
715 328 741 378 ὁ
795 326 987 395 Ξέρξης
1043 327 1134 393 τὴν
1172 328 1285 381 ὁδὸν
1343 328 1453 396 εὗρε
1510 325 1869 392 πλατάνιστον,
1918 327 2010 394 τὴν

350 409 562 465 κάλλεος
607 412 769 463 εἵνεκα
813 411 1164 479 δωρησάμενος
1201 413 1370 484 κόσμῳ
1406 411 1603 483 χρυσέῳ
1643 411 1724 464 καὶ·
1755 414 2017 485 μελεδωνῷ

348 494 575 565 ἀθανάτῳ
622 496 761 563 ἀνδρὶ
805 496 1079 564 ἐπιτρέψας
1124 497 1323 569 δευτέρῃ
1369 497 1525 569 ἡμέρῃ
1572 496 1774 549 ἀπίκετο
1820 499 1870 552 ἐς
1911 502 2011 551 τῶν

350 582 523 631 Λυδῶν
556 579 612 630 τὸ
642 579 786 632 ἄστυ.
862 582 1159 646 ἀπικόμενος
1190 585 1242 634 δὲ
1274 584 1325 636 ἐς
1356 581 1535 648 Σάρδις
1566 585 1736 648 πρῶτα
1763 583 1856 647 μὲν
1886 581 2006 635 ἀπέ-

347 686 510 729 πεμπε
543 663 751 730 κήρυκας
784 667 834 719 ἐς
862 665 954 730 τὴν
983 665 1211 718 Ἑλλάδα
1233 665 1531 731 αἰτήσοντας
1561 669 1656 733 γῆν
1686 687 1740 718 τε
1771 666 1850 718 καὶ
1878 667 2011 734 ὕδωρ

348 748 427 800 καὶ
458 748 783 815 προερέοντας
820 753 996 802 δεῖπνα
1031 750 1244 816 βασιλέϊ
1278 749 1687 818 παρασκευάζειν·
1732 749 1867 816 πλὴν
1897 751 2009 803 οὔτε

348 827 402 886 ἐς
429 832 644 897 Ἀθήνας
674 835 786 887 οὔτε
819 836 869 888 ἐς
895 836 1240 900 Λακεδαίμονα
1270 834 1533 901 ἀπέπεμπε
1563 834 1644 886 ἐπὶ
1667 837 1759 902 γῆς
1788 836 2006 900 αἴτησιν,

347 925 406 989 τῇ
430 919 482 969 δὲ
512 917 644 990 ἄλλῃ
677 917 854 990 πάντῃ.
941 923 1095 972 τῶνδε
1126 922 1179 971 δὲ
1211 921 1374 972 εἵνεκα
1403 920 1461 975 τὸ
1490 919 1718 985 δεύτερον
1749 918 2011 985 ἀπέπεμπε

346 1002 429 1053 ἐπὶ
466 1005 560 1069 γῆν
595 1023 650 1054 τε
687 1003 765 1054 καὶ
803 1004 947 1070 ὕδωρ·
1011 1004 1126 1056 ὅσοι
1169 1005 1409 1071 πρότερον
1453 1003 1538 1055 οὐκ
1583 1003 1768 1055 ἔδοσαν
1814 1005 2009 1074 Δαρείῳ

347 1085 619 1154 πέμψαντι,
665 1087 864 1142 τούτους
909 1087 1078 1157 πάγχυ
1129 1089 1295 1141 ἐδόκεε
1345 1089 1457 1141 τότε
1500 1089 1765 1142 δείσαντας
1811 1088 2008 1142 δώσειν·

346 1172 657 1236 βουλόμενος
686 1170 753 1223 ὧν
786 1171 903 1224 αὐτὸ
934 1178 1078 1224 τοῦτο
1109 1174 1341 1238 ἐκμαθεῖν
1371 1170 1625 1241 [ἀκριβῶς]
1656 1172 1860 1238 ἔπεμπε.

432 1257 577 1307 Μετὰ
607 1258 659 1308 δὲ
690 1261 844 1308 ταῦτα
873 1256 1267 1323 παρεσκευάζετο
1299 1258 1363 1312 ὡς
1395 1259 1523 1310 ἐλῶν
1555 1259 1605 1310 ἐς
1626 1255 1872 1322 Ἀβυδον.
1961 1258 2009 1310 οἱ

346 1342 398 1391 δὲ
432 1341 484 1391 ἐν
513 1340 668 1410 τούτῳ
699 1344 787 1392 τὸν
809 1339 1194 1406 Ἑλλήσποντον
1223 1342 1526 1410 ἐζεύγνυσαν
1556 1343 1610 1393 ἐκ
1639 1344 1726 1406 τῆς
1749 1341 1926 1406 Ἀσίης
1957 1342 2009 1396 ἐς

291 1465 294 1468 «
347 1423 436 1487 τὴν
475 1424 735 1491 Εὐρώπην.
824 1425 935 1477 ἔστι
974 1428 1028 1478 δὲ
1067 1430 1154 1492 τῆς
1194 1424 1525 1493 Χερσονήσου
1565 1429 1652 1491 τῆς
1691 1427 1745 1478 ἐν
1779 1424 2002 1491 Ἑλλησ-

242 2032 309 2080 34

348 1509 529 1578 πόντῳ,
557 1513 752 1574 Σηστοῦ
781 1531 834 1561 τε
865 1511 1040 1564 πόλιος
1069 1509 1253 1575 μεταξὺ
1284 1511 1363 1562 καὶ
1395 1510 1646 1569 Μαδύτου,
1672 1509 1792 1574 ἀκτὴ
1822 1508 2010 1578 τρηχέα

348 1594 398 1647 ἐς
423 1592 691 1645 θάλασσαν
717 1592 1000 1658 κατήκουσα
1022 1594 1221 1664 Ἀβύδῳ
1248 1596 1523 1654 καταντίον,
1550 1594 1670 1647 ἔνθα
1690 1595 1814 1659 μετὰ
1836 1598 2006 1654 ταῦτα,

335 1680 337 1682 “
432 1678 443 1695 Ι
559 1679 581 1696 ΡΙ
840 1678 852 1696 ἳ
1040 1683 1062 1695 Α
1137 1680 1150 1697 5
1194 1678 1207 1696 ἱ
1259 1681 1298 1696 h*
1408 1682 1419 1698 t
1651 1683 1673 1695 Λ
1708 1677 1721 1697 9
1810 1679 1825 1698 Ι

347 1699 510 1747 χρονῳ
551 1700 760 1744 υστερον
801 1701 858 1730 ου
894 1686 1084 1748 πολλῳ,
1128 1701 1211 1731 επι
1257 1683 1552 1734 Δεανθιππου
1587 1700 1674 1730 του
1726 1681 2009 1746 Αριφρονος

350 1767 632 1828 στρατηγοῦ
663 1761 957 1827 Ἀθηναίων,
991 1762 1295 1830 Ἀρταΰκτην
1331 1762 1486 1830 ἄνδρα
1517 1762 1721 1829 Πέρσην
1757 1763 2009 1828 λαβόντες

352 1850 547 1910 Σηστοῦ
590 1848 814 1915 ὕπαρχον
862 1848 1018 1911 ζῶντα
1061 1847 1184 1914 πρὸς
1228 1848 1410 1900 σανίδα
1454 1845 1914 1906 διεπασσάλευσαν,
1955 1845 2009 1900 ὃς

352 1931 428 1982 καὶ
465 1932 516 1984 ἐς
551 1936 636 1982 τοῦ
667 1932 1004 1997 Πρωτεσίλεω
1042 1936 1097 1982 τό
1135 1932 1240 1999 ἱρὸν
1277 1934 1329 1986 ἐς
1366 1931 1663 1983 Ἐλαιοῦντα
1692 1931 2009 1998 ἀγινεόμενος

349 2021 582 2081 γυναῖκας
613 2014 856 2080 ἀθέμιστα
886 2011 1044 2083 [ἔργα]
1067 2015 1286 2081 ἔρδεσκε.
1362 2018 1412 2069 ἐς
1434 2016 1616 2080 ταύτην
1639 2013 1708 2067 ὧν
1736 2014 1826 2079 τὴν
1856 2013 2010 2079 ἀκτὴν

350 2096 408 2161 ἐξ
434 2098 652 2164 Ἀβύδου
684 2099 957 2165 ὁρμώμενοι
989 2100 1265 2166 ἐγεφύρουν
1294 2104 1428 2151 τοῖσι
1458 2098 1767 2166 προσέκειτο,
1798 2097 1888 2163 τὴν
1917 2100 2010 2163 μὲν

347 2184 639 2235 λευκολίνου
670 2184 913 2242 Φοίνικες,
947 2183 1038 2247 τὴν
1074 2186 1127 2235 δὲ
1157 2185 1415 2249 βυβλίνην
1446 2183 1724 2250 Αἰγύπτιοι.
1813 2182 1925 2234 ἔστι
1954 2183 2010 2233 δὲ

349 2269 474 2318 ἑπτὰ
517 2267 710 2319 στάδιοι
751 2266 810 2331 ἐξ
840 2267 1058 2332 Ἀβύδου
1099 2269 1150 2321 ἐς
1186 2267 1276 2332 τὴν
1314 2267 1570 2320 ἀπαντίον.
1659 2265 1739 2317 καὶ
1777 2265 1834 2330 δὴ
1873 2266 2005 2330 ἐζευ-

348 2350 532 2418 γμένου
562 2357 648 2402 τοῦ
685 2351 839 2418 πόρου
875 2352 1224 2418 ἐπιγενόμενος
1262 2351 1449 2418 χειμὼν
1483 2349 1638 2417 μέγας
1675 2348 1927 2416 συνέκοψέ
1955 2370 2010 2401 τε

408 2502 426 2528 1
472 2492 724 2545 δημιορεργοὶ
760 2490 823 2531 R:
869 2492 1098 2544 δημιοεργοὶ
1135 2491 1223 2530 rell.
1350 2494 1395 2532 ἐκ
1430 2494 1551 2545 πυροῦ
1583 2489 1719 2529 RSV
1829 2487 2009 2530 ποιέουσι

2033 603 2056 645 5

2036 1022 2085 1053 ῙΟ

2034 1441 2084 1485 15

2035 1862 2087 1892 20

2036 2280 2084 2321 ²5

351 2544 384 2583 P
401 2545 438 2582 R
455 2545 484 2583 S
499 2546 537 2583 V
700 2559 726 2595 3
757 2545 908 2596 εἵνεκα]
933 2547 1032 2587 εῖναι
1055 2546 1093 2584 R
1109 2546 1145 2584 V
1255 2551 1403 2600 xpum?
1415 2546 1450 2584 B
1602 2558 1708 2594 7—10
1738 2544 1803 2584 καὶ
1818 2571 1832 2585 .
1849 2572 1860 2583 .
1880 2574 1889 2583 .
1908 2544 2010 2596 ὕδωρ

350 2613 433 2639 om.
459 2600 492 2637 C
655 2615 683 2650 9
711 2601 781 2640 alt.
807 2599 851 2642 δὲ
872 2614 955 2640 om.
979 2600 1067 2638 AB
1178 2602 1227 2641 τὸ
1247 2600 1434 2653 δεύτερον
1452 2613 1531 2639 om.
1557 2599 1692 2638 RSV
1859 2610 1909 2636 10
1938 2600 2010 2638 οὐκ

351 2655 533 2705 ἔπεμψαν
555 2654 588 2692 Ρ
602 2655 641 2693 R
655 2655 685 2694 S
698 2656 736 2693 V
896 2668 944 2693 12
975 2656 1147 2708 ἀκριβῶς
1166 2669 1246 2694 om.
1273 2655 1312 2693 R
1325 2655 1364 2693 V
1378 2654 1451 2707 [S]
1622 2655 1671 2692 16
1698 2670 1745 2694 τε
1767 2665 1847 2691 om.
1874 2651 1914 2689 R
1929 2651 1959 2691 S
1972 2651 2011 2689 V

352 2708 561 2760 Μαδύτου]
584 2709 756 2757 Ἀβύδου
779 2710 818 2748 R
834 2710 864 2749 S
878 2710 916 2748 V
1050 2709 1209 2762 τρηχέα
1228 2709 1385 2748 Abicht
1402 2724 1412 2748 z
1440 2726 1487 2749 τε
1507 2707 1664 2761 τραχέα
1686 2708 1725 2746 R
1741 2707 1843 2746 SV:
1874 2705 2011 2757 παχέα

349 2763 390 2801 A
405 2763 439 2801 Β
455 2764 488 2801 C
502 2764 535 2802 P
695 2777 744 2814 19
773 2764 974 2812 Ἀθηναῖοι
995 2765 1115 2803 Stein
1260 2777 1314 2802 20
1341 2762 1804 2817 προσδιεπασσοίλευσαν
1826 2760 1859 2798 Ρ
1874 2761 1912 2799 R
1928 2760 1960 2799 S
1971 2759 2011 2798 V

350 2830 399 2856 21
433 2819 537 2871 ἱερὸν
556 2817 597 2856 Λ
727 2819 944 2889 Ἐλεοῦντα
966 2819 1000 2857 Ρ
1014 2819 1053 2888 ΕΙ
1069 2819 1098 2858 S
1113 2819 1148 2856 V
1320 2831 1391 2889 ι22
1422 2816 1588 2868 ἀθέμιτα
1608 2816 1642 2854 Ρ
1657 2816 1696 2854 R
1711 2816 1742 2855 S
1755 2815 1827 2910 V3*
1912 2814 2010 2908 {fimat}
2034 2833 2038 2837 ’

349 2872 495 2979 {2212
507 2872 590 2976 ῗὴῗ
610 2926 649 2965 A
666 2927 700 2965 B
718 2928 751 2965 c
766 2927 799 2965 P
810 2885 862 2922 ²³
892 2890 1111 2968 ‹⁶253ng
1122 2873 1174 2966 xl}
1188 2873 1226 2911 V
1239 2873 1270 2912 S
1294 2874 1419 2976 Θρέιξ
1437 2925 1498 2967 επ·
1523 2883 1664 2966 ἀντιῖἷ
1680 2871 1770 2963 ιῖὴέ
1777 2869 1852 2962 v‘]
1875 2870 2008 2963 ⁷th

351 2981 632 3033 διεζευγμένου
654 2981 692 3018 R
707 2982 737 3020 S
751 2981 788 3018 V
