2124 3320
713 118 1088 167 ΙΣΤΟΡΙΩΝ
1153 120 1190 166 Ε
1756 147 1762 155 -
1821 121 1879 168 V.
1909 130 2001 180 104

119 250 390 318 ἐξελθόντα
428 254 483 303 τὸ
524 250 650 302 ἄστυ
689 250 746 302 τὸ
786 251 1102 317 Σαλαμινίων
1137 251 1164 302 ὁ
1200 248 1476 315 Ὀνήσιλος
1517 249 1618 316 ἅμα
1653 255 1787 302 τοῖσι

119 340 300 389 ἑωυτοῦ
330 335 643 407 στασιώτῃσι
673 333 950 400 ἀπεκλήισε
978 341 1077 388 τῶν
1106 334 1319 388 πυλέων.
1389 335 1576 402 Γόργος
1604 337 1696 399 μὲν
1727 334 1785 399 δὴ
1824 355 1849 398 3

119 419 376 488 στερηθεὶς
405 422 493 484 τῆς
523 420 698 474 πόλιος
728 418 911 487 ἔφευγε
941 421 992 473 ἐς
1027 418 1243 484 Μήδους,
1277 417 1550 491 Ὀνήσιλος
1580 422 1634 471 δὲ
1665 418 1788 487 ἦρχε

119 509 401 570 Σαλαμῖνος
446 503 525 556 καὶ
569 503 798 557 ἀνέπειθε
843 502 1029 557 πάντας
1072 504 1317 570 Κυπρίους
1362 505 1785 555 συναπίστασθαι.

71 613 93 653 5
118 589 230 644 τοὺς
248 591 340 655 μὲν
359 587 416 653 δὴ
437 588 622 642 ἄλλους
641 587 890 647 ἀνέπεισε,
913 587 1275 654 Ἀμαθουσίους
1295 590 1347 640 δὲ
1367 587 1423 639 οὐ
1448 586 1788 653 βουλομένους

118 676 164 726 οἱ
195 674 456 730 πείθεσθαι
485 674 773 740 ἐπολιόρκεε
803 670 1224 740 προσκατήμενος.

84 827 89 833 A
202 756 476 823 Ὀνήσιλος
516 757 609 824 μέν
652 778 739 810 νυν
783 757 1071 825 ἐπολιόρκεε
1112 757 1436 822 Ἀμαθοῦντα,
1479 756 1690 822 βασιλέϊ
1735 759 1785 808 δὲ
1826 771 1920 818 105

122 843 316 913 Δαρείῳ
347 842 412 896 ὡς
448 840 724 910 ἐξαγγέλθη
757 840 935 908 Σάρδις
972 842 1195 895 ἁλούσας
1232 843 1579 908 ἐμπεπρῆσθαι
1614 841 1710 893 ὑπό
1734 863 1787 892 τε

118 926 396 992 Ἀθηναίων
415 927 493 979 καὶ
512 927 707 986 Ἰώνων,
731 925 817 979 τὸν
840 928 893 978 δὲ
916 926 1136 994 ἡγεμόνα
1158 925 1397 993 γενέσθαι
1419 928 1507 990 τῆς
1531 929 1788 993 συλλογῆς

49 1031 96 1061 ιο
118 1011 249 1064 ὥστε
267 1016 418 1064 ταῦτα
437 1013 811 1079 συνυφανθῆναι
830 1010 916 1063 τὸν
937 1009 1197 1075 Μιλήσιον
1213 1009 1597 1077 Ἀρισταγόρην,
1620 1014 1789 1077 πρῶτα

117 1098 210 1162 μὲν
238 1094 439 1163 λέγεται
475 1096 641 1155 αὐτόν,
675 1094 740 1150 ὥς
775 1095 984 1147 ἐπύθετο
1014 1099 1183 1154 ταῦτα,
1216 1093 1399 1147 Ἰώνων
1430 1092 1604 1146 οὐδένα
1632 1094 1787 1161 λόγον

118 1179 471 1246 ποιησάμενον,
505 1180 557 1233 εὖ
588 1180 753 1233 εἰδότα
782 1179 847 1234 ὡς
876 1178 1017 1231 οὗτοί
1042 1200 1101 1246 γε
1132 1179 1189 1230 οὐ
1219 1177 1631 1245 καταπροΐξονται
1662 1179 1785 1230 ἀπο-
1837 1180 1844 1187 ’

120 1263 345 1324 στάντες,
368 1254 588 1332 εἰρέσθαι
611 1265 788 1318 οἵτινες
812 1263 912 1317 εἶεν
930 1266 977 1316 οἱ
996 1263 1269 1328 Ἀθηναῖοι,
1290 1264 1415 1328 μετὰ
1439 1265 1491 1315 δὲ
1511 1263 1789 1328 πυθόμενον

118 1351 320 1414 αἰτῆσαι
348 1348 405 1415 τὸ
434 1346 597 1413 τόξον,
623 1349 852 1414 λαβόντα
882 1351 935 1401 δὲ
967 1348 1046 1399 καὶ
1079 1346 1311 1399 ἐπιθέντα
1339 1346 1513 1399 ὀϊστὸν
1535 1346 1636 1400 ἄνω
1669 1347 1789 1414 πρὸς

47 1451 92 1492 15
117 1432 206 1486 τὸν
237 1433 446 1501 οὐρανὸν
476 1434 688 1493 ἀπεῖναι,
723 1434 808 1485 καί
836 1454 922 1498 μιν
952 1435 1002 1487 ἐς
1037 1432 1124 1484 τὸν
1153 1431 1275 1500 ἠέρα
1311 1431 1577 1497 βάλλοντα
1615 1433 1787 1484 εἰπεῖν·

110 1515 184 1569 Ὦ
220 1522 332 1577 Ζεῦ,
376 1512 671 1586 ἐκγενέσθαι
708 1539 792 1583 μοι
827 1516 1121 1583 Ἀθηναίους
1161 1517 1444 1576 τείσασθαι,
1488 1518 1696 1569 εἴπαντα
1735 1518 1788 1568 δὲ
1830 1532 1854 1562 2

117 1607 269 1654 ταῦτα
309 1600 584 1669 προστάξαι
625 1602 698 1654 ἑνὶ
732 1607 830 1655 τῶν
870 1602 1188 1669 θεραπόντων
1228 1602 1427 1653 δείπνου
1467 1599 1790 1667 προκειμένου

117 1685 244 1757 αὐτῷ
283 1688 333 1741 ἐς
367 1688 471 1754 τρὶς
509 1686 749 1739 ἑκάστοτε
785 1688 957 1739 εἰπεῖν·
1006 1685 1262 1743 Δέσποτα,
1293 1685 1478 1750 μέμνεο
1508 1689 1606 1736 τῶν
1636 1683 1786 1749 Ἀθη-

117 1773 283 1823 ναίων.
349 1770 634 1838 προστάξας
658 1773 710 1823 δὲ
735 1776 887 1823 ταῦτα
918 1770 1041 1828 εἶπε,
1069 1769 1290 1823 καλέσας
1321 1771 1371 1823 ἐς
1401 1771 1524 1836 ὄψιν
1546 1768 1788 1821 Ἱστιαῖον
1826 1772 1925 1820 106

43 1873 92 1902 20
116 1854 204 1908 τὸν
240 1854 515 1920 Μιλήσιον,
554 1856 641 1908 τὸν
677 1857 703 1906 ὁ
742 1859 954 1922 Δαρεῖος
991 1859 1189 1922 κατεῖχε
1227 1854 1411 1921 χρόνον
1446 1852 1537 1918 ἤδη
1575 1854 1786 1906 πολλόν·

118 1939 456 2006 Πυνθάνομαι,
494 1939 713 1999 Ἱστιαῖε,
757 1940 1024 2006 ἐπίτροπον
1064 1938 1151 1991 τὸν
1193 1939 1302 1998 σόν,
1345 1943 1411 2008 τῷ
1453 1938 1517 1989 σὺ
1557 1938 1788 2002 Μίλητον
1810 1931 2124 1989 &un-‘W

115 2022 412 2092 ἐπέτρεψας,
447 2025 663 2090 νεώτερα
702 2025 753 2077 ἐς
794 2026 880 2089 ἐμὲ
921 2022 1241 2087 πεποιηκέναι
1280 2020 1561 2089 πρήγματα·
1606 2020 1787 2088 ἄνδρας

115 2107 209 2175 γάρ
248 2130 332 2174 μοι
378 2110 431 2161 ἐκ
474 2111 561 2173 τῆς
601 2107 770 2175 ἑτέρης
808 2108 1011 2175 ἠπείρου
1053 2107 1320 2175 ἐπαγαγὼν
1362 2106 1441 2158 καὶ
1473 2105 1651 2160 Ἴωνας
1692 2106 1788 2158 σὺν

114 2192 310 2246 αὐτοῖσι
355 2192 466 2247 τοὺς
510 2193 764 2246 δώσοντας
808 2191 917 2257 ἐμοὶ
962 2193 1100 2256 δίκην
1138 2196 1236 2243 τῶν
1282 2192 1542 2254 ἐποίησαν,
1585 2190 1787 2243 τούτους

40 2295 87 2335 25
116 2277 413 2344 ἀναγνώσας
447 2276 549 2342 ἅμα
578 2278 815 2329 ἐκείνοισι
852 2277 1063 2328 ἕπεσθαι
1099 2276 1320 2342 Σαρδίων
1356 2296 1417 2340 με
1458 2273 1783 2340 ἀπεστέρηκε.

115 2365 202 2414 νῦν
232 2359 301 2414 ὧν
332 2366 427 2415 κῶς
462 2382 540 2413 τοι
574 2366 728 2413 ταῦτα
765 2362 997 2428 φαίνεται
1034 2360 1172 2427 ἔχειν
1213 2364 1399 2419 καλῶς;
1449 2363 1542 2412 κῶς
1578 2360 1632 2410 δὲ
1667 2357 1783 2410 ἄνευ
1821 2377 1846 2409 2

113 2451 212 2498 τῶν
265 2450 370 2498 σῶν
415 2445 774 2511 βουλευμάτων
815 2444 1039 2496 τοιοῦτόν
1079 2464 1128 2495 τι
1168 2439 1419 2508 ἐπρήχθη,·
1483 2443 1574 2507 ὅρα
1615 2441 1682 2507 μὴ
1728 2440 1787 2505 ἐξ

167 2596 192 2622 2
214 2583 489 2637 στρατιώτῃσι
507 2581 557 2621 Pl
573 2583 652 2623 SV
668 2580 725 2622 U1
830 2583 878 2631 δὴ
891 2595 973 2622 om.
990 2581 1020 2621 S
1034 2581 1073 2620 V
1088 2581 1127 2620 U
1238 2582 1265 2618 6
1286 2580 1392 2620 πείσ.
1414 2579 1447 2617 C
1551 2579 1780 2632 προσκατή-

111 2654 231 2688 μενος
248 2667 259 2679 .
277 2668 287 2678 .
307 2667 318 2678 .
337 2638 571 2691 ἐπολιόρκεε
592 2651 675 2677 om.
698 2637 732 2677 B
747 2637 781 2676 C
910 2638 937 2675 8
968 2637 1245 2689 ἐμπεπρῆσθαι
1269 2634 1310 2672 Α
1324 2634 1358 2673 Β
1374 2634 1407 2673 C
1424 2634 1457 2672 E
1481 2633 1587 2684 Pap.
1609 2634 1777 2684 Oxyrh.

111 2695 189 2742 695
209 2706 218 2731 =
249 2695 523 2747 ἐμπρησθῆναι
544 2693 634 2732 rell.
820 2705 847 2740 9
876 2696 958 2732 τῶν
976 2691 1016 2730 V
1124 2688 1316 2742 γενέσθαι
1338 2702 1420 2728 om.
1445 2688 1476 2728 S
1666 2701 1714 2738 13
1746 2691 1782 2728 οἱ

111 2759 194 2787 om.
217 2746 296 2787 ΕΞ
519 2760 567 2796 14
597 2745 713 2800 πρὸς]
739 2748 780 2788 ἐς
802 2745 960 2786 PSU:
993 2745 1106 2786 ets-V
1335 2755 1383 2793 15
1414 2744 1573 2794 ἀφεῖναι
1597 2741 1778 2783 PSVU

112 2805 301 2848 βαλοντα
331 2802 464 2842 SVU
701 2803 751 2840 16
781 2799 1021 2851 ἐγγενέσθαι
1052 2799 1211 2838 SVU:
1247 2797 1437 2850 γενέσθαι
1468 2797 1588 2836 Eust.
1619 2797 1665 2836 11.
1699 2799 1780 2845 248

111 2856 300 2897 τίσασθαι
322 2856 356 2895 L
577 2870 632 2895 20
660 2857 710 2906 δὴ
729 2855 769 2894 Α
784 2855 819 2894 Β
835 2855 870 2894 C
1120 2867 1172 2892 22
1202 2851 1461 2901 πεποιηκέναι
1485 2855 1524 2893 ἐς
1547 2850 1615 2901 ἐμὲ
1640 2852 1669 2890 S
1685 2852 1723 2889 V
1738 2851 1776 2890 U

111 2911 448 3003 251ἑίπεστέρησε
468 2910 507 2949 Α
522 2911 556 2950 Β
571 2911 605 2950 C
622 2910 655 2949 P
809 2911 863 2948 26
893 2909 1078 2963 φαίνεται
1098 2911 1229 2950 ταῦτα
1250 2907 1279 2946 S
1293 2907 1331 2945 V
1347 2907 1384 2946 U
1545 2919 1594 2955 27
1625 2905 1780 2947 τούτων

110 2980 152 3005 τι
210 2965 222 2988 ‘
234 2965 265 3004 S
277 2966 314 3004 V
329 2966 367 3004 U
