2132 3340
56 85 171 135 VII.
199 101 278 135 121

187 487 276 523 122

931 85 1359 135 ΗΡΟΔΟΤΟΎ

314 215 507 283 Γέργις.
594 218 623 282 ἡ
654 220 707 269 δὲ
743 218 880 284 τρίτη
916 221 1014 268 τῶν
1048 216 1276 285 μοιρέων,
1305 215 1414 284 μετ’
1450 218 1509 283 ἧς
1539 219 1798 285 ἐπορεύετο
1828 218 1973 274 αὐτὸς

317 299 525 367 Ξέρξης,
557 300 634 366 ἤιε
662 303 754 367 μὲν
785 300 842 353 τὸ
862 300 1030 368 νμέσον
1053 300 1257 362 αὐτέων,
1283 300 1593 370 στρατηγοὺς
1624 304 1677 355 δὲ
1705 303 1973 373 παρείχετο

315 384 659 452 Σμερδομένεά
687 407 742 439 τε
772 387 851 438 καὶ
883 385 1203 454 Μεγάβυζον.

396 468 459 520 O
489 469 579 536 μέν
611 491 699 523 νυν
730 475 954 526 ναυτικὸς
984 471 1198 538 στρατὸς
1228 472 1293 526 ὡς
1322 472 1556 537 ἀπείθη*
1530 471 1629 524 υπὸ
1659 469 1860 538 Ξέρξεω
1892 471 1974 523 καὶ

0 560 298 669 Qut-n
314 552 622 619 διεξέπλωσε
646 554 736 620 τὴν
759 555 976 625 διώρυχα
998 577 1088 621 την
1118 558 1173 609 ἐν
1203 561 1269 627 τῷ
1290 555 1430 626 Αθῳ
1461 555 1751 624 γενομένην,
1776 555 1969 625 διέχου-
1997 575 2020 615 5

0 1386 115 1468 [διώ
129 1419 139 1430 .

185 1255 273 1302 123

246 1758 272 1790 2

245 2180 270 2222 3

238 613 414 691 raaz)
450 641 502 691 δὲ
539 641 592 693 ἐς
626 640 815 692 κόλπον
850 642 905 692 ἐν
940 646 1008 711 τῷ
1031 639 1209 693 ’'Aac-a
1243 663 1298 694 τε
1331 642 1477 695 πόλις
1513 642 1593 693 καὶ
1623 641 1856 744 Πίλωρος
1890 641 1972 693 καὶ

315 724 497 791 Σίγγος
528 723 605 776 καὶ
634 723 799 791 Σάρτη
825 727 1062 790 οἴκηνται,
1088 727 1332 785 ἐνθεῦτεν,
1360 725 1423 779 ὡς
1447 725 1527 777 καὶ
1557 727 1612 777 ἐκ
1638 724 1852 778 τουτέων
1871 729 1974 777 τῶν
2018 748 2022 751 ·

313 809 505 861 πολίων
550 808 788 876 στρατιὴν
832 809 1107 877 παρέλαβε,
1146 810 1297 863 ἔπλεε
1331 810 1591 876 ἀπιέμενος
1623 811 1675 863 ἐς
1711 809 1800 861 τὸν
1834 812 1967 876 Θερ-

312 897 460 958 μαῖον
496 894 699 954 κόλπον,
735 892 970 960 κάμπτων
1008 897 1062 947 δὲ
1089 893 1352 960 ’Ἄμπελον
1379 893 1471 958 τὴν
1499 894 1788 961 Τορωναίην
1819 892 1973 961 ἄκρην

313 979 654 1045 παραμείβετο
687 977 990 1044 Ἑλληνίδας
1026 974 1115 1046 [τε]
1151 976 1307 1031 τάσδε
1343 978 1508 1038 πόλις,
1543 977 1598 1030 ἐκ
1631 983 1732 1031 τῶν
1768 976 1883 1032 νέας
1914 999 1972 1031 τε
1998 999 2049 1028 10

315 1063 394 1115 καὶ
432 1062 669 1129 στρατιὴν
706 1062 1082 1130 παρελάμβανε,
1113 1063 1365 1130 Τορώνην,
1399 1063 1660 1131 Γαληψόν,
1691 1063 1968 1131 Σερμύλην,

315 1147 669 1215 Μηκύβερναν,
708 1146 981 1200 ’Όλυνθον.
1068 1148 1098 1214 ἡ
1142 1146 1235 1214 μέν
1276 1169 1366 1201 νυν
1408 1147 1545 1216 χώρη
1590 1148 1711 1212 αὕτη
1756 1148 1969 1211 Σιθωνίη

315 1230 559 1284 καλέεται.
633 1233 661 1284 ὁ
690 1234 746 1284 δὲ
776 1231 1003 1287 ναυτικὸς
1033 1231 1246 1300 στρατὸς
1274 1233 1302 1283 ὁ
1334 1230 1536 1300 Ξέρξεω
1568 1231 1862 1297 συντάμνων
1884 1230 1970 1283 ἀπ’

313 1315 568 1381 Ἀμπέλου
603 1315 754 1384 ἄκρης
790 1316 871 1369 ἐπὶ
909 1321 1259 1384 Καναστραῖον
1294 1316 1465 1383 ἄκρην,
1496 1315 1555 1368 τὸ
1590 1315 1651 1381 δὴ
1685 1313 1853 1381 πάσης
1881 1318 1969 1380 τῆς

314 1399 590 1466 Παλλήνης
630 1401 801 1469 ἀνέχει
833 1400 1073 1467 μάλιστα,
1112 1403 1339 1454 ἐνθεῦτεν
1378 1399 1492 1455 νέας
1524 1421 1580 1453 τε
1615 1401 1697 1453 καὶ
1729 1398 1970 1467 στρατιὴν
1998 1423 2045 1465 ¹5
2099 1466 2108 1467 ἶ

312 1484 669 1551 παρελάμβανε
706 1487 760 1536 ἐκ
792 1486 1087 1550 Ποτειδαίης
1123 1485 1203 1537 καὶ
1239 1484 1475 1554 Ἀφύτιος
1513 1485 1593 1537 καὶ
1620 1483 1759 1550 Νέης
1792 1484 1970 1538 πόλιος

313 1569 391 1621 καὶ
423 1571 582 1636 Αἰγῆς
607 1570 686 1622 καὶ
711 1569 969 1637 Θεράμβω
994 1571 1075 1622 καὶ
1099 1570 1318 1634 Σκιώνης
1347 1569 1428 1621 καὶ
1451 1568 1654 1634 Μένδης
1684 1568 1765 1620 καὶ
1787 1567 1966 1633 Σάνης·
2008 1598 2010 1601 ·

311 1654 454 1705 αὗται
485 1652 580 1721 γάρ
611 1655 712 1706 εἰσι
744 1656 796 1706 αἱ
824 1653 916 1718 τὴν
945 1658 1033 1706 νῦν
1065 1652 1342 1719 Παλλήνην
1372 1653 1611 1721 πρότερον
1645 1655 1700 1705 δὲ
1729 1651 1968 1720 Φλέγρην

312 1737 616 1803 καλεομένην
647 1739 930 1804 νεμόμεναι.
995 1736 1300 1806 παραπλέων
1318 1740 1372 1791 δὲ
1392 1738 1472 1790 καὶ
1489 1737 1673 1802 ταύτην
1689 1735 1781 1801 τὴν
1799 1736 1969 1806 χώρην

310 1821 459 1875 ἔπλεε
493 1824 543 1876 ἐς
573 1821 629 1875 τὸ
661 1821 1034 1890 προειρημένον,
1068 1820 1483 1890 παραλαμβάνων
1520 1820 1760 1889 στρατιὴν
1799 1821 1878 1893 καὶ
1914 1822 1968 1872 ἐκ
1994 1843 2046 1871 20

309 1911 409 1959 τῶν
446 1905 743 1976 προσεχέων
780 1908 972 1959 πολίων
1009 1907 1069 1979 τῇ
1098 1904 1363 1979 Παλλήνῃ,
1405 1904 1775 1973 ὁμουρεουσέων
1811 1907 1866 1957 δὲ
1897 1909 1966 1974 τῷ

311 1992 547 2061 Θερμαίῳ
588 1992 775 2062 κόλπῳ,
808 1992 922 2064 τῇσι
954 1989 1202 2056 οὐνόματά
1238 1992 1348 2043 ἐστι
1383 1989 1516 2049 τάδε,
1548 1988 1785 2054 Λίπαξος,
1819 1989 1965 2054 Κώμ-

309 2080 472 2142 βρεια,
496 2077 663 2141 Λισαί,
687 2076 920 2143 Γίγωνος,
946 2075 1154 2142 Κάμψα,
1181 2076 1360 2141 Σμίλα,
1382 2075 1571 2127 Α’ίνεια·
1617 2074 1647 2139 ἡ
1671 2077 1725 2127 δὲ
1754 2072 1969 2126 τουτέων

308 2159 444 2226 χώρη
479 2161 739 2241 Κροσσαίη
771 2159 845 2212 ἔτι
876 2158 956 2211 καὶ
985 2160 1037 2213 ἐς
1065 2159 1178 2211 τόδε
1210 2157 1455 2211 καλέεται.
1542 2157 1640 2210 ἀπὸ
1670 2160 1722 2209 δε
1754 2158 1967 2222 Αἰνείης,

309 2244 360 2296 ἐς
390 2242 480 2308 τὴν
510 2243 782 2296 ἐτελεύτων
821 2241 1111 2311 καταλέγων
1147 2244 1236 2297 τὰς
1264 2243 1427 2302 πόλις,
1459 2240 1558 2314 ᾆπὸ
1587 2241 1767 2307 ταύτης
1794 2240 1885 2306 ἤδη
1919 2242 1970 2295 ἐς
1995 2262 2044 2303 25

367 2395 383 2420 1
418 2380 534 2435 Γέργι
551 2381 590 2419 R
611 2396 620 2421 ε
644 2380 777 2436 Γέρτις
794 2380 874 2421 SV
968 2380 1053 2433 μεθ’
1070 2381 1109 2420 R
1122 2380 1160 2420 V
1283 2393 1313 2431 31
1332 2398 1379 2422 τε
1395 2394 1476 2420 om.
1498 2380 1538 2418 R
1554 2379 1635 2419 SV
1731 2373 1969 2432 Μεγάβυξον

307 2436 454 2474 ARV
565 2450 590 2485 4
621 2454 690 2477 νυν
711 2450 791 2475 om.
821 2437 958 2476 RSV
1066 2448 1092 2486 5
1123 2434 1576 2477 διέπλωσεΟΡΗὸν
1684 2435 1712 2472 6
1740 2435 1968 2487 Πί-ι-δωρος

307 2491 347 2528 A
364 2494 409 2542 (λ
425 2491 503 2543 er.)
523 2506 533 2531 τ
564 2491 738 2544 Πίδωρος
755 2491 790 2529 Β
806 2492 840 2530 Ρ
855 2505 864 2530 :
896 2491 1070 2543 Πιδωρὸς
1093 2490 1127 2529 C
1240 2503 1262 2540 7
1293 2490 1428 2543 Σᾶργη
1452 2489 1486 2528 Ρ
1498 2489 1537 2527 R
1553 2489 1634 2529 SV
1742 2489 1807 2529 καὶ
1825 2501 1908 2528 om.
1928 2485 1958 2528 C

308 2548 334 2584 8
364 2545 601 2597 ἀπικόμενος
624 2546 663 2584 R
677 2546 708 2585 S
722 2546 760 2585 V
775 2546 851 2598 [C]
991 2559 1018 2594 9
1048 2545 1278 2594 Κορωναίην
1296 2545 1336 2583 Α
1350 2545 1383 2582 Β
1397 2544 1432 2583 C
1473 2599 1475 2601 q
1575 2556 1625 2583 10
1652 2561 1699 2584 τε
1718 2556 1802 2583 om.
1828 2543 1884 2581 P:
1914 2559 1966 2595 γε

310 2601 431 2639 Stein
555 2601 629 2643 τὰς
650 2601 684 2639 C
810 2600 952 2641 πόλεις
974 2600 1007 2638 C
1022 2600 1061 2638 R
1075 2600 1114 2638 V
1310 2611 1354 2638 11
1386 2597 1592 2652 παρέλαβε
1615 2598 1650 2636 Ρ
1772 2598 1969 2648 Γαληψών

312 2654 351 2692 R
373 2654 404 2694 S
424 2655 463 2693 V
658 2668 707 2694 12
749 2653 985 2708 Μηκύρεναν
1025 2654 1092 2692 R:
1141 2670 1299 2707 -ρενναν
1338 2654 1370 2693 S
1390 2653 1430 2691 V
1565 2652 1724 2701 Σιθονίη
1761 2651 1801 2690 Α
1822 2651 1857 2689 Β
1879 2652 1914 2690 C
1936 2652 1967 2690 S

314 2722 363 2758 14
409 2710 690 2763 Καναστραίην
722 2708 763 2747 Α
779 2709 814 2748 Β
831 2710 864 2748 C
884 2710 918 2748 P
1081 2708 1230 2749 ‘²’va
1453 2718 1502 2756 15
1545 2724 1592 2748 τε
1627 2706 1717 2748 νέας
1749 2723 1797 2747 τε
1832 2707 1872 2745 R
1887 2705 1970 2744 SV

313 2765 362 2801 16
391 2765 607 2812 Ποτιδαιης
629 2764 663 2802 L
786 2763 1008 2816 Ἀφύστιος
1030 2762 1069 2800 R
1084 2762 1167 2801 SV
1351 2774 1399 2801 21
1432 2764 1485 2816 τῇ
1510 2762 1706 2810 Παλλήνη
1727 2774 1810 2800 orn.
1832 2761 1872 2800 R
1886 2759 1967 2799 SV

308 2821 584 2912 {ww
604 2818 697 2857 RV
726 2885 779 2922 24
1162 2815 1384 2911 Αἲξ..
1406 2803 1697 2910 ..ς’-ψ’]
1717 2814 1967 2918 mxx

345 2889 423 2913 ινια
868 2888 926 2913 ωσ
958 2871 1023 2920 αίη
1243 2888 1267 2911 α
