2034 3328
18 120 80 168 V.
103 121 167 168 88

0 236 151 358 5:2⁹

145 598 171 641 3

102 836 171 894 89

56 1166 171 1220 '³2

147 1862 170 1904 3

1838 85 1869 107 b

836 116 1263 165 ΗΡΟΔΟΤΟὙ

208 247 438 317 ἡμιρ-λίας
468 247 727 313 ποιέεσθαι
756 251 842 298 τοῦ
876 247 987 298 τότε
1019 251 1354 299 κατεστεῶτος
1388 245 1584 313 μέτρου,
1617 245 1697 297 καὶ
1726 246 1779 300 ἐς
1807 243 1865 296 τὸ

211 330 316 398 ἱρὸν
357 337 456 384 τῶν
503 336 627 384 θεῶν
672 330 882 383 τουτέων
929 331 1139 397 περόνας
1183 325 1406 396 μάλιστα
1449 329 1732 404 ἀνατιθέναι
1777 331 1865 383 τὰς

210 421 458 482 γυναῖκας,
501 415 728 467 Ἀττικὸν
769 418 822 468 δὲ
861 413 985 481 μήτε
1028 436 1075 466 τι
1120 414 1248 466 ἄλλο
1292 413 1599 481 προσφέρειν
1644 418 1766 480 πρὸς
1806 412 1865 465 τὸ

212 500 317 566 ἱρὸν
352 499 476 565 μήτε
511 499 737 566 κέραμον,
771 499 884 551 ἀλλ’
916 501 971 550 ἐκ
1006 499 1250 567 χυτρίδων
1287 497 1592 567 ἐπιχωριέων
1627 498 1778 563 νόμον
1807 496 1865 550 τὸ

208 583 388 643 λοιπὸν
408 585 575 635 αὐτόθι
595 584 720 635 ἐἶναι
743 585 919 635 πίνειν.
986 583 1226 650 Ἀργείων
1244 582 1335 648 μέν
1354 604 1441 635 νυν
1461 583 1540 634 καὶ
1564 581 1866 648 Αἰγινητέων
1888 596 1911 638 5

210 670 260 720 αἱ
290 673 515 735 γυναῖκες
551 670 606 720 ἐκ
636 665 726 734 [τε]
756 668 911 719 τόσου
948 667 1051 719 κατ’
1082 667 1184 733 ἔριν
1218 666 1309 730 τὴν
1338 666 1615 731 Ἀθηναίων
1654 667 1866 734 περόνας

210 752 284 803 ἔτι
315 753 392 803 καὶ
425 755 474 806 ἐς
505 755 591 818 ἐμὲ
621 753 833 819 ἐφόρεον
861 751 1068 817 μέζονας
1098 748 1129 815 ἢ
1159 751 1254 818 πρὸ
1285 756 1387 803 τοῦ.
1603 764 1606 765 ’

292 839 396 900 Τῆς
426 839 479 888 δὲ
503 836 685 904 ἔχθρης
706 840 794 901 τῆς
817 836 938 902 πρὸς
968 834 1238 902 Αἰγινήτας
1261 834 1573 896 Ἀθηναίοισι
1597 834 1866 903 γενομένης

210 919 337 988 ἀρχὴ
376 921 498 971 κατὰ
536 923 596 971 τὰ
637 923 824 986 εἴρηται
864 919 1078 987 ἐγένετο.
1152 921 1266 971 τότε
1306 919 1363 983 δὴ
1408 920 1655 986 Θηβαίων
1695 922 1863 972 ἐπικα-

210 1003 460 1069 λεομένων
510 1001 771 1071 προθύμως
820 1009 918 1055 τῶν
976 1004 1088 1070 περὶ
1144 1006 1206 1055 τὰ
1264 1003 1529 1071 ἀγάλματα
1584 1002 1867 1071 γενομένων
1893 1023 1942 1054 ιο

209 1089 699 1153 ἀναμιμνησκόμενοι
738 1091 786 1141 οἱ
826 1090 1085 1155 Αἰγινῆται
1123 1086 1368 1153 ἐβοήθεον
1406 1093 1542 1140 τοῖσι
1582 1092 1863 1140 Βοιωτοῖσι.

211 1173 475 1238 Αἰγινῆταί
514 1194 570 1224 τε
613 1172 669 1236 δὴ
716 1174 910 1236 ἐδηίουν
951 1175 1039 1236 τῆς
1082 1172 1309 1237 Ἀττικῆς
1353 1174 1415 1223 τὰ
1457 1171 1864 1240 παραθαλάσσια,

212 1256 289 1307 καὶ
334 1255 648 1320 Ἀθηναίοισι
692 1255 1014 1323 ὁρμημένοισι
1065 1256 1143 1309 ἐπ’
1187 1255 1456 1323 Αἰγινήτας
1509 1256 1867 1323 στρατεύεσθαι

211 1339 335 1404 ἦλθε
362 1339 600 1405 μαντήιον
629 1343 685 1392 ἐκ
718 1346 942 1407 Δελφῶν
970 1341 1274 1408 ἐπισχόντας
1312 1340 1410 1392 ἀπὸ
1446 1345 1533 1392 τοῦ
1562 1338 1868 1407 Αἰγινητέων

212 1425 401 1489 ἀδικίου
429 1422 691 1490 τριήκοντα
721 1426 836 1476 ἔτεα
862 1430 929 1494 τῷ
961 1424 1034 1476 ἑνὶ
1066 1425 1143 1476 καὶ
1173 1429 1447 1494 τριηκοστῷ
1474 1427 1639 1494 Αἰακῷ
1662 1423 1868 1489 τέμενος
1893 1447 1973 1488 ¹5..
2029 1455 2034 1468 -·

210 1507 547 1572 ἀποδέξαντας
568 1508 815 1576 ἄρχεσθαι
842 1514 928 1560 τοῦ
958 1509 1079 1575 πρὸς
1103 1507 1369 1575 Αἰγινήτας
1392 1507 1631 1574 πολέμου,
1660 1509 1744 1560 καί
1770 1513 1868 1574 σφι

210 1590 461 1658 χωρήσειν
505 1594 568 1642 τὰ
612 1593 901 1657 βούλονται·
961 1589 1023 1657 ἢν
1073 1596 1127 1645 δὲ
1168 1593 1351 1661 ,αὐτίκα
1403 1593 1864 1659 ἐπιστρατεύωνται,

211 1678 376 1727 πολλὰ
421 1675 516 1740 μέν
564 1683 727 1743 σφεας
776 1679 832 1728 ἐν
876 1683 945 1747 τῷ
991 1676 1174 1742 μεταξὺ
1221 1681 1308 1728 τοῦ
1353 1677 1538 1745 χρόνου
1582 1677 1864 1734 πείσεσθαι,

210 1761 377 1810 πολλὰ
436 1763 486 1811 δὲ
550 1761 628 1812 καὶ
684 1760 930 1825 ποιήσειν,
984 1760 1132 1814 τέλος
1186 1760 1355 1826 μέντοι
1408 1759 1863 1827 καταστρέψεσθαι.

211 1848 363 1894 ταῦτα
395 1845 459 1896 ὡς
489 1843 849 1912 ἀπενειχθέντα
876 1844 1099 1910 ἤκουσαν
1128 1848 1174 1897 οἱ
1198 1845 1468 1910 Ἀθηναῖοι,
1493 1850 1561 1915 τῷ
1583 1847 1675 1910 μὲν
1698 1846 1864 1914 Αἰακῷ
1892 1865 1941 1894 20

210 1926 410 1991 τέμενος
456 1927 699 1993 ἀπέδεξαν
732 1934 887 1980 τοῦτο
938 1929 994 1980 τὸ
1041 1929 1139 1982 νῦν’
1175 1930 1257 1981 ἐπὶ
1295 1933 1382 1994 τῆς
1428 1930 1612 1996 ἀγορῆς
1659 1930 1861 1996 ἵδρυται,

210 2009 470 2075 τριήκοντα
507 2015 560 2064 δὲ
600 2012 713 2064 ἔτεα
750 2013 838 2064 οὐκ
881 2012 1164 2080 ἀνέσχοντο
1204 2013 1511 2067 ἀκούσαντες
1547 2014 1672 2067 ὅκως
1714 2016 1866 2081 χρεὸν

98 2109 171 2155 9ο
211 2096 282 2158 εἴη
339 2097 567 2163 ἐπισχεῖν
610 2098 928 2151 πεπονθότας
980 2097 1102 2163 πρὸς
1153 2096 1460 2164 Αἰγινητέων
1511 2096 1740 2164 ἀνάρσια.
1813 2098 1866 2150 ἐς

208 2180 443 2244 τιμωρίην
473 2183 526 2232 δὲ
562 2181 1110 2246 παρασκευαζομένοισι
1145 2182 1339 2233 αὐτοῖσι
1378 2183 1430 2232 ἐκ
1460 2182 1865 2246 Λακεδαιμονίων

209 2266 408 2328 πρῆγμα
468 2266 783 2330 ἐγειρόμενον
841 2266 1077 2330 ἐμπόδιον
1138 2265 1350 2332 ἐγένετο.
1439 2266 1708 2330 πυθόμενοι
1769 2267 1864 2332 γὰρ
1890 2283 1937 2324 ²5

208 2349 584 2412 Λακεδαιμόνιοι
627 2351 690 2399 τὰ
735 2351 790 2400 ἐκ
837 2354 935 2401 τῶν
981 2348 1386 2414 Ἀλκμεωνιδέων
1433 2352 1483 2403 ἐς
1532 2349 1624 2414 τὴν
1670 2349 1863 2413 Πυθίην
1908 2344 1910 2347 ’

206 2430 594 2499 μεμηχανημένα
623 2432 703 2483 καὶ
732 2435 792 2483 τὰ
823 2435 876 2483 ἐκ
906 2437 993 2497 τῆς
1025 2435 1213 2497 Πυθίης
1245 2434 1326 2485 ἐπὶ
1357 2432 1522 2501 σφέας
1557 2455 1611 2486 τε
1644 2433 1721 2485 καὶ
1750 2431 1862 2485 τοὺς
1898 2425 1904 2428 ’

262 2583 286 2606 2
305 2568 486 2620 μάλιστα
499 2575 597 2621 post
610 2575 802 2622 ’γυναῖκας
815 2571 876 2623 (3)
896 2572 926 2611 S
941 2572 979 2610 V
994 2572 1032 2611 U
1089 2571 1288 2613 ἀντιθέναι
1306 2573 1339 2611 C
1437 2585 1460 2621 4
1484 2571 1706 2625 ἐπιχωρίων
1721 2571 1751 2610 S
1765 2570 1803 2608 V
1818 2569 1858 2609 U

206 2626 233 2661 6
261 2641 308 2665 τε
329 2625 408 2663 del.
434 2624 526 2664 Eltz
546 2639 555 2664 ε
585 2625 630 2665 ἔκ
649 2643 747 2666 τοτε
769 2626 800 2665 S
910 2626 1006 2677 τὴν]
1028 2631 1110 2668 τῶν
1130 2628 1163 2666 C
1180 2627 1214 2665 P
1371 2628 1398 2666 8
1429 2629 1471 2680 ἐξ
1488 2626 1704 2675 Ἀθηναίων
1722 2625 1810 2663 ΑΒ
1823 2626 1858 2665 C

206 2692 233 2727 9
261 2680 314 2720 τὰ
333 2679 413 2718 del.
438 2679 593 2718 Struve
735 2679 780 2721 δὲ
803 2681 965 2720 SVU:
995 2681 1037 2722 δὲ
1059 2683 1106 2730 δὴ
1130 2681 1330 2732 Krueger
1541 2694 1592 2720 10
1617 2697 1751 2732 γινομ.
1777 2679 1861 2719 SV

212 2746 259 2770 12
287 2734 352 2785 τε]
374 2732 418 2774 δὲ
439 2734 520 2772 SV
535 2734 603 2773 U:
632 2749 714 2774 om.
739 2735 772 2773 C
940 2737 1079 2785 ἐδήευν
1100 2736 1234 2776 SVU
1459 2747 1508 2785 13
1537 2735 1702 2788 Αἰγίνης
1723 2733 1858 2773 SVU

211 2799 257 2836 15
288 2788 414 2827 αικίου
434 2788 468 2826 Ρ
481 2789 510 2827 S
523 2789 562 2827 V
576 2790 614 2827 U
775 2790 869 2831 ἔτεα
886 2803 967 2830 om.
991 2791 1022 2830 S
1035 2790 1072 2829 V
1295 2804 1344 2840 19
1371 2788 1447 2841 μὲν
1464 2789 1506 2828 Α
1518 2789 1554 2828 Β
1693 2792 1858 2840 ·ψασθαι

208 2841 243 2879 Β
257 2841 287 2880 S
299 2842 337 2879 V
351 2842 389 2881 U
574 2858 627 2882 22
655 2845 790 2898 χρεὼν
810 2845 843 2883 C
863 2845 897 2883 P
913 2846 943 2884 S
954 2845 992 2883 V
1005 2845 1043 2884 U
1237 2858 1291 2896 23
1320 2845 1384 2886 ὑπ’
1403 2841 1654 2896 Αἰγινητέων
1671 2841 1712 2880 Α
1726 2842 1761 2880 Β
1776 2842 1810 2881 C
1825 2841 1861 2880 P

207 2909 259 2944 24
290 2899 447 2938 αὐτοῖσι
467 2911 548 2937 om.
572 2899 605 2936 C
784 2911 836 2948 25
868 2900 1011 2953 ἐγειρ.]
1033 2900 1253 2952 γενόμενον
1275 2900 1309 2939 Ρ
1322 2899 1353 2939 S
1366 2900 1405 2939 V
1418 2898 1457 2938 U
1623 2899 1677 2936 26
1705 2898 1741 2938 οἱ
1758 2903 1856 2938 Λακ.

208 2950 238 2989 S
250 2950 287 2988 V
301 2950 340 2989 U
363 2953 368 2959 ’
455 2953 687 3003 Ἀλκμαιον.
711 2953 743 2993 S
753 2953 792 2992 V
806 2954 845 2992 U
