2112 3386
761 126 1137 176 ΙΣΤΟΡΙΩΝ
1199 128 1238 175 Ζ
1872 133 2021 185 VI.8

171 257 292 328 πρὸς
333 257 553 326 ἑσπέρην
594 258 738 327 κέρας
783 256 963 323 Σάμιοι
1004 253 1244 321 ἑξήκοντα
1288 268 1450 323 νηυσί.
1544 258 1742 328 πασέων
1782 263 1833 314 δὲ

171 342 386 396 τουτέων
422 344 449 394 ὁ
490 342 715 405 συνάπας
755 341 959 410 ἀριθμὸς
1001 340 1200 409 ἐγένετο
1239 347 1370 409 τρεῖς
1411 345 1489 397 και
1530 343 1837 410 πεντήκοντα

173 428 253 481 καὶ
282 429 562 495 τριηκόσιαι
601 425 835 495 τριήρεες.
926 426 1068 478 αὗται
1107 429 1198 498 μὲν
1238 426 1607 493 Ἰώνωνῆσαν,
1648 434 1747 481 τῶν
1782 432 1835 482 δὲ
1875 448 1912 496 9

0 497 91 554 '¹¹3¹
171 512 450 580 βαρβάρων
484 511 542 566 τὸ
586 514 777 576 πλῆθος
821 515 921 563 τῶν
966 515 1092 562 νεῶν
1133 509 1269 583 Q
1315 510 1587 576 ἑξακόσιαι.
1675 511 1739 568 ὧς
1784 517 1838 566 δὲ

125 617 146 658 5
173 598 253 649 καὶ
283 596 427 650 αὗται
456 596 666 650 ἀπίκατο
690 595 812 664 πρὸς
842 594 934 659 τὴν
957 596 1221 660 Μιλησίην
1254 597 1332 648 καὶ
1356 597 1382 646 ὁ
1406 598 1550 662 πεζός
1580 604 1678 666 σφι
1707 596 1836 653 ἄπας

127 702 129 705 ·
171 684 348 749 παρῆν,
376 682 586 734 ἐνθαῦτα
614 682 661 733 οἱ
693 678 936 747 Περσέων
967 679 1240 747 στρατηγοὶ
1272 682 1537 746 πυθόμενοι
1566 682 1623 733 τὸ
1647 685 1838 751 πλῆθος

171 771 270 820 τῶν
315 764 489 839 'Q
532 769 658 818 νεῶν
707 764 1093 837 καταρρώδησαν
1139 763 1310 833 Q}
1357 767 1554 819 δυνατοὶ
1598 766 1838 834 γένωνται
1858 756 2077 823 ῥ’-Μῗὲῗ
2085 773 2112 800 :¹

170 849 563 918 ὑπερβαλέσθαι,
609 849 688 902 καὶ
735 850 888 902 οὕτως
920 847 1167 927 &xm
1211 850 1442 914 Μίλητον
1480 851 1583 903 οἷοί
1619 851 1838 929 agmon

0 910 37 973 7
172 932 364 999 ἐξελεῖν
392 934 462 1001 μὴ
492 933 579 987 οὐκ
617 935 783 988 ἐόντες
814 925 1155 1000 ναυκράτορες,
1172 932 1418 1003 πρόςζς,
1432 937 1646 1002 Δαρείου
1679 940 1835 988 κινδυ-
1863 902 1953 972 q
1980 918 2009 946 ι’
2027 923 2042 967 7
2056 943 2066 948 “

0 1011 149 1081 ..(10
171 1018 392 1072 νεύσωσι
423 1019 574 1071 κακόν
603 1039 651 1071 τι
681 1022 881 1084 λαβεῖν.
956 1022 1111 1069 ταῦτα
1133 1019 1478 1087 ἐπιλεγόμενοι
1502 1019 1837 1085 συλλέξαντες
1875 1045 1901 1077 2

0 1097 96 1129 ’ν’
171 1108 270 1156 τῶν
306 1102 488 1156 Ἰώνων
527 1102 643 1157 τοὺς
682 1101 966 1170 τυράννους,
1010 1102 1057 1155 οἳ
1096 1101 1178 1154 ὑπ’
1208 1101 1580 1178 Ἀρισταγόρεω
1620 1107 1712 1171 μὲν
1751 1110 1837 1157 τοῦ

174 1187 432 1253 Μιλησίου
476 1186 834 1257 καταλυθέντες
878 1191 978 1253 τῶζζ
1024 1184 1221 1255 ἆρχέαὲν
1261 1186 1478 1259 ἔφευγον
1517 1190 1570 1243 ἐς
1618 1188 1833 1256 Μήδους,

172 1271 449 1341 ἐτύγχανον
472 1275 526 1326 δὲ
548 1273 663 1324 τότε
687 1272 1138 1338 συστρατευόμενοι
1161 1271 1244 1324 ἐπὶ
1266 1271 1355 1336 τὴν
1381 1274 1625 1338 Μίλητον,
1651 1274 1838 1326 τούτων

172 1360 270 1409 τῶν
293 1357 484 1423 ἀνδρῶν
507 1356 622 1410 τοὺς
651 1357 928 1424 παρεόντας
952 1354 1358 1423 συγκαλέσαντες
1381 1356 1561 1426 ἔλεγόν
1585 1364 1683 1425 σφι
1703 1357 1836 1411 τάδε·

0 1440 375 1507 θβὶι5”Ανδρες
418 1431 607 1577 Ἴωνεξ,
654 1445 742 1494 νῦν
791 1462 867 1495 τις
917 1439 1085 1511 ὑμέων1
1133 1440 1186 1492 εὖ
1236 1439 1450 1512 Ξοιήσας
1495 1441 1701 1510 φανήτω
1751 1442 1853 1513 Q
1876 1461 1902 1504 3

173 1524 419 1596 Ιβασιλέος
454 1525 607 1590 οἳκομ·
654 1525 766 1579 τοὺς
802 1527 898 1595 γὰρ
936 1526 1118 1576 ἑωυτοῦ
1155 1525 1365 1579 ἕκαστος
1398 1526 1560 1591 ὑμέων
1599 1525 1839 1591 πολιήτας

173 1607 427 1676 πειράσθω
468 1610 760 1678 ἀποσχίζων
800 1611 898 1661 ἀπὸ
937 1614 1023 1661 τοῦ
1061 1614 1242 1661 λοιποῦ
1282 1616 1611 1678 συμμαχικοῦ.
1698 1620 1836 1677 προϊ-

175 1694 416 1762 σχόμενοι
461 1697 514 1746 δὲ
563 1695 938 1761 ἐπαγγείλασθε
985 1693 1117 1752 τάδε,
1166 1693 1230 1747 ὡς
1280 1694 1547 1747 πείσονταί
1582 1716 1645 1766 ῑ-ε,
1688 1695 1840 1769 Q

174 1777 316 1847 Qv
362 1780 442 1830 διὰ
481 1778 572 1843 τὴν
612 1772 1063 1848 ἀπόστασινᾸόῦᾗδ-’έ
1088 1774 1367 1844 *aspa-0137?
1392 1781 1467 1830 ’τὰ
1508 1772 1587 1850 ἱρὰ
1620 1776 1739 1831 οὔτε
1779 1781 1839 1831 τὰ

101 1883 152 1911 20
175 1864 275 1914 ἴδια
303 1861 693 1929 ἐμπεπρήσεται,
720 1862 832 1914 οὐδὲ
861 1862 1150 1931 βιαιότερον
1180 1860 1522 1930 ἕξουσιούδὲν
1547 1859 1576 1927 ἢ
1600 1864 1838 1931 πρότερον

0 1928 96 1993 'ss'
175 1946 331 2014 εἶχον·
379 1947 423 1999 εἶ
447 1949 500 2000 δὲ
520 1951 672 1999 ταῦτα
694 1949 787 2012 μὲν
811 1946 868 1997 οὗ
891 1944 1181 2013 ποιήσουσι,
1209 1948 1254 1998 οἱ
1278 1949 1330 1998 δὲ
1355 1946 1550 2001 πάντως
1573 1949 1653 2000 διὰ
1674 1947 1839 2015 μάχης
1875 1964 1903 2006 4
1938 2009 1949 2019 .
2057 1988 2068 1998 .
2110 2012 2112 2025 A

0 2032 140 2082 aar
176 2031 484 2099 ἐλεύσονταιι
505 2030 623 2084 τάδε
645 2030 736 2096 ἤδη
763 2038 863 2098 σφι
883 2029 1061 2098 λέγετε
1085 2029 1453 2100 ἐπηρεάζοντες,
1475 2030 1537 2083 τά
1560 2053 1650 2098 περ
1675 2007 2112 2110 ‘'Qf'affw

178 2114 383 2186 Qre'geb
418 2115 484 2170 ὡς
521 2114 832 2169 ἑσσωθέντες
868 2116 927 2187 τῇ
956 2114 1094 2188 μάχῃ
1130 2112 1740 2183 QUO-LK&
1776 2117 1840 2168 ὥς
1865 2107 2112 2161 mm

177 2207 353 2268 σφεων
392 2199 507 2254 τοὺς
543 2204 721 2256 παῖδας
757 2201 988 2266 ἐκτομίας
1029 2197 1321 2265 ποιήσομεν,
1355 2202 1441 2253 τὰς
1479 2203 1531 2252 δὲ
1567 2199 1839 2268 παρθένους

0 2281 150 2348 kls-25
176 2284 531 2338 ἀνασπάστους
561 2287 612 2338 ἐς
644 2284 857 2352 Βάκτρα,
895 2284 974 2336 καὶ
994 2284 1071 2350 ηὼς
1106 2274 1198 2348 τὴν
1235 2284 1404 2353 χώρην
1439 2284 1646 2336 ἄλλοισι
1681 2307 1836 2351 παρα-

0 2357 100 2408 ²⁶9⁴
176 2370 419 2436 δώσομεν.
494 2371 540 2422 οἱ
563 2372 654 2435 μὲν
678 2363 737 2435 δη
763 2363 943 2436 ε’ῗλεγον
960 2373 1128 2428 ταῦτα,
1151 2374 1250 2420 τῶν
1273 2371 1324 2420 δὲ’
1347 2368 1528 2421 Ἰώνων
1548 2371 1593 2421 οἱ
1613 2369 1841 2435 τύραννοι
1878 2382 1936 2416 10

176 2452 445 2520 διέπεμπον
479 2453 650 2508 νυκτὸς
687 2454 897 2507 ἕκαστος
935 2455 986 2508 ἐς
1023 2453 1136 2506 τοὺς
1173 2456 1355 2504 ἑωυτοῦ
1391 2451 1837 2520 ἐξαγγελλόμενος.

235 2605 251 2631 1
286 2592 400 2647 κέρας
424 2606 504 2632 om.
532 2593 563 2632 S
580 2638 586 2645 ,
729 2591 891 2633 πάντων
911 2590 954 2632 δὲ
974 2591 1129 2633 τούτων
1149 2590 1189 2636 Α
1205 2592 1237 2629 Β
1254 2592 1287 2630 C
1501 2605 1525 2630 2
1556 2595 1576 2632 ὁ
1597 2605 1678 2632 om.
1704 2591 1742 2630 R
1758 2592 1788 2630 S
1804 2592 1841 2630 V

177 2646 335 2699 σύμπας
350 2647 476 2687 ABC
488 2647 521 2686 P
631 2661 656 2697 3
676 2646 835 2700 τριήρες
854 2646 893 2684 R
1006 2659 1030 2697 5
1056 2648 1170 2687 αυταὶ
1187 2645 1270 2684 ΑΒ
1282 2647 1315 2684 C
1328 2646 1361 2683 P
1471 2661 1497 2696 9
1519 2646 1783 2699 ναυκράτηρες
1801 2647 1836 2684 R

183 2715 230 2741 10
260 2706 366 2744 ἐπιλ.
392 2702 535 2755 ἔλεξαν
556 2711 677 2744 συλλ.
703 2702 838 2741 ABC
984 2714 1031 2750 14
1063 2710 1134 2751 σφι
1156 2713 1238 2740 om.
1266 2701 1298 2738 P
1313 2701 1351 2739 R
1367 2701 1447 2739 SV
1591 2703 1640 2739 16
1670 2703 1836 2751 {wurofi}

176 2757 330 2805 αὐτέων
348 2757 388 2796 Α
402 2757 436 2796 Β
452 2758 486 2797 C
698 2769 744 2806 17
776 2755 1015 2809 ἀποσχίζων
1038 2756 1076 2794 R
1092 2757 1121 2795 S
1138 2755 1174 2793 V
1390 2756 1436 2793 18
1468 2755 1748 2808 ἐπαγγέλεσθε
1772 2756 1809 2794 R
1831 2771 1839 2794 :

178 2811 408 2863 ε’παγγέλλ.
430 2811 490 2852 V:
523 2812 757 2864 ἆπαγγέλλ.
782 2811 812 2851 S
932 2828 995 2851 πει
1022 2810 1193 2859 ήσονταί
1213 2811 1246 2849 C
1380 2823 1434 2848 20
1465 2810 1712 2864 ἐμπρήσεται
1735 2809 1784 2850 Ρι
1800 2811 1837 2850 R

178 2865 305 2905 SVC
328 2869 530 2919 (-σσεται)
694 2879 741 2904 21
775 2865 840 2917 οὗ]
861 2866 916 2917 μὴ
944 2866 976 2903 Ρ
1006 2865 1026 2902 ἒ
1046 2866 1076 2904 S
1092 2865 1128 2903 V
1239 2866 1463 2913 ποιήσωσιν
1486 2865 1523 2903 R
1682 2878 1732 2904 22
1763 2868 1837 2914 ἤδη

179 2933 260 2961 om.
296 2920 379 2960 PR
397 2921 477 2960 SV
619 2919 790 2973 ε’πιρεάζ.
812 2920 879 2959 ΛἿ
902 2924 1016 2973 ’ἐπερ-
1049 2921 1079 2959 S
1095 2920 1155 2958 V:
1188 2937 1278 2973 πηρ.
1306 2920 1343 2958 R
1518 2933 1570 2970 23
1599 2920 1760 2972 κατάξει
1788 2923 1838 2961 ὡς

179 2974 448 3018 εσσωθέοντες
472 2976 507 3014 R
529 2976 558 3015 S
577 2976 614 3014 V
779 2988 830 3025 25
861 2978 1094 3028 παραδῶμεν
1117 2975 1149 3012 C
1318 2976 1370 3014 26
1399 2974 1547 3027 ταῦτα]
1569 2976 1664 3016 τάδε
1684 2974 1724 3014 Α
1746 2975 1779 3013 Β
1804 2975 1837 3014 C

179 3041 230 3079 27
262 3030 634 3084 ἐξαγγελλομένους
654 3029 707 3069 Α1
726 3027 779 3070 B¹
