2132 3340
758 65 1137 113 ιΣτοΡΙΩΝ
1199 65 1247 112 Η
1875 67 1990 117 vn.
2018 64 2112 129 189

168 197 390 264 ὅρμηται,
435 196 848 261 συμβαλλόμενοι
890 197 1045 263 σφίσι
1085 199 1170 248 τὸν
1217 197 1378 262 Βορῆν
1418 198 1650 262 γαμβρὸν
1692 194 1833 255 εἶναι,

167 279 525 349 ναυλοχέοντες
554 283 640 345 τῆς
673 280 891 345 Εὐβοίης
921 281 975 332 ἐν
1005 282 1221 332 Χαλκίδι
1253 280 1318 334 ὡς
1349 280 1536 345 ἔμαθον
1561 278 1835 345 αὐξόμενον

167 364 254 417 τὸν
282 369 504 433 χειμῶνα
533 359 563 429 ἢ
597 364 675 416 καὶ
706 364 800 431 πρὸ
831 364 1021 424 τούτου,
1057 364 1263 416 ἐθύοντό
1292 386 1347 416 τε
1386 363 1465 416 καὶ
1503 363 1834 417 ἐπεκαλέοντο

167 450 254 502 τόν
284 470 339 502 τε
370 452 531 516 Βορῆν
562 450 641 502 καὶ
675 448 766 513 τὴν
796 448 1082 516 Ὠρείθυιαν
1117 451 1397 516 τιμωρῆσαι
1429 450 1584 516 σφίσι
1617 448 1697 500 καὶ
1727 452 1831 501 δια-

119 554 142 596 5
167 537 369 602 φθεῖραι
413 538 512 586 τῶν
557 532 836 602 βαρβάρων
883 535 970 588 τὰς
1017 532 1147 593 νέας,
1188 534 1252 587 ὡς
1305 533 1384 585 καὶ
1433 533 1676 601 πρότερον
1722 534 1834 600 περὶ

160 616 344 671 Ἀθων.
431 620 476 671 εἶ
505 617 595 684 μέν
625 640 713 671 νυν
742 621 822 671 διὰ
851 623 1004 670 ταῦτα
1033 624 1168 671 τοῖσι
1197 617 1510 686 βαρβάροισι
1540 617 1776 684 ὁρμέουσι
1807 620 1832 669 ὁ
1872 638 1897 681 3

168 706 327 770 Βορῆς
361 701 595 762 ἐπέπεσε,
630 704 716 755 οὐκ
751 702 852 771 ἔχω
891 704 1063 754 εἰπεῖν·
1115 705 1160 755 οἱ
1199 703 1240 754 δ’
1278 700 1346 754 ὧν
1380 702 1637 767 Ἀθηναῖοι
1675 704 1833 770 σφίσι

163 786 376 854 λέγουσι
411 786 740 853 βοηθήσαντα
782 786 870 839 τὸν
912 791 1072 853 Βορῆν
1113 788 1354 854 πρότερον
1396 788 1476 839 καὶ
1515 788 1629 863 τότε
1669 788 1833 839 ἐκεῖνα

165 871 587 940 κατεργάσασθαι,
621 873 700 924 καὶ
731 871 836 939 ἱρὸν
867 873 1173 925 ἀπελθόντες
1205 871 1371 939 Βορέω
1405 872 1670 938 ἱδρύσαντο
1698 873 1831 940 παρὰ

92 977 141 1006 ιο
163 955 387 1022 ποταμὸν
417 955 662 1009 Ἰλισσόν.
750 958 802 1008 ἐν
833 957 988 1026 τούτῳ
1026 961 1091 1026 τῷ
1129 957 1263 1026 πόνῳ
1296 955 1425 1015 νέας,
1458 957 1505 1008 οἳ
1537 957 1828 1024 ἐλαχίστας,
1869 978 1968 1026 190

163 1039 374 1108 λέγουσι
411 1043 744 1108 διαφθαρῆναι
780 1039 1142 1108 τετρακοσιέων
1178 1041 1264 1092 οὐκ
1306 1040 1610 1100 ἐλάσσονας,
1650 1040 1831 1108 ἄνδρας

162 1145 219 1178 τε
248 1123 605 1192 ἀναριθμήτους
628 1124 895 1193 χρημάτων
919 1147 974 1178 τε
995 1128 1188 1190 πλῆθος
1211 1125 1453 1193 ἄφθονον·
1499 1125 1632 1177 ὥστε
1662 1125 1828 1191 Ἀμει-

161 1208 333 1262 νοκλέῖ
361 1214 427 1280 τῷ
458 1210 711 1277 Κρητίνεω
742 1211 882 1276 ἀνδρὶ
915 1209 1151 1276 Μάγνητι
1179 1209 1446 1278 γηοχέοντι
1469 1211 1579 1277 περὶ
1603 1209 1829 1274 Σηπιάδα

160 1293 392 1362 μεγάλως
425 1295 456 1360 ἡ
496 1296 704 1362 ναυηγίη
745 1295 867 1359 αὕτη
908 1292 1107 1361 ἐγένετο
1148 1293 1362 1362 χρηστή·
1426 1293 1480 1348 ὃς
1524 1297 1693 1346 πολλὰ
1736 1298 1829 1360 μὲν

89 1398 136 1442 15
161 1378 355 1448 χρύσεα
411 1377 622 1446 ποτήρια
675 1378 866 1448 ὑστέρῳ
923 1379 1089 1449 χρόνῳ
1142 1380 1531 1447 ἐκβρασσόμενα
1581 1381 2124 1445 ἆνείλετο,ὑοιοὶύ·γῠ·-

161 1466 330 1515 πολλὰ
366 1466 419 1516 δὲ
456 1463 686 1531 ἀργύρεα,
719 1464 996 1530 θησαυρούς
1029 1485 1086 1515 τε
1120 1468 1219 1515 τῶν
1255 1463 1497 1530 Περσέων
1535 1463 1658 1530 εὗρε,
1690 1463 1827 1516 ἄλλα
2031 1436 2132 1484 “⁴⁸¹

159 1569 215 1600 τε
242 1544 471 1616 [χρύσεα]
491 1547 662 1615 ἄφατα
684 1547 915 1616 χρήματα
937 1547 1285 1615 περιεβάλετο.
1359 1547 1475 1599 ἀλλ’
1499 1549 1525 1598 ὁ
1547 1550 1640 1613 μὲν
1662 1548 1827 1600 τᾶλλα
1843 1557 2071 1604 ΜΔ,
2095 1589 2107 1603 .

160 1631 246 1683 οὐκ
277 1631 521 1700 εὐτυχέων
553 1630 795 1698 εὑρήμασι
823 1631 953 1699 μέγα
987 1632 1230 1685 πλούσιος
1267 1631 1478 1699 ἐγένετο·
1532 1630 1592 1696 ἧν
1627 1631 1722 1699 γάρ
1752 1654 1826 1686 τις

161 1716 241 1768 καὶ
283 1721 459 1769 τοῦτον
502 1716 678 1784 ἄχαρις
693 1776 703 1779 ,.
723 1716 958 1784 συμφορὴ
1001 1720 1230 1768 λυπεῦσα
1272 1717 1593 1783 παιδοφόνος.
1684 1739 1822 1768 σιτα-
1865 1736 1952 1782 191

13 1791 43 1795 Δγ
85 1819 137 1847 20
160 1805 336 1868 γωγῶν
372 1803 426 1853 δὲ
461 1799 687 1853 ὁλκάδων
724 1801 803 1852 καὶ
838 1805 936 1853 τῶν
974 1799 1148 1853 ἄλλων
1178 1802 1368 1853 πλοίων
1399 1800 1825 1868 διαφθειρομένων

159 1885 246 1937 οὐκ
278 1887 401 1950 ἐπῆν
438 1886 660 1952 ἀριθμός,
692 1885 825 1938 ὥστε
861 1887 1118 1939 δείσαντες
1154 1888 1198 1937 οἱ
1237 1885 1508 1952 στρατηγοὶ
1544 1890 1630 1937 τοῦ
1659 1907 1821 1938 ναυτι-

159 1974 246 2021 κοῦ
275 1974 489 2037 στρατοῦ
511 1969 577 2035 μή
602 1977 701 2038 σφι
725 1969 1112 2035 κεκακωμένοισι
1143 1969 1436 2022 ἐπιθέωνται
1465 1972 1511 2022 οἱ
1537 1971 1822 2030 Θεσσαλοί,

157 2053 298 2120 ἕρκος
326 2054 528 2122 ὑψηλὸν
558 2057 611 2106 ἐκ
642 2059 742 2107 τῶν
771 2056 1019 2122 ναυηγίων
1049 2054 1429 2121 περιεβάλοντο.
1517 2053 1700 2121 ἡμέρας
1728 2057 1824 2122 γὰρ
1863 2078 1888 2109 2

158 2137 216 2203 δὴ
242 2139 472 2208 ἐχείμαζε
501 2143 647 2206 τρεῖς·
694 2138 841 2193 τέλος
871 2142 924 2192 δὲ
949 2138 1131 2205 ἔντομά
1161 2161 1216 2191 τε
1246 2143 1498 2193 ποιεῦντες
1524 2139 1602 2191 καὶ
1628 2141 1819 2191 καταεί-

1075 2263 1115 2295 τὸ

215 2319 233 2345 1
266 2307 442 2359 ὥρμηται
464 2306 498 2345 C
514 2305 574 2344 P:
605 2305 785 2359 ὡρμέατο
810 2305 848 2344 R
868 2323 876 2346 ε
909 2305 1110 2359 ὣρμέαται
1125 2304 1192 2344 V:
1221 2303 1403 2358 ὡρμέατο
1424 2306 1473 2345 τὸ
1496 2304 1527 2344 S
1612 2305 1821 2356 συμβαλό-

153 2361 269 2412 μενοί
287 2361 353 2402 A:
384 2360 724 2412 συμβαλλόμενόν
745 2360 827 2399 SV
957 2360 1075 2412 σφίσι
1097 2360 1219 2399 Stein
1240 2374 1249 2398 ε
1279 2368 1352 2412 σφι
1377 2359 1410 2397 L
1578 2373 1602 2398 2
1634 2362 1822 2413 Εὐρώπης

157 2414 197 2454 R
211 2414 296 2455 SV
486 2429 510 2465 3
540 2417 565 2464 ἢ
585 2428 667 2455 orn.
694 2416 733 2454 R
751 2414 781 2453 S
795 2415 834 2453 V
958 2414 1074 2456 ἔθυον
1092 2414 1190 2455 τότε
1212 2414 1276 2453 C:
1307 2414 1422 2455 ἔθυόν
1441 2432 1487 2455 τε
1507 2415 1534 2454 d
1719 2428 1742 2464 4
1775 2432 1822 2455 τε

154 2470 761 2524 ροειΒορῆνΡ;,οηι.35ν
928 2478 1001 2521 σφι
1033 2469 1265 2508 CPRSV
1484 2472 1511 2508 6
1544 2469 1650 2510 Ἄθω
1683 2469 1822 2508 Rsv

154 2525 243 2577 νυν]
267 2525 335 2567 οὖν
357 2525 475 2564 RV:
504 2538 585 2564 om.
613 2525 643 2564 S
757 2528 777 2565 ὁ
798 2538 878 2564 orn.
903 2524 992 2563 AB
1008 2524 1042 2563 C
1058 2524 1091 2562 P
1232 2537 1253 2573 7
1285 2523 1431 2577 Βορέης
1454 2524 1492 2561 R
1508 2524 1591 2563 SV
1701 2524 1820 2576 σφίσι

154 2579 302 2620 Stein:
343 2589 415 2632 σφι
450 2580 482 2618 L
701 2582 727 2619 8
760 2580 1019 2629 βοηθήσοντα
1048 2579 1185 2618 ABC
1405 2592 1432 2629 9
1473 2579 1706 2632 ιδρύσασθαι
1737 2578 1820 2617 CP

158 2647 206 2673 12
236 2635 510 2685 Ἀμεινοκλέει
531 2634 569 2673 Α
586 2634 619 2673 Β
638 2650 646 2674 z
678 2634 919 2684 Ἀμινοκλέη
942 2634 980 2672 R
996 2633 1026 2672 S
1040 2634 1080 2672 V
1235 2646 1283 2683 14
1315 2634 1416 2682 αὕτη
1438 2639 1534 2683 post
1555 2634 1720 2685 χρηστή
1742 2632 1791 2671 Ρ1
1810 2649 1820 2672 t

153 2701 234 2728 om.
255 2689 295 2728 A
309 2690 344 2728 B
360 2689 394 2728 C
578 2701 626 2739 15
657 2690 848 2731 ἀνείλατο
871 2689 910 2727 R
925 2687 1007 2727 SV
1190 2700 1236 2737 17
1269 2688 1423 2741 χρύσεα
1447 2688 1528 2728 del.
1554 2687 1820 2727 Valckenaer

153 2745 290 2797 ἄφατα
323 2758 403 2784 om.
441 2745 479 2783 A
503 2745 537 2783 B
559 2744 593 2783 C
759 2743 1059 2797 περιεβάλλετο
1091 2743 1124 2782 C
1144 2743 1182 2780 R
1202 2742 1232 2782 S
1248 2742 1287 2781 V
1452 2745 1503 2783 τὰ
1532 2744 1646 2783 ’ἄλλα
1674 2741 1714 2780 Α
1731 2742 1765 2780 Β
1782 2742 1816 2781 C

157 2811 208 2850 19
235 2798 390 2841 τούτων
411 2799 460 2838 C¹
593 2813 646 2838 22
671 2799 822 2851 σφίσιῖ
845 2799 969 2837 Stein
1081 2795 1396 2846 κεκακωμένοισι
1424 2797 1556 2849 (-ησ·ιν
1578 2797 1635 2848 V)
1661 2799 1817 2838 αὐτοῖσι

154 2852 189 2891 Ρ
202 2853 241 2892 R
256 2853 287 2894 S
299 2855 338 2894 V
447 2867 500 2904 23
531 2855 726 2907 ναυαγίων
746 2854 785 2893 Α
802 2853 835 2891 Β
851 2853 885 2892 C
900 2853 957 2892 P:
989 2853 1210 2907 ναυηγιέων
1228 2851 1266 2891 R
1282 2852 1312 2890 S
1327 2851 1364 2890 V
1448 2853 1771 2906 περιεβάλλοντο
1786 2851 1817 2891 S

152 2920 204 2958 24
234 2908 476 2951 κατάδοντες
499 2910 538 2949 R
552 2910 582 2948 S
597 2910 633 2948 V
