2034 3328
723 110 1093 162 ιΣΤοΡῐΩΝ
1155 112 1194 161 E
1828 71 1891 173 ⁸V.
1918 134 1951 187 5

130 243 283 299 τάτου
321 245 521 308 ἑωυτῆς,
558 246 856 312 σφαχθεῖσα
892 247 945 298 δὲ
981 245 1313 299 συνθάπτεται
1349 252 1414 317 τῷ
1453 249 1607 316 ἀνδρί·
1653 253 1702 303 αἱ
1744 254 1795 304 δὲ

38 325 73 382 ζ’
130 329 286 382 ἄλλαι
322 327 588 396 συμφορὴν
616 327 841 396 μεγάλην
873 333 1138 382 ποιεῦνται·
1184 333 1371 385 ὄνειδος
1403 332 1495 399 γάρ
1527 340 1624 400 σφι
1653 341 1794 387 τοῦτο

23 468 28 477 ,
53 418 55 422 ”
129 413 372 484 μέγιστον
401 413 610 481 γίνεται,

44 558 54 575 3
212 502 330 551 Τῶν
360 499 413 550 δὲ
450 496 509 562 δὴ
541 496 713 550 ἄλλων
743 499 978 565 Θρηίκων
1010 499 1119 551 ἐστὶ
1155 500 1237 551 ὅδε
1273 501 1438 565 νόμος·
1485 506 1705 554 πωλεῦσι
1735 506 1794 555 τὰ
1830 508 1865 555 6

12 576 106 647 ’,ης
129 583 279 637 τέκνα
301 580 646 655 ἐπ’ἐξαγῳγῇ.
713 583 801 636 τὰς
823 578 914 649 [δὲ]
937 582 1209 650 παρθένους
1232 583 1288 635 οὐ
1312 584 1656 652 φυλάσσουσι,
1678 588 1791 639 ἀλλ’
1811 586 1991 655 *σφὼ*
2006 623 2011 629 -

40 683 44 686 ’
132 671 255 722 ἐῶσι
293 671 429 721 τοῖσι
466 666 608 718 αὐταὶ
649 666 925 732 βούλονται
962 666 1171 734 ἀνδράσι
1210 669 1498 736 μίσγεσθαι.
1582 672 1668 724 τὰς
1705 667 1794 737 [δὲ]

129 757 366 822 γυναῖκας
396 752 614 819 ἰσχυρῶς
643 749 988 818 φυλάσσουσι·
1033 747 1149 818 [καὶ]
1179 751 1417 805 ὠνέονται
1446 755 1534 807 τὰς
1563 760 1794 821 γυναῖκας

130 838 265 906 παρὰ
287 841 386 889 τῶν
407 834 597 904 γονέων
627 834 894 904 χρημάτων
915 834 1165 903 μεγάλων.
1232 832 1350 904 [καὶ]
1372 837 1428 889 τὸ
1449 841 1539 904 μὲν
1564 840 1793 907 ἐστίχθαι
1828 858 1853 890 2

132 920 329 990 εὐγενὲς
381 919 613 988 κέκριται,
662 924 717 972 τὸ
769 922 824 972 δὲ
873 918 1111 973 ἄστικτον
1162 920 1382 989 ἀγεννές.
1469 922 1621 990 ἀργὸν
1669 923 1793 975 εἶναι

35 1000 113 1078 ξ’ῐο
132 1005 426 1070 κάλλιστον,
452 1007 543 1073 γῆς
567 1007 621 1057 δὲ
643 1002 856 1072 ἐργάτην
880 1004 1193 1070 ἀτιμότατον.
1262 1005 1318 1058 τὸ
1344 1006 1430 1071 ζῆν
1453 1006 1550 1059 ἀπὸ
1573 1006 1793 1073 πολέμου

28 1117 44 1151 st
133 1090 212 1144 καὶ
234 1090 474 1156 ληιστύος
498 1087 791 1141 κάλλιστον.
860 1088 993 1140 οῦτοι
1022 1088 1113 1155 μέν
1138 1096 1313 1157 σφεων
1335 1092 1381 1142 οἱ
1403 1090 1792 1158 ἐπιφανέστατοι

131 1174 275 1241 νόμοι
306 1174 422 1228 εἶσί.
512 1173 651 1228 θεοὺς
688 1175 742 1226 δὲ
778 1171 1023 1239 σέβονται
1056 1173 1267 1239 μούνους
1301 1175 1496 1234 τούσδε,
1522 1174 1679 1244 Ἀρεα
1714 1177 1791 1228 καὶ
1827 1192 1857 1242 7

133 1259 388 1313 Διόνυσον
424 1257 502 1310 καὶ
530 1256 784 1324 ”Αρτεμιν·
831 1259 878 1310 οἱ
912 1260 966 1310 δὲ
1004 1257 1248 1324 βασιλέες
1287 1258 1462 1318 αὐτῶν,
1501 1257 1661 1326 πάρεξ
1695 1265 1792 1311 τῶν

18 1405 24 1418 Ἰ,
132 1342 303 1397 ἄλλων
354 1341 649 1407 πολιητέων,
704 1340 949 1408 σέβονται
994 1341 1209 1408 Ἑρμέην
1259 1341 1481 1409 μάλιστα
1539 1346 1662 1396 θεῶν
1716 1345 1793 1395 καὶ

63 1444 107 1488 15
130 1427 372 1495 ὀμνύουσι
405 1431 589 1494 μοῦνον
619 1430 792 1479 τοῦτον
825 1427 902 1478 καὶ
938 1425 1150 1493 λέγουσι
1180 1426 1439 1494 γεγονέναι
1475 1428 1569 1479 ἀπὸ
1601 1427 1791 1495 Ἑρμέω

130 1512 357 1569 ἑωυτούς.
443 1511 600 1579 ταφαὶ
636 1513 689 1564 δὲ
718 1515 852 1564 τοῖσι
883 1510 1140 1577 εὐδαίμοσι
1169 1512 1330 1564 αὐτῶν
1363 1512 1461 1564 εἶσὶ
1498 1513 1620 1564 αἵδε·
1665 1516 1793 1579 τρεῖς
1830 1522 1861 1570 8

129 1599 222 1663 μὲν
255 1594 441 1664 ἡμέρας
481 1597 762 1664 προτιθεῖσι
801 1594 886 1647 τὸν
927 1595 1099 1663 νεκρὸν
1140 1597 1219 1648 καὶ
1259 1601 1469 1648 παντοῖα
1509 1594 1793 1664 σφάξαντες

131 1678 265 1750 ἱρήια
285 1679 600 1751 εὐωχέονται,
622 1679 1030 1747 προκλαύσαντες
1048 1685 1259 1747 πρῶτον·
1293 1681 1462 1732 ἔπειτα
1480 1682 1533 1732 δὲ
1554 1680 1794 1732 θάπτουσι

25 1840 29 1841 ⁷
131 1764 533 1820 κατακαύσαντες
571 1760 602 1829 ἢ
642 1763 810 1832 ἄλλως
853 1772 919 1838 γῇ
961 1763 1256 1832 κρύψαντες,
1300 1769 1445 1833 χῶμα
1489 1767 1542 1816 δὲ
1586 1752 2034 1833 χέαντεςὶκσκουῖὲ

17 1847 106 1909 {20
130 1849 299 1918 ἀγῶνα
337 1852 521 1904 τιθεῖσι
559 1853 816 1908 παντοῖον,
860 1850 914 1901 ἐν
953 1853 1020 1918 τῷ
1061 1851 1122 1900 τὰ
1160 1846 1376 1914 μέγιστα
1415 1847 1571 1900 ἄεθλα
1610 1849 1793 1900 τίθεται
1817 1825 2034 1901 Qu

53 1984 57 1992 ,
130 1935 254 1998 κατὰ
302 1933 460 2003 λόχον
512 1933 865 2002 μουνομαχίης.
952 1932 1109 2000 ταφαὶ
1157 1935 1250 1998 μὲν
1300 1931 1358 1996 δὴ
1410 1932 1642 1999 Θρηίκων
1694 1932 2034 1994 dalfinum·

105 2017 286 2071 -αὗται.
1805 1989 2034 2083 &W

40 2167 45 2170 ,
210 2101 286 2156 Τὸ
329 2103 384 2155 δὲ
427 2100 548 2170 πρὸς
591 2099 758 2168 βορέω
804 2100 877 2153 ἔτι
921 2102 1008 2166 τῆς
1055 2101 1220 2169 χώρης
1262 2100 1442 2166 ταύτης
1486 2100 1645 2154 οὐδεὶς
1688 2098 1794 2167 ἔχει
1831 2116 1867 2164 9

129 2184 326 2256 φράσαι
359 2184 417 2238 τὸ
452 2184 670 2254 ἀτρεκές,
703 2184 884 2239 οἵτινές
920 2186 1021 2237 εἰσι
1057 2183 1306 2252 ἄνθρωποι
1342 2184 1588 2239 οἰκέοντες
1622 2182 1791 2248 αὐτήν,

56 2288 104 2341 25
128 2271 263 2324 ἀλλὰ
293 2272 356 2324 τὰ
376 2269 532 2338 πέρην
555 2269 646 2335 ἤδη
671 2274 759 2321 τοῦ
776 2268 979 2336 Ἴστρου
1009 2267 1188 2336 ἔρημος
1219 2270 1355 2336 χώρη
1381 2270 1613 2336 φαίνεται
1644 2269 1795 2319 ἐοῦσα

23 2354 40 2414 ’,
129 2354 208 2407 καὶ
238 2353 454 2423 ἄπειρος.
525 2355 738 2420 μούνους
768 2356 821 2406 δὲ
851 2347 1061 2419 δύναμαι
1083 2351 1330 2406 πυθέσθαι
1359 2351 1610 2406 οἰκέοντας
1642 2350 1795 2418 πέρην

22 2464 46 2478 r*
127 2443 214 2493 τοῦ
234 2437 438 2507 Ἴστρου
468 2438 756 2506 ἀνθρώπους
785 2441 919 2489 τοῖσι
950 2437 1136 2502 οὔνομα
1173 2436 1299 2489 εἶναι
1330 2437 1588 2505 Σιγύννας,
1623 2437 1794 2499 ἐσθῆτι

180 2576 732 2632 εμέγιστοντοῦτοὸνϋ
900 2590 925 2625 4
955 2575 1273 2617 36÷6CSVU
1439 2586 1464 2624 5
1494 2573 1538 2617 δὲ
1559 2573 1792 2615 om.SVU

125 2633 154 2675 6
181 2636 291 2675 τοῖσι
312 2632 498 2673 Struve:
525 2630 607 2673 οῖσι
629 2632 664 2671 C
679 2631 734 2670 P:
765 2629 823 2672 οῖς
845 2630 934 2670 rell.
1071 2629 1115 2670 δὲ
1135 2643 1215 2669 om.
1243 2630 1272 2669 S
1286 2631 1325 2669 V
1339 2629 1378 2668 U
1571 2642 1593 2678 7
1622 2630 1688 2670 καὶ
1710 2641 1791 2667 om.

127 2686 264 2727 SVU
448 2687 475 2725 8
504 2687 571 2728 καὶ
590 2699 671 2726 om.
698 2685 779 2724 SV
794 2685 832 2724 U
1018 2697 1045 2733 9
1075 2684 1216 2736 ἀγενές
1239 2683 1269 2723 S
1283 2684 1321 2723 V
1336 2684 1372 2722 U
1564 2695 1612 2733 13
1642 2681 1794 2724 αὐτέων

23 2791 25 2793 ¹
127 2741 261 2783 SVU
459 2754 508 2790 14
536 2740 741 2782 πολιτέων
763 2739 792 2779 S
806 2739 845 2778 V
860 2739 898 2778 U
1013 2740 1161 2792 Ἑρμῆν
1182 2737 1215 2777 L
1406 2739 1455 2778 16
1485 2737 1637 2780 αὐτέων
1656 2737 1687 2776 S
1701 2736 1738 2774 V
1754 2736 1791 2774 U

0 2778 32 2875 k·
130 2808 178 2846 17
207 2794 441 2850 προτιθέασι
461 2795 502 2834 Α
518 2795 552 2834 Β
567 2795 601 2835 C
617 2795 652 2834 P
812 2806 862 2845 19
889 2796 945 2847 γῇ
967 2793 1293 2846 κατακρύψαντες
1313 2791 1343 2832 S
1357 2793 1394 2831 V
1412 2793 1451 2831 U
1608 2804 1662 2831 20
1690 2790 1795 2832 ἆθλα

0 2885 7 2895 .
49 2854 55 2860 “
125 2850 216 2890 ΑΒ
231 2850 266 2892 C
418 2863 468 2890 21
501 2850 550 2900 δὴ
570 2862 651 2890 om.
678 2848 759 2889 SV
774 2848 814 2888 U
967 2861 1019 2886 22
1051 2846 1187 2894 αὗται]
1208 2848 1293 2889 αἵδε
1316 2847 1349 2886 Ρ
1364 2846 1496 2886 SVU
1639 2858 1692 2895 23
1719 2847 1794 2893 τῆς

0 2898 18 2961 Ξ
125 2907 190 2958 χῶ
242 2922 261 2948 5
281 2905 344 2948 ἔτι
362 2903 402 2944 Α
416 2904 452 2944 Β
469 2904 504 2945 C
697 2916 749 2952 24
780 2902 994 2956 ἀνθρώπων
1013 2901 1048 2942 Ρ
1061 2902 1092 2941 S
1105 2901 1142 2940 V
1156 2901 1194 2941 U
1397 2913 1450 2950 25
1478 2901 1530 2943 τὰ
1550 2905 1593 2941 et
1612 2902 1690 2950 ἤδη
1708 2910 1791 2939 om.

0 2966 19 2984 *⁴
125 2959 167 3002 A
229 2960 265 3002 C
457 2959 511 2999 26
539 2959 684 3013 ἄπορος
705 2956 879 2999 Bekker
1070 2968 1123 3006 27
1153 2958 1260 2998 τοῖσι
1282 2953 1326 2997 δὲ
1348 2954 1378 2996 S
1391 2955 1429 2996 V
1445 2954 1484 2996 U
1618 2951 1793 3008 Σιγύννα

22 2990 23 2994 ¹
55 3001 446 3069 ‚JA3221761aeas
466 3013 569 3055 CP⁰
1583 3046 1634 3092 1*
