2034 3328
696 77 1072 128 ΙΣΤΟΡΙΩΝ
1148 79 1188 128 Ε
1816 80 1877 129 V.
1899 81 1971 143 67

107 213 134 263 6
175 206 484 273 Κλεισθένης
527 208 670 262 οὗτος
714 206 800 260 τὸν
846 210 1028 260 ἑωυτοῦ
1069 207 1420 277 μητροπάτορα
1464 201 1787 262 Κλεισθένεα

107 294 196 348 τὸν
235 297 482 347 Σικυῶνος
521 293 778 361 τύραννον.
834 291 1146 358 Κλεισθένης
1180 294 1275 361 γὰρ
1307 293 1582 361 Ἀργείοισι
1621 299 1774 347 πολε-

107 376 270 446 μήσας
299 381 443 429 τοῦτο
476 379 570 443 μὲν
597 376 862 447 ῥαψῳδοὺς
894 376 1086 430 ἔπαυσε
1116 379 1172 430 ἐν
1202 381 1414 430 Σικυῶνι
1446 378 1776 444 ἀγωνίζεσθαι

107 469 203 518 τῶν
235 461 514 529 Ὁμηρείων
545 460 704 514 ἐπέων
736 462 914 520 εἵνεκα,
947 462 1026 513 ὅτι
1056 461 1282 529 Ἀργεῖοί
1308 483 1362 514 τε
1394 461 1473 514 καὶ
1496 460 1684 529 ’Ἄργος
1714 463 1776 513 τὰ

62 571 84 612 5
108 547 278 600 πολλὰ
316 545 479 599 πάντα
517 544 769 611 ὑμνέαται·
815 550 959 598 τοῦτο
1000 544 1070 605 δέ,
1102 546 1283 613 ἡρώιον
1319 548 1413 614 γὰρ
1451 545 1512 612 ἣν
1550 546 1627 598 καὶ
1666 547 1776 598 ἔστι

108 634 162 685 ἐν
203 629 325 704 αὐτῇ
364 637 425 703 τῇ
465 631 621 702 ἀγορῇ
662 635 760 683 τῶν
803 631 1084 682 Σικυωνίων
1118 629 1397 698 Ἀδρήστου
1431 623 1517 682 τοῦ
1554 633 1773 689 Ταλαοῦ,

106 720 282 768 τοῦτον
314 715 597 781 ἐπεθύμησε
621 716 647 765 6
673 714 984 780 Κλεισθένης
1015 715 1161 767 ἐόντα
1190 713 1420 782 Ἀργεῖον
1451 716 1690 780 ἐκβαλεῖν
1723 717 1777 766 ἐκ

106 803 196 866 τῆς
218 799 401 868 χώρης.
469 799 631 852 ἐλθὼν
651 802 704 851 δὲ
726 802 776 853 ἐς
799 799 1038 867 Δελφοὺς
1062 798 1480 867 ἐχρηστηριάζετο
1501 800 1543 851 εἰ
1565 798 1778 865 ἐκβάλοι
1815 815 1841 847 2

106 883 194 936 τὸν
209 883 513 951 Ἀδρηστον·
558 884 588 949 ἡ
614 886 667 936 δὲ
692 885 853 948 Πυθίη
880 885 925 936 οἱ
950 890 1048 955 χρᾷ
1071 887 1218 951 φᾶσα
1232 882 1518 951 ’Ἄδρηστον
1535 885 1628 949 μὲν
1652 882 1779 937 εἶναι
1911 948 1935 957 ρ

36 991 86 1020 ιο
108 968 391 1021 Σικυωνίων
425 967 669 1034 βασιλέα,
706 970 896 1020 ἐκεῖνον
932 971 986 1022 δὲ
1021 970 1292 1041 λευστῆρα.
1367 968 1475 1021 ἐπεὶ
1512 970 1565 1020 δὲ
1602 969 1629 1018 6
1666 946 2034 1044 (36qu

107 1053 257 1106 τοῦτό
290 1074 350 1120 γε
380 1052 437 1104 οὗ
472 1053 752 1120 παρεδίδου,
785 1053 1018 1106 ἀπελθὼν
1053 1054 1217 1105 ὀπίσω
1255 1053 1512 1120 ἐφρόντιζε
1547 1051 1779 1120 μηχανὴν
1870 1036 2034 1074 'W

107 1138 168 1209 τῇ
209 1137 355 1191 αὐτὸς
390 1138 417 1188 6
447 1135 729 1204 Ἀδρηστος
768 1135 1131 1202 ἀπαλλάξεται.
1213 1136 1278 1191 ὡς
1314 1135 1368 1189 δέ
1404 1139 1450 1189 οἱ
1485 1135 1779 1205 ἐξευρῆσθαι

107 1222 290 1282 ἐδόκεε,
323 1220 529 1289 πέμψας
561 1223 612 1275 ἐς
643 1220 827 1288 Θήβας
856 1222 944 1275 τὰς
984 1223 1224 1275 Βοιωτίας
1260 1220 1358 1289 ἔφη
1392 1219 1557 1273 θέλειν
1589 1222 1775 1288 ἐπαγα-

109 1305 292 1375 γέσθαι
332 1304 667 1358 Μελάνιππον
703 1305 791 1376 τὸν
822 1305 1091 1357 Ἀστακοῦ·
1138 1308 1184 1358 οἱ
1222 1307 1275 1358 δὲ
1314 1307 1538 1371 Θηβαῖοι
1576 1305 1776 1358 ἔδοσαν.

34 1413 81 1454 15
108 1391 489 1459 ἐπαγαγόμενος
519 1392 572 1443 δὲ
603 1391 630 1441 6
663 1389 974 1455 Κλεισθένης
1010 1389 1096 1442 τὸν
1129 1388 1467 1442 Μελάνιππον
1497 1388 1701 1456 τέμενός
1731 1392 1778 1442 οἱ
1817 1405 1843 1449 3

108 1472 322 1539 ἀπέδεξε
357 1476 412 1528 ἐν
449 1475 578 1546 αὐτῷ
614 1480 682 1546 τῷ
720 1475 999 1545 πρυτανηίῳ
1039 1475 1125 1526 καί
1153 1496 1239 1540 μιν
1275 1475 1446 1542 ἵδρυσε
1482 1476 1694 1527 ἐνθαῦτα
1726 1476 1779 1526 ἐν

108 1564 176 1630 τῷ
198 1559 527 1630 ἰσχυροτάτῳ.
582 1558 863 1627 ἐπηγάγετο
883 1562 936 1611 δὲ
955 1558 1041 1611 τὸν
1063 1557 1399 1612 Μελάνιππον
1420 1560 1446 1609 6
1467 1558 1780 1623 Κλεισθένης

107 1643 208 1710 (καὶ
265 1646 363 1712 γὰρ
420 1649 565 1697 τοῦτο
624 1648 703 1696 δεῖ
763 1641 1146 1711 ἀπηγήσασθαι)
1206 1643 1270 1698 ὡς
1335 1642 1575 1711 ἔχθιστον
1632 1644 1780 1696 ἐόντα

109 1727 387 1799 Ἀδρήστῳ,
421 1727 476 1783 ὃς
511 1729 598 1781 τόν
628 1750 683 1781 τε
719 1729 974 1796 ἀδελφεόν
1010 1731 1057 1780 οἱ
1096 1719 1362 1793 Μηκιστέα
1399 1727 1668 1780 ἀπεκτόνεε
1700 1728 1779 1779 καὶ

36 1837 88 1866 20
109 1811 196 1865 τὸν
246 1812 477 1881 γαμβρὸν
527 1811 708 1865 Τυδέα.
797 1813 962 1865 ἐπείτε
1007 1811 1060 1864 δέ
1106 1815 1151 1864 οἱ
1195 1812 1252 1864 τὸ
1295 1811 1499 1877 τέμενος
1550 1810 1774 1876 ἀπέδεξε,
1816 1827 1844 1870 4

110 1897 288 1951 θυσίας
344 1918 400 1949 τε
457 1898 539 1950 καὶ
601 1898 748 1964 ὁρτὰς
799 1895 1080 1964 Ἀδρήστου
1139 1897 1450 1962 ἀπελόμενος
1508 1895 1659 1948 ἔδωκε
1710 1901 1778 1966 τῷ

95 1971 446 2052 ’Μελανίππῳ
513 1983 560 2033 οἱ
604 1983 659 2034 δὲ
703 1981 963 2034 Σικυώνιοι
1014 1981 1238 2033 ἐώθεσαν
1281 1980 1573 2048 μεγαλωστὶ
1626 1979 1780 2047 κάρτα

109 2068 257 2131 τιμᾶν
291 2065 379 2118 τὸν
398 2064 704 2133 Ἀδρηστον·
750 2066 781 2131 ἡ
812 2067 908 2133 γὰρ
942 2065 1079 2133 χώρη
1117 2064 1177 2130 ἧν
1214 2066 1334 2130 αὕτη
1374 2065 1635 2130 Πολύβου,
1668 2066 1696 2114 6
1726 2067 1780 2116 δὲ

102 2147 385 2216 Ἀδρηστος
435 2148 497 2214 ἧν
550 2150 795 2216 Πολύβου
846 2147 1178 2223 θυγᾞριδέος,
1230 2148 1380 2202 ἄπαις
1432 2151 1486 2201 δὲ
1537 2149 1780 2214 Πόλυβος
1797 2134 2034 2212 &Mn

38 2257 95 2309 25ι
110 2238 355 2286 τελευτῶν
390 2237 519 2286 διδοῖ
550 2233 810 2305 Ἀδρήστῳ
847 2233 939 2298 τὴν
984 2232 1160 2301 ἀρχήν.
1246 2232 1308 2284 τά
1351 2254 1405 2285 τε
1447 2233 1505 2297 δὴ
1551 2232 1685 2284 ἄλλα
1732 2234 1778 2284 οἱ
1818 2245 1840 2292 5

112 2318 370 2370 Σικυώνιοι
420 2318 602 2384 ἐτίμων
652 2317 739 2370 τὸν
776 2317 1065 2384 Ἀδρηστον
1112 2318 1191 2370 καὶ
1235 2317 1295 2382 δὴ
1340 2317 1461 2385 πρὸς
1505 2319 1566 2368 τδι
1618 2315 1779 2370 πάθεα

111 2400 260 2454 αὐτοῦ
295 2407 578 2470 τραγικοῖσι
617 2407 818 2472 χοροῖσι
859 2401 1134 2469 ἐγέραιρον,
1178 2401 1265 2454 τὸν
1299 2404 1390 2467 μὲν
1430 2402 1683 2453 Διόνυσον
1722 2400 1779 2451 οὐ

110 2490 366 2551 τιμῶντες,
406 2486 494 2539 τὸν
534 2489 589 2539 δὲ
621 2486 924 2554 Ἀδρηστον.
1013 2484 1327 2550 Κλεισθένης
1373 2487 1426 2537 δὲ
1466 2485 1647 2552 χοροὺς
1687 2486 1780 2550 μὲν

110 2574 178 2620 τῶ
225 2569 457 2622 Διονύσω
504 2569 741 2643 ἀπέδωκε,
775 2592 871 2638 την
910 2572 964 2624 δὲ
1008 2569 1172 2635 ἄλλην
1219 2570 1395 2635 θυσίην
1443 2570 2002 2693 ΜελανίππῳᾶδΜὟΝῶι
1796 2564 2034 2619 m

166 2722 192 2759 4
221 2709 419 2762 Ομηρίων
449 2709 484 2748 C
606 2709 779 2751 ἐπαίνων
808 2708 890 2749 SV
1028 2709 1097 2750 ὅτε
1130 2708 1292 2750 SVU:
1335 2707 1438 2749 διότι
1469 2707 1586 2749 Eust.
1619 2707 1667 2747 Il.
1699 2721 1780 2758 234
1754 2622 2034 2779 ww

113 2775 139 2812 5
167 2763 219 2816 ἥρ
220 2768 297 2805 ὣον
315 2764 407 2805 VU
522 2777 544 2814 7
578 2767 801 2812 ἐκβαλλεῖν
823 2763 857 2803 C
993 2776 1041 2802 12
1073 2763 1297 2815 ἀπαλλάξει
1321 2762 1351 2802 S
1369 2762 1447 2816 [V]
1565 2775 1614 2813 13
1646 2766 1780 2804 ἐλθεῖν

115 2815 166 2856 Ρι
180 2817 314 2858 SVU
485 2831 534 2869 14
563 2818 768 2861 Ὀστακοῦ
787 2818 826 2858 Α
841 2818 875 2857 Β
890 2818 924 2856 C
1078 2818 1127 2856 18
1156 2818 1205 2867 δὴ
1226 2817 1263 2857 V
1278 2817 1317 2856 U
1457 2830 1510 2857 22
1538 2816 1780 2870 μεγάλωστι

113 2871 249 2969 2613:a
258 2872 456 2967 Οῖὲγαὲωῧ
469 2890 508 2915 τι
530 2873 567 2913 V
582 2873 620 2912 U
858 2884 911 2923 25
941 2873 1019 2923 τὴν
1039 2874 1178 2926 χώρην
1199 2870 1341 2913 Schol.
1367 2871 1488 2913 Pind.
1515 2872 1639 2913 Nem.
1663 2872 1705 2911 ix
1725 2884 1781 2923 30

172 3022 272 3051 nm.
297 3021 344 3050 ιι.
1592 3013 1616 3051 3
