<?xml version="1.0" encoding="UTF-8"?>
<!DOCTYPE html PUBLIC "-//W3C//DTD XHTML 1.0 Transitional//EN"
    "http://www.w3.org/TR/xhtml1/DTD/xhtml1-transitional.dtd">
<html xmlns="http://www.w3.org/1999/xhtml" xml:lang="en" lang="en">
 <head>
  <title>
</title>
<meta http-equiv="Content-Type" content="text/html;charset=utf-8" />
  <meta name='ocr-system' content='tesseract 3.04.00' />
  <meta name='ocr-capabilities' content='ocr_page ocr_carea ocr_par ocr_line ocrx_word'/>
</head>
<body>
  <div class='ocr_page' id='page_1' title='image "./herodotihistoria02herouoft_0182.png"; bbox 0 0 2132 3340; ppageno 0'>
   <div class='ocr_carea' id='block_1_1' title="bbox 994 104 1424 155">
    <p class='ocr_par' dir='ltr' id='par_1_1' title="bbox 994 104 1424 155">
     <span class='ocr_line' id='line_1_1' title="bbox 994 104 1424 155; baseline 0.007 -3"><span class='ocrx_word' id='word_1_1' title='bbox 994 104 1424 155; x_wconf 66' lang='lat' dir='ltr'>HPOAOTOT</span> 
     </span>
    </p>
   </div>
   <div class='ocr_carea' id='block_1_2' title="bbox 264 167 470 184">
    <p class='ocr_par' dir='ltr' id='par_1_2' title="bbox 264 167 470 184">
     <span class='ocr_line' id='line_1_2' title="bbox 264 167 470 184; baseline 0 3156"><span class='ocrx_word' id='word_1_2' title='bbox 264 167 470 184; x_wconf 95' lang='lat' dir='ltr'> </span> 
     </span>
    </p>
   </div>
   <div class='ocr_carea' id='block_1_3' title="bbox 143 103 337 156">
    <p class='ocr_par' dir='ltr' id='par_1_3' title="bbox 143 103 337 156">
     <span class='ocr_line' id='line_1_3' title="bbox 143 103 337 156; baseline 0.01 -3"><span class='ocrx_word' id='word_1_3' title='bbox 143 103 256 156; x_wconf 82' lang='lat' dir='ltr'>V11.</span> <span class='ocrx_word' id='word_1_4' title='bbox 277 108 337 155; x_wconf 90' lang='lat'>61</span> 
     </span>
    </p>
   </div>
   <div class='ocr_carea' id='block_1_4' title="bbox 0 214 338 493">
    <p class='ocr_par' dir='ltr' id='par_1_4' title="bbox 0 214 338 493">
     <span class='ocr_line' id='line_1_4' title="bbox 185 214 338 289; baseline -0.013 0"><span class='ocrx_word' id='word_1_5' title='bbox 185 214 201 230; x_wconf 44' lang='lat' dir='ltr'><em>l</em></span> <span class='ocrx_word' id='word_1_6' title='bbox 250 238 256 254; x_wconf 73' lang='grc'><strong>“</strong></span> <span class='ocrx_word' id='word_1_7' title='bbox 276 240 338 289; x_wconf 86' lang='lat'>61</span> 
     </span>
     <span class='ocr_line' id='line_1_5' title="bbox 0 243 338 493; baseline -0.012 -21"><span class='ocrx_word' id='word_1_8' title='bbox 0 243 338 493; x_wconf 27' lang='lat' dir='ltr'>“Q</span> 
     </span>
    </p>
   </div>
   <div class='ocr_carea' id='block_1_5' title="bbox 0 503 281 556">
    <p class='ocr_par' dir='ltr' id='par_1_5' title="bbox 0 503 281 556">
     <span class='ocr_line' id='line_1_6' title="bbox 0 503 281 556; baseline -0.004 -8"><span class='ocrx_word' id='word_1_9' title='bbox 0 503 281 556; x_wconf 54' lang='lat' dir='ltr'><em>W</em></span> 
     </span>
    </p>
   </div>
   <div class='ocr_carea' id='block_1_6' title="bbox 263 1593 332 1640">
    <p class='ocr_par' dir='ltr' id='par_1_6' title="bbox 263 1593 332 1640">
     <span class='ocr_line' id='line_1_7' title="bbox 263 1593 332 1640; baseline -0.014 0"><span class='ocrx_word' id='word_1_10' title='bbox 263 1593 332 1640; x_wconf 89' lang='lat'>62</span> 
     </span>
    </p>
   </div>
   <div class='ocr_carea' id='block_1_7' title="bbox 365 232 2132 2497">
    <p class='ocr_par' dir='ltr' id='par_1_7' title="bbox 365 232 2132 2497">
     <span class='ocr_line' id='line_1_8' title="bbox 459 232 2034 302; baseline 0.003 -15"><span class='ocrx_word' id='word_1_11' title='bbox 459 237 525 287; x_wconf 76' lang='lat' dir='ltr'>Oz</span> <span class='ocrx_word' id='word_1_12' title='bbox 557 236 610 286; x_wconf 79' lang='grc' dir='ltr'>δὲ</span> <span class='ocrx_word' id='word_1_13' title='bbox 634 232 1016 300; x_wconf 88' lang='grc' dir='ltr'>στρατευόμενοι</span> <span class='ocrx_word' id='word_1_14' title='bbox 1047 234 1150 286; x_wconf 81' lang='grc' dir='ltr'>οἵδε</span> <span class='ocrx_word' id='word_1_15' title='bbox 1179 232 1327 299; x_wconf 83' lang='grc' dir='ltr'>ἦσαν,</span> <span class='ocrx_word' id='word_1_16' title='bbox 1354 233 1552 302; x_wconf 96' lang='grc' dir='ltr'>Πέρσαι</span> <span class='ocrx_word' id='word_1_17' title='bbox 1582 236 1675 302; x_wconf 76' lang='grc' dir='ltr'>μὲν</span> <span class='ocrx_word' id='word_1_18' title='bbox 1704 237 1799 290; x_wconf 84' lang='grc' dir='ltr'>ὦδε</span> <span class='ocrx_word' id='word_1_19' title='bbox 1830 237 2034 291; x_wconf 83' lang='grc' dir='ltr'>ἐσκευα-</span> 
     </span>
     <span class='ocr_line' id='line_1_9' title="bbox 377 317 2032 392; baseline 0.003 -22"><span class='ocrx_word' id='word_1_20' title='bbox 377 318 568 385; x_wconf 91' lang='grc' dir='ltr'>σμένοι·</span> <span class='ocrx_word' id='word_1_21' title='bbox 643 317 752 384; x_wconf 90' lang='grc' dir='ltr'>περὶ</span> <span class='ocrx_word' id='word_1_22' title='bbox 809 319 901 383; x_wconf 80' lang='grc' dir='ltr'>μὲν</span> <span class='ocrx_word' id='word_1_23' title='bbox 953 325 1071 391; x_wconf 82' lang='grc' dir='ltr'>τῇσι</span> <span class='ocrx_word' id='word_1_24' title='bbox 1132 320 1382 392; x_wconf 81' lang='grc' dir='ltr'>κεφαλῇσι</span> <span class='ocrx_word' id='word_1_25' title='bbox 1429 319 1570 388; x_wconf 74' lang='grc' dir='ltr'>εἶχον</span> <span class='ocrx_word' id='word_1_26' title='bbox 1627 319 1797 388; x_wconf 90' lang='grc' dir='ltr'>τιάρας</span> <span class='ocrx_word' id='word_1_27' title='bbox 1857 328 2032 375; x_wconf 88' lang='grc' dir='ltr'>καλεο-</span> 
     </span>
     <span class='ocr_line' id='line_1_10' title="bbox 373 401 2132 495; baseline 0.001 -39"><span class='ocrx_word' id='word_1_28' title='bbox 373 403 566 470; x_wconf 80' lang='grc' dir='ltr'>μένους,</span> <span class='ocrx_word' id='word_1_29' title='bbox 598 403 776 456; x_wconf 83' lang='grc' dir='ltr'>πίλους</span> <span class='ocrx_word' id='word_1_30' title='bbox 805 401 1042 470; x_wconf 49' lang='lat' dir='ltr'>&amp;vr-gygas,</span> <span class='ocrx_word' id='word_1_31' title='bbox 1076 402 1187 470; x_wconf 89' lang='grc' dir='ltr'>περὶ</span> <span class='ocrx_word' id='word_1_32' title='bbox 1219 405 1273 456; x_wconf 79' lang='grc' dir='ltr'>δὲ</span> <span class='ocrx_word' id='word_1_33' title='bbox 1302 403 1360 455; x_wconf 89' lang='grc' dir='ltr'>τὸ</span> <span class='ocrx_word' id='word_1_34' title='bbox 1391 409 1537 470; x_wconf 82' lang='grc' dir='ltr'>σῶμα</span> <span class='ocrx_word' id='word_1_35' title='bbox 1568 407 1777 460; x_wconf 84' lang='grc' dir='ltr'>κιθῶνας</span> <span class='ocrx_word' id='word_1_36' title='bbox 1807 409 2132 495; x_wconf 51' lang='grc' dir='ltr'>χειριδρρ-αω</span> 
     </span>
     <span class='ocr_line' id='line_1_11' title="bbox 374 483 2034 559; baseline 0.002 -18"><span class='ocrx_word' id='word_1_37' title='bbox 374 483 488 543; x_wconf 83' lang='grc' dir='ltr'>τοὺς</span> <span class='ocrx_word' id='word_1_38' title='bbox 517 488 790 546; x_wconf 83' lang='grc' dir='ltr'>ποικίλους,</span> <span class='ocrx_word' id='word_1_39' title='bbox 818 526 830 538; x_wconf 90' lang='grc'><strong>.</strong></span> <span class='ocrx_word' id='word_1_40' title='bbox 859 528 870 540; x_wconf 95' lang='grc'><strong>.</strong></span> <span class='ocrx_word' id='word_1_41' title='bbox 901 525 913 538; x_wconf 91' lang='grc'><strong>.</strong></span> <span class='ocrx_word' id='word_1_42' title='bbox 938 488 1142 553; x_wconf 69' lang='grc' dir='ltr'>λεπ-ίδος</span> <span class='ocrx_word' id='word_1_43' title='bbox 1166 486 1399 555; x_wconf 87' lang='grc' dir='ltr'>σιδηρέης</span> <span class='ocrx_word' id='word_1_44' title='bbox 1423 490 1547 556; x_wconf 80' lang='grc' dir='ltr'>ὄψιν</span> <span class='ocrx_word' id='word_1_45' title='bbox 1578 489 1896 558; x_wconf 84' lang='grc' dir='ltr'>ἰχθυοειδέος,</span> <span class='ocrx_word' id='word_1_46' title='bbox 1923 491 2034 559; x_wconf 90' lang='grc' dir='ltr'>περὶ</span> 
     </span>
     <span class='ocr_line' id='line_1_12' title="bbox 374 570 2082 642; baseline 0.001 -16"><span class='ocrx_word' id='word_1_47' title='bbox 374 576 427 626; x_wconf 79' lang='grc' dir='ltr'>δὲ</span> <span class='ocrx_word' id='word_1_48' title='bbox 462 575 523 626; x_wconf 81' lang='grc' dir='ltr'>τὰ</span> <span class='ocrx_word' id='word_1_49' title='bbox 558 571 744 624; x_wconf 89' lang='grc' dir='ltr'>σκέλεα</span> <span class='ocrx_word' id='word_1_50' title='bbox 780 570 1088 639; x_wconf 82' lang='grc' dir='ltr'>ἀναξυρίδας,</span> <span class='ocrx_word' id='word_1_51' title='bbox 1122 572 1233 626; x_wconf 87' lang='grc' dir='ltr'>ἀντὶ</span> <span class='ocrx_word' id='word_1_52' title='bbox 1267 575 1322 626; x_wconf 81' lang='grc' dir='ltr'>δὲ</span> <span class='ocrx_word' id='word_1_53' title='bbox 1361 573 1588 626; x_wconf 79' lang='grc' dir='ltr'>ἀσπίδων</span> <span class='ocrx_word' id='word_1_54' title='bbox 1624 573 1791 642; x_wconf 86' lang='grc' dir='ltr'>γέρρα·</span> <span class='ocrx_word' id='word_1_55' title='bbox 1851 574 1948 628; x_wconf 85' lang='grc' dir='ltr'>ὑπὸ</span> <span class='ocrx_word' id='word_1_56' title='bbox 1977 578 2033 628; x_wconf 80' lang='grc' dir='ltr'>δὲ</span> <span class='ocrx_word' id='word_1_57' title='bbox 2058 600 2082 641; x_wconf 86' lang='lat'><strong><em>5</em></strong></span> 
     </span>
     <span class='ocr_line' id='line_1_13' title="bbox 374 649 2034 728; baseline 0.002 -18"><span class='ocrx_word' id='word_1_58' title='bbox 374 663 712 726; x_wconf 83' lang='grc' dir='ltr'>φαρετρεῶνες</span> <span class='ocrx_word' id='word_1_59' title='bbox 743 649 1052 724; x_wconf 62' lang='grc' dir='ltr'>ἐκρέμαντο·Δ</span> <span class='ocrx_word' id='word_1_60' title='bbox 1086 658 1270 726; x_wconf 80' lang='grc' dir='ltr'>αἰχμὰς</span> <span class='ocrx_word' id='word_1_61' title='bbox 1300 660 1353 710; x_wconf 76' lang='grc' dir='ltr'>δὲ</span> <span class='ocrx_word' id='word_1_62' title='bbox 1382 657 1609 727; x_wconf 88' lang='grc' dir='ltr'>βραχέας</span> <span class='ocrx_word' id='word_1_63' title='bbox 1639 657 1795 728; x_wconf 79' lang='grc' dir='ltr'>εἶχον,</span> <span class='ocrx_word' id='word_1_64' title='bbox 1829 657 1951 725; x_wconf 84' lang='grc' dir='ltr'>τόξα</span> <span class='ocrx_word' id='word_1_65' title='bbox 1979 662 2034 713; x_wconf 83' lang='grc' dir='ltr'>δὲ</span> 
     </span>
     <span class='ocr_line' id='line_1_14' title="bbox 371 741 2033 812; baseline 0.001 -17"><span class='ocrx_word' id='word_1_66' title='bbox 371 742 583 811; x_wconf 90' lang='grc' dir='ltr'>μεγάλα,</span> <span class='ocrx_word' id='word_1_67' title='bbox 631 741 831 795; x_wconf 85' lang='grc' dir='ltr'>ὀϊστοὺς</span> <span class='ocrx_word' id='word_1_68' title='bbox 872 743 924 794; x_wconf 82' lang='grc' dir='ltr'>δὲ</span> <span class='ocrx_word' id='word_1_69' title='bbox 972 742 1288 807; x_wconf 87' lang='grc' dir='ltr'>καλαμίνους,</span> <span class='ocrx_word' id='word_1_70' title='bbox 1330 741 1454 810; x_wconf 88' lang='grc' dir='ltr'>πρὸς</span> <span class='ocrx_word' id='word_1_71' title='bbox 1494 745 1546 796; x_wconf 77' lang='grc' dir='ltr'>δὲ</span> <span class='ocrx_word' id='word_1_72' title='bbox 1588 744 1861 812; x_wconf 83' lang='grc' dir='ltr'>ἐγχειρίδια</span> <span class='ocrx_word' id='word_1_73' title='bbox 1900 746 2033 812; x_wconf 78' lang='grc' dir='ltr'>παρὰ</span> 
     </span>
     <span class='ocr_line' id='line_1_15' title="bbox 372 825 2029 896; baseline 0.001 -16"><span class='ocrx_word' id='word_1_74' title='bbox 372 827 459 880; x_wconf 89' lang='grc' dir='ltr'>τὸν</span> <span class='ocrx_word' id='word_1_75' title='bbox 505 825 668 892; x_wconf 79' lang='grc' dir='ltr'>δεξιὸν</span> <span class='ocrx_word' id='word_1_76' title='bbox 710 825 868 893; x_wconf 88' lang='grc' dir='ltr'>μηρὸν</span> <span class='ocrx_word' id='word_1_77' title='bbox 912 826 1319 894; x_wconf 89' lang='grc' dir='ltr'>παραιωρεύμενα</span> <span class='ocrx_word' id='word_1_78' title='bbox 1354 829 1408 879; x_wconf 88' lang='grc' dir='ltr'>ἐκ</span> <span class='ocrx_word' id='word_1_79' title='bbox 1443 830 1531 892; x_wconf 84' lang='grc' dir='ltr'>τῆς</span> <span class='ocrx_word' id='word_1_80' title='bbox 1570 827 1739 893; x_wconf 79' lang='grc' dir='ltr'>ζώνης.</span> <span class='ocrx_word' id='word_1_81' title='bbox 1830 828 1909 882; x_wconf 86' lang='grc' dir='ltr'>καὶ</span> <span class='ocrx_word' id='word_1_82' title='bbox 1943 827 2029 896; x_wconf 84' lang='grc' dir='ltr'>ἄρ-</span> 
     </span>
     <span class='ocr_line' id='line_1_16' title="bbox 372 909 2032 981; baseline 0.003 -18"><span class='ocrx_word' id='word_1_83' title='bbox 372 933 531 981; x_wconf 90' lang='grc' dir='ltr'>χοντα</span> <span class='ocrx_word' id='word_1_84' title='bbox 587 911 887 979; x_wconf 85' lang='grc' dir='ltr'>παρείχοντο</span> <span class='ocrx_word' id='word_1_85' title='bbox 938 909 1170 970; x_wconf 82' lang='grc' dir='ltr'>Ὀτάνεα,</span> <span class='ocrx_word' id='word_1_86' title='bbox 1223 910 1312 964; x_wconf 87' lang='grc' dir='ltr'>τὸν</span> <span class='ocrx_word' id='word_1_87' title='bbox 1362 910 1663 979; x_wconf 88' lang='grc' dir='ltr'>Ἀμήστριος</span> <span class='ocrx_word' id='word_1_88' title='bbox 1712 910 1900 981; x_wconf 84' lang='grc' dir='ltr'>πατέρα</span> <span class='ocrx_word' id='word_1_89' title='bbox 1944 915 2032 978; x_wconf 88' lang='grc' dir='ltr'>τῆς</span> 
     </span>
     <span class='ocr_line' id='line_1_17' title="bbox 375 987 2110 1064; baseline 0.001 -14"><span class='ocrx_word' id='word_1_90' title='bbox 375 995 573 1064; x_wconf 82' lang='grc' dir='ltr'>Ξέρξεω</span> <span class='ocrx_word' id='word_1_91' title='bbox 603 996 851 1064; x_wconf 89' lang='grc' dir='ltr'>γυναικός.</span> <span class='ocrx_word' id='word_1_92' title='bbox 943 992 1210 1048; x_wconf 81' lang='grc' dir='ltr'>ἐκαλέοντο</span> <span class='ocrx_word' id='word_1_93' title='bbox 1246 998 1300 1048; x_wconf 79' lang='grc' dir='ltr'>δὲ</span> <span class='ocrx_word' id='word_1_94' title='bbox 1333 987 1491 1049; x_wconf 87' lang='grc' dir='ltr'>πάλαι</span> <span class='ocrx_word' id='word_1_95' title='bbox 1519 995 1616 1049; x_wconf 86' lang='grc' dir='ltr'>ὑπὸ</span> <span class='ocrx_word' id='word_1_96' title='bbox 1645 998 1738 1063; x_wconf 79' lang='grc' dir='ltr'>μὲν</span> <span class='ocrx_word' id='word_1_97' title='bbox 1765 995 2032 1063; x_wconf 87' lang='grc' dir='ltr'>Ἑλλήνων</span> <span class='ocrx_word' id='word_1_98' title='bbox 2061 1021 2110 1051; x_wconf 84' lang='grc' dir='ltr'>ιο</span> 
     </span>
     <span class='ocr_line' id='line_1_18' title="bbox 373 1078 2032 1150; baseline 0.001 -16"><span class='ocrx_word' id='word_1_99' title='bbox 373 1084 624 1148; x_wconf 86' lang='grc' dir='ltr'>Κηφῆνες,</span> <span class='ocrx_word' id='word_1_100' title='bbox 673 1079 769 1132; x_wconf 82' lang='grc' dir='ltr'>ὑπὸ</span> <span class='ocrx_word' id='word_1_101' title='bbox 825 1078 996 1146; x_wconf 89' lang='grc' dir='ltr'>μέντοι</span> <span class='ocrx_word' id='word_1_102' title='bbox 1054 1079 1232 1148; x_wconf 92' lang='grc' dir='ltr'>σφέων</span> <span class='ocrx_word' id='word_1_103' title='bbox 1280 1079 1440 1133; x_wconf 82' lang='grc' dir='ltr'>αὐτῶν</span> <span class='ocrx_word' id='word_1_104' title='bbox 1492 1080 1572 1133; x_wconf 85' lang='grc' dir='ltr'>καὶ</span> <span class='ocrx_word' id='word_1_105' title='bbox 1623 1086 1722 1134; x_wconf 84' lang='grc' dir='ltr'>τῶν</span> <span class='ocrx_word' id='word_1_106' title='bbox 1771 1083 2032 1150; x_wconf 89' lang='grc' dir='ltr'>περιοίκων</span> 
     </span>
     <span class='ocr_line' id='line_1_19' title="bbox 372 1164 2031 1233; baseline 0.002 -17"><span class='ocrx_word' id='word_1_107' title='bbox 372 1165 609 1233; x_wconf 85' lang='grc' dir='ltr'>Ἀρταῖοι.</span> <span class='ocrx_word' id='word_1_108' title='bbox 701 1164 807 1217; x_wconf 89' lang='grc' dir='ltr'>ἐπεὶ</span> <span class='ocrx_word' id='word_1_109' title='bbox 843 1167 896 1217; x_wconf 79' lang='grc' dir='ltr'>δὲ</span> <span class='ocrx_word' id='word_1_110' title='bbox 927 1165 1156 1232; x_wconf 86' lang='grc' dir='ltr'>Περσεὺς</span> <span class='ocrx_word' id='word_1_111' title='bbox 1192 1166 1218 1216; x_wconf 96' lang='lat'><em>6</em></span> <span class='ocrx_word' id='word_1_112' title='bbox 1250 1164 1453 1231; x_wconf 86' lang='grc' dir='ltr'>Δανάης</span> <span class='ocrx_word' id='word_1_113' title='bbox 1483 1187 1536 1218; x_wconf 92' lang='grc' dir='ltr'>τε</span> <span class='ocrx_word' id='word_1_114' title='bbox 1567 1165 1645 1218; x_wconf 88' lang='grc' dir='ltr'>καὶ</span> <span class='ocrx_word' id='word_1_115' title='bbox 1679 1165 1802 1221; x_wconf 85' lang='grc' dir='ltr'>Διὸς</span> <span class='ocrx_word' id='word_1_116' title='bbox 1830 1167 2031 1220; x_wconf 84' lang='grc' dir='ltr'>ἀπίκετο</span> 
     </span>
     <span class='ocr_line' id='line_1_20' title="bbox 371 1247 2032 1319; baseline 0.001 -16"><span class='ocrx_word' id='word_1_117' title='bbox 371 1252 504 1317; x_wconf 74' lang='grc' dir='ltr'>παρὰ</span> <span class='ocrx_word' id='word_1_118' title='bbox 557 1247 739 1318; x_wconf 86' lang='grc' dir='ltr'>Κηφέα</span> <span class='ocrx_word' id='word_1_119' title='bbox 788 1248 876 1301; x_wconf 87' lang='grc' dir='ltr'>τὸν</span> <span class='ocrx_word' id='word_1_120' title='bbox 927 1247 1093 1314; x_wconf 90' lang='grc' dir='ltr'>Βήλου</span> <span class='ocrx_word' id='word_1_121' title='bbox 1145 1250 1224 1302; x_wconf 88' lang='grc' dir='ltr'>καὶ</span> <span class='ocrx_word' id='word_1_122' title='bbox 1275 1250 1402 1319; x_wconf 86' lang='grc' dir='ltr'>ἔσχε</span> <span class='ocrx_word' id='word_1_123' title='bbox 1451 1249 1600 1302; x_wconf 70' lang='grc' dir='ltr'>αὐτοῦ</span> <span class='ocrx_word' id='word_1_124' title='bbox 1648 1250 1738 1316; x_wconf 82' lang='grc' dir='ltr'>τὴν</span> <span class='ocrx_word' id='word_1_125' title='bbox 1787 1248 2032 1319; x_wconf 90' lang='grc' dir='ltr'>θυγατέρα</span> 
     </span>
     <span class='ocr_line' id='line_1_21' title="bbox 371 1326 2028 1405; baseline 0.001 -19"><span class='ocrx_word' id='word_1_126' title='bbox 371 1334 721 1401; x_wconf 87' lang='grc' dir='ltr'>Ἀνδρομέδην,</span> <span class='ocrx_word' id='word_1_127' title='bbox 756 1335 945 1401; x_wconf 89' lang='grc' dir='ltr'>γίνεται</span> <span class='ocrx_word' id='word_1_128' title='bbox 981 1333 1111 1404; x_wconf 79' lang='grc' dir='ltr'>αὐτῷ</span> <span class='ocrx_word' id='word_1_129' title='bbox 1152 1338 1267 1389; x_wconf 88' lang='grc' dir='ltr'>παῖς</span> <span class='ocrx_word' id='word_1_130' title='bbox 1302 1335 1370 1405; x_wconf 76' lang='grc' dir='ltr'>τῷ</span> <span class='ocrx_word' id='word_1_131' title='bbox 1403 1335 1589 1401; x_wconf 83' lang='grc' dir='ltr'>οὕνομα</span> <span class='ocrx_word' id='word_1_132' title='bbox 1622 1335 1763 1388; x_wconf 88' lang='grc' dir='ltr'>ἔθετο</span> <span class='ocrx_word' id='word_1_133' title='bbox 1803 1326 2028 1402; x_wconf 86' lang='grc' dir='ltr'>Πέρσην,</span> 
     </span>
     <span class='ocr_line' id='line_1_22' title="bbox 370 1418 2107 1487; baseline 0.001 -16"><span class='ocrx_word' id='word_1_134' title='bbox 370 1425 545 1471; x_wconf 85' lang='grc' dir='ltr'>τοῦτον</span> <span class='ocrx_word' id='word_1_135' title='bbox 584 1422 637 1471; x_wconf 82' lang='grc' dir='ltr'>δὲ</span> <span class='ocrx_word' id='word_1_136' title='bbox 679 1418 827 1471; x_wconf 83' lang='grc' dir='ltr'>αὐτοῦ</span> <span class='ocrx_word' id='word_1_137' title='bbox 872 1418 1174 1470; x_wconf 87' lang='grc' dir='ltr'>καταλείπει·</span> <span class='ocrx_word' id='word_1_138' title='bbox 1249 1419 1493 1487; x_wconf 86' lang='grc' dir='ltr'>ἐτύγχανε</span> <span class='ocrx_word' id='word_1_139' title='bbox 1538 1420 1632 1487; x_wconf 80' lang='grc' dir='ltr'>γὰρ</span> <span class='ocrx_word' id='word_1_140' title='bbox 1675 1418 1822 1474; x_wconf 85' lang='grc' dir='ltr'>ἄπαις</span> <span class='ocrx_word' id='word_1_141' title='bbox 1865 1420 1960 1472; x_wconf 87' lang='grc' dir='ltr'>ἐὼν</span> <span class='ocrx_word' id='word_1_142' title='bbox 2004 1420 2032 1471; x_wconf 85' lang='grc' dir='ltr'>ὁ</span> <span class='ocrx_word' id='word_1_143' title='bbox 2059 1443 2107 1484; x_wconf 90' lang='lat'>15</span> 
     </span>
     <span class='ocr_line' id='line_1_23' title="bbox 373 1502 2031 1572; baseline 0.002 -18"><span class='ocrx_word' id='word_1_144' title='bbox 373 1503 574 1572; x_wconf 84' lang='grc' dir='ltr'>Κηφεὺς</span> <span class='ocrx_word' id='word_1_145' title='bbox 625 1504 830 1570; x_wconf 84' lang='grc' dir='ltr'>ἔρσενος</span> <span class='ocrx_word' id='word_1_146' title='bbox 881 1503 1046 1570; x_wconf 92' lang='grc' dir='ltr'>γόνου.</span> <span class='ocrx_word' id='word_1_147' title='bbox 1136 1502 1218 1556; x_wconf 89' lang='grc' dir='ltr'>ἐπὶ</span> <span class='ocrx_word' id='word_1_148' title='bbox 1268 1503 1442 1556; x_wconf 90' lang='grc' dir='ltr'>τούτου</span> <span class='ocrx_word' id='word_1_149' title='bbox 1495 1503 1555 1568; x_wconf 81' lang='grc' dir='ltr'>δὴ</span> <span class='ocrx_word' id='word_1_150' title='bbox 1606 1502 1698 1568; x_wconf 80' lang='grc' dir='ltr'>τὴν</span> <span class='ocrx_word' id='word_1_151' title='bbox 1748 1504 2031 1570; x_wconf 87' lang='grc' dir='ltr'>ἐπωνυμίην</span> 
     </span>
     <span class='ocr_line' id='line_1_24' title="bbox 370 1586 2026 1657; baseline 0 -17"><span class='ocrx_word' id='word_1_152' title='bbox 370 1589 542 1657; x_wconf 86' lang='grc' dir='ltr'>ἔσχον.</span> <span class='ocrx_word' id='word_1_153' title='bbox 632 1591 800 1653; x_wconf 85' lang='grc' dir='ltr'>Μῆδοι</span> <span class='ocrx_word' id='word_1_154' title='bbox 845 1589 898 1640; x_wconf 80' lang='grc' dir='ltr'>δὲ</span> <span class='ocrx_word' id='word_1_155' title='bbox 942 1586 1033 1651; x_wconf 83' lang='grc' dir='ltr'>τὴν</span> <span class='ocrx_word' id='word_1_156' title='bbox 1077 1586 1230 1652; x_wconf 78' lang='grc' dir='ltr'>αὐτὴν</span> <span class='ocrx_word' id='word_1_157' title='bbox 1273 1588 1457 1653; x_wconf 88' lang='grc' dir='ltr'>ταύτην</span> <span class='ocrx_word' id='word_1_158' title='bbox 1504 1587 1806 1654; x_wconf 89' lang='grc' dir='ltr'>ἐσταλμένοι</span> <span class='ocrx_word' id='word_1_159' title='bbox 1848 1590 2026 1655; x_wconf 82' lang='grc' dir='ltr'>ἐστρα-</span> 
     </span>
     <span class='ocr_line' id='line_1_25' title="bbox 368 1670 2025 1739; baseline 0 -15"><span class='ocrx_word' id='word_1_160' title='bbox 368 1673 587 1725; x_wconf 90' lang='grc' dir='ltr'>τεύοντο·</span> <span class='ocrx_word' id='word_1_161' title='bbox 636 1671 835 1736; x_wconf 79' lang='grc' dir='ltr'>Μηδικὴ</span> <span class='ocrx_word' id='word_1_162' title='bbox 871 1672 968 1739; x_wconf 76' lang='grc' dir='ltr'>γὰρ</span> <span class='ocrx_word' id='word_1_163' title='bbox 1007 1672 1127 1737; x_wconf 82' lang='grc' dir='ltr'>αὕτη</span> <span class='ocrx_word' id='word_1_164' title='bbox 1164 1671 1195 1737; x_wconf 87' lang='grc' dir='ltr'>ἡ</span> <span class='ocrx_word' id='word_1_165' title='bbox 1234 1670 1385 1737; x_wconf 90' lang='grc' dir='ltr'>σκευή</span> <span class='ocrx_word' id='word_1_166' title='bbox 1428 1674 1540 1724; x_wconf 91' lang='grc' dir='ltr'>ἐστι</span> <span class='ocrx_word' id='word_1_167' title='bbox 1577 1673 1656 1725; x_wconf 88' lang='grc' dir='ltr'>καὶ</span> <span class='ocrx_word' id='word_1_168' title='bbox 1693 1672 1750 1724; x_wconf 89' lang='grc' dir='ltr'>οὗ</span> <span class='ocrx_word' id='word_1_169' title='bbox 1783 1670 2025 1739; x_wconf 89' lang='grc' dir='ltr'>Περσική.</span> 
     </span>
     <span class='ocr_line' id='line_1_26' title="bbox 369 1755 2026 1825; baseline 0.001 -18"><span class='ocrx_word' id='word_1_170' title='bbox 369 1759 414 1809; x_wconf 82' lang='grc' dir='ltr'>οἳ</span> <span class='ocrx_word' id='word_1_171' title='bbox 446 1759 499 1809; x_wconf 79' lang='grc' dir='ltr'>δὲ</span> <span class='ocrx_word' id='word_1_172' title='bbox 531 1760 696 1821; x_wconf 87' lang='grc' dir='ltr'>Μῆδοι</span> <span class='ocrx_word' id='word_1_173' title='bbox 727 1755 946 1824; x_wconf 84' lang='grc' dir='ltr'>ἄρχοντα</span> <span class='ocrx_word' id='word_1_174' title='bbox 966 1758 1059 1821; x_wconf 80' lang='grc' dir='ltr'>μὲν</span> <span class='ocrx_word' id='word_1_175' title='bbox 1081 1757 1379 1824; x_wconf 89' lang='grc' dir='ltr'>παρείχοντο</span> <span class='ocrx_word' id='word_1_176' title='bbox 1402 1755 1656 1824; x_wconf 88' lang='grc' dir='ltr'>Τιγράνην</span> <span class='ocrx_word' id='word_1_177' title='bbox 1678 1755 1830 1824; x_wconf 88' lang='grc' dir='ltr'>ἄνδρα</span> <span class='ocrx_word' id='word_1_178' title='bbox 1853 1755 2026 1825; x_wconf 90' lang='grc' dir='ltr'>Ἀχαι-</span> 
     </span>
     <span class='ocr_line' id='line_1_27' title="bbox 367 1839 2104 1909; baseline -0.001 -16"><span class='ocrx_word' id='word_1_179' title='bbox 367 1843 586 1906; x_wconf 92' lang='grc' dir='ltr'>μενίδην,</span> <span class='ocrx_word' id='word_1_180' title='bbox 629 1840 894 1892; x_wconf 89' lang='grc' dir='ltr'>ἐκαλέοντο</span> <span class='ocrx_word' id='word_1_181' title='bbox 935 1842 988 1892; x_wconf 80' lang='grc' dir='ltr'>δὲ</span> <span class='ocrx_word' id='word_1_182' title='bbox 1033 1839 1191 1894; x_wconf 88' lang='grc' dir='ltr'>πάλαι</span> <span class='ocrx_word' id='word_1_183' title='bbox 1234 1840 1356 1907; x_wconf 85' lang='grc' dir='ltr'>πρὸς</span> <span class='ocrx_word' id='word_1_184' title='bbox 1400 1839 1600 1894; x_wconf 90' lang='grc' dir='ltr'>πάντων</span> <span class='ocrx_word' id='word_1_185' title='bbox 1636 1840 1817 1909; x_wconf 80' lang='grc' dir='ltr'>Ἀριοι,</span> <span class='ocrx_word' id='word_1_186' title='bbox 1852 1841 2023 1894; x_wconf 84' lang='grc' dir='ltr'>ἆπικο-</span> <span class='ocrx_word' id='word_1_187' title='bbox 2054 1863 2104 1892; x_wconf 88' lang='lat'>20</span> 
     </span>
     <span class='ocr_line' id='line_1_28' title="bbox 366 1922 2027 1993; baseline 0 -15"><span class='ocrx_word' id='word_1_188' title='bbox 366 1923 520 1991; x_wconf 87' lang='grc' dir='ltr'>μένης</span> <span class='ocrx_word' id='word_1_189' title='bbox 550 1927 602 1977; x_wconf 84' lang='grc' dir='ltr'>δὲ</span> <span class='ocrx_word' id='word_1_190' title='bbox 628 1926 850 1990; x_wconf 88' lang='grc' dir='ltr'>Μηδείης</span> <span class='ocrx_word' id='word_1_191' title='bbox 870 1927 956 1989; x_wconf 86' lang='grc' dir='ltr'>τῆς</span> <span class='ocrx_word' id='word_1_192' title='bbox 981 1925 1232 1993; x_wconf 86' lang='grc' dir='ltr'>Κολχίδος</span> <span class='ocrx_word' id='word_1_193' title='bbox 1262 1923 1321 1990; x_wconf 81' lang='grc' dir='ltr'>ἐξ</span> <span class='ocrx_word' id='word_1_194' title='bbox 1346 1922 1598 1990; x_wconf 89' lang='grc' dir='ltr'>Ἀθηνέων</span> <span class='ocrx_word' id='word_1_195' title='bbox 1623 1926 1674 1979; x_wconf 89' lang='grc' dir='ltr'>ἐς</span> <span class='ocrx_word' id='word_1_196' title='bbox 1695 1923 1810 1979; x_wconf 84' lang='grc' dir='ltr'>τοὺς</span> <span class='ocrx_word' id='word_1_197' title='bbox 1831 1923 2027 1992; x_wconf 89' lang='grc' dir='ltr'>Ἀρίους</span> 
     </span>
     <span class='ocr_line' id='line_1_29' title="bbox 367 2006 2027 2076; baseline 0 -15"><span class='ocrx_word' id='word_1_198' title='bbox 367 2010 568 2064; x_wconf 87' lang='grc' dir='ltr'>τούτους</span> <span class='ocrx_word' id='word_1_199' title='bbox 596 2006 882 2075; x_wconf 84' lang='grc' dir='ltr'>μετέβαλον</span> <span class='ocrx_word' id='word_1_200' title='bbox 913 2009 992 2061; x_wconf 88' lang='grc' dir='ltr'>καὶ</span> <span class='ocrx_word' id='word_1_201' title='bbox 1022 2009 1157 2061; x_wconf 79' lang='grc' dir='ltr'>οὗτοι</span> <span class='ocrx_word' id='word_1_202' title='bbox 1186 2008 1243 2061; x_wconf 87' lang='grc' dir='ltr'>τὸ</span> <span class='ocrx_word' id='word_1_203' title='bbox 1273 2009 1474 2075; x_wconf 82' lang='grc' dir='ltr'>οὕνομα.</span> <span class='ocrx_word' id='word_1_204' title='bbox 1540 2009 1678 2062; x_wconf 81' lang='grc' dir='ltr'>αὐτοὶ</span> <span class='ocrx_word' id='word_1_205' title='bbox 1707 2010 1819 2076; x_wconf 85' lang='grc' dir='ltr'>περὶ</span> <span class='ocrx_word' id='word_1_206' title='bbox 1849 2006 2027 2076; x_wconf 89' lang='grc' dir='ltr'>σφέων</span> 
     </span>
     <span class='ocr_line' id='line_1_30' title="bbox 368 2091 2027 2161; baseline -0.001 -15"><span class='ocrx_word' id='word_1_207' title='bbox 368 2096 462 2146; x_wconf 77' lang='grc' dir='ltr'>ὦδε</span> <span class='ocrx_word' id='word_1_208' title='bbox 512 2091 723 2161; x_wconf 88' lang='grc' dir='ltr'>λέγουσι</span> <span class='ocrx_word' id='word_1_209' title='bbox 764 2097 946 2158; x_wconf 86' lang='grc' dir='ltr'>Μῆδοι.</span> <span class='ocrx_word' id='word_1_210' title='bbox 1034 2094 1243 2145; x_wconf 89' lang='grc' dir='ltr'>Κίσσιοι</span> <span class='ocrx_word' id='word_1_211' title='bbox 1293 2095 1347 2144; x_wconf 82' lang='grc' dir='ltr'>δὲ</span> <span class='ocrx_word' id='word_1_212' title='bbox 1394 2094 1776 2160; x_wconf 88' lang='grc' dir='ltr'>στρατευόμενοι</span> <span class='ocrx_word' id='word_1_213' title='bbox 1825 2094 1886 2144; x_wconf 78' lang='grc' dir='ltr'>τὰ</span> <span class='ocrx_word' id='word_1_214' title='bbox 1934 2095 2027 2159; x_wconf 84' lang='grc' dir='ltr'>μὲν</span> 
     </span>
     <span class='ocr_line' id='line_1_31' title="bbox 367 2174 2026 2244; baseline 0 -15"><span class='ocrx_word' id='word_1_215' title='bbox 367 2178 502 2230; x_wconf 83' lang='grc' dir='ltr'>ἄλλα</span> <span class='ocrx_word' id='word_1_216' title='bbox 548 2176 670 2229; x_wconf 89' lang='grc' dir='ltr'>κατά</span> <span class='ocrx_word' id='word_1_217' title='bbox 713 2199 805 2244; x_wconf 91' lang='grc' dir='ltr'>περ</span> <span class='ocrx_word' id='word_1_218' title='bbox 852 2174 1050 2243; x_wconf 88' lang='grc' dir='ltr'>Πέρσαι</span> <span class='ocrx_word' id='word_1_219' title='bbox 1101 2176 1420 2237; x_wconf 87' lang='grc' dir='ltr'>ἐσκευάδατο,</span> <span class='ocrx_word' id='word_1_220' title='bbox 1459 2177 1569 2229; x_wconf 85' lang='grc' dir='ltr'>ἀντὶ</span> <span class='ocrx_word' id='word_1_221' title='bbox 1612 2180 1666 2229; x_wconf 79' lang='grc' dir='ltr'>δὲ</span> <span class='ocrx_word' id='word_1_222' title='bbox 1715 2182 1814 2229; x_wconf 82' lang='grc' dir='ltr'>τῶν</span> <span class='ocrx_word' id='word_1_223' title='bbox 1864 2178 2026 2229; x_wconf 91' lang='grc' dir='ltr'>πίλων</span> 
     </span>
     <span class='ocr_line' id='line_1_32' title="bbox 365 2259 2097 2330; baseline -0.001 -16"><span class='ocrx_word' id='word_1_224' title='bbox 365 2263 663 2330; x_wconf 90' lang='grc' dir='ltr'>μιτρηφόροι</span> <span class='ocrx_word' id='word_1_225' title='bbox 694 2261 840 2326; x_wconf 82' lang='grc' dir='ltr'>ἦσαν.</span> <span class='ocrx_word' id='word_1_226' title='bbox 929 2261 1160 2312; x_wconf 91' lang='grc' dir='ltr'>Κισσίων</span> <span class='ocrx_word' id='word_1_227' title='bbox 1201 2264 1254 2313; x_wconf 82' lang='grc' dir='ltr'>δὲ</span> <span class='ocrx_word' id='word_1_228' title='bbox 1297 2260 1422 2329; x_wconf 80' lang='grc' dir='ltr'>ἦρχε</span> <span class='ocrx_word' id='word_1_229' title='bbox 1460 2259 1686 2328; x_wconf 88' lang='grc' dir='ltr'>Ἀνάφης</span> <span class='ocrx_word' id='word_1_230' title='bbox 1722 2262 1749 2312; x_wconf 90' lang='lat'><em>6</em></span> <span class='ocrx_word' id='word_1_231' title='bbox 1784 2260 2022 2313; x_wconf 87' lang='grc' dir='ltr'>Ὀτάνεω.</span> <span class='ocrx_word' id='word_1_232' title='bbox 2049 2284 2097 2326; x_wconf 87' lang='lat'>25</span> 
     </span>
     <span class='ocr_line' id='line_1_33' title="bbox 366 2344 2021 2413; baseline 0.001 -17"><span class='ocrx_word' id='word_1_233' title='bbox 366 2346 617 2413; x_wconf 68' lang='grc' dir='ltr'>’Ὑρκάνιοι</span> <span class='ocrx_word' id='word_1_234' title='bbox 647 2348 700 2398; x_wconf 80' lang='grc' dir='ltr'>δὲ</span> <span class='ocrx_word' id='word_1_235' title='bbox 732 2344 854 2397; x_wconf 89' lang='grc' dir='ltr'>κατά</span> <span class='ocrx_word' id='word_1_236' title='bbox 876 2366 968 2412; x_wconf 89' lang='grc' dir='ltr'>περ</span> <span class='ocrx_word' id='word_1_237' title='bbox 1000 2344 1199 2412; x_wconf 88' lang='grc' dir='ltr'>Πέρσαι</span> <span class='ocrx_word' id='word_1_238' title='bbox 1228 2344 1530 2413; x_wconf 88' lang='grc' dir='ltr'>ἐσεσάχατο,</span> <span class='ocrx_word' id='word_1_239' title='bbox 1557 2345 1776 2412; x_wconf 85' lang='grc' dir='ltr'>ἡγεμόνα</span> <span class='ocrx_word' id='word_1_240' title='bbox 1805 2345 2021 2413; x_wconf 87' lang='grc' dir='ltr'>παρεχό-</span> 
     </span>
     <span class='ocr_line' id='line_1_34' title="bbox 366 2428 2019 2497; baseline 0 -15"><span class='ocrx_word' id='word_1_241' title='bbox 366 2452 507 2496; x_wconf 90' lang='grc' dir='ltr'>μενοι</span> <span class='ocrx_word' id='word_1_242' title='bbox 543 2429 853 2497; x_wconf 88' lang='grc' dir='ltr'>Μεγάπανον</span> <span class='ocrx_word' id='word_1_243' title='bbox 888 2428 976 2480; x_wconf 88' lang='grc' dir='ltr'>τὸν</span> <span class='ocrx_word' id='word_1_244' title='bbox 1008 2433 1312 2494; x_wconf 85' lang='grc' dir='ltr'>Βαβυλῶνος</span> <span class='ocrx_word' id='word_1_245' title='bbox 1347 2430 1563 2496; x_wconf 83' lang='grc' dir='ltr'>ὕστερον.</span> <span class='ocrx_word' id='word_1_246' title='bbox 1596 2429 1785 2481; x_wconf 90' lang='grc' dir='ltr'>τούτων</span> <span class='ocrx_word' id='word_1_247' title='bbox 1825 2430 2019 2495; x_wconf 78' lang='grc' dir='ltr'>ἐπιτρο-</span> 
     </span>
    </p>
   </div>
   <div class='ocr_carea' id='block_1_8' title="bbox 363 2513 2132 3000">
    <p class='ocr_par' dir='ltr' id='par_1_8' title="bbox 366 2513 2023 2585">
     <span class='ocr_line' id='line_1_35' title="bbox 366 2513 2023 2585; baseline -0.002 -19"><span class='ocrx_word' id='word_1_248' title='bbox 366 2515 637 2567; x_wconf 90' lang='grc' dir='ltr'>πεύσαντα.</span> <span class='ocrx_word' id='word_1_249' title='bbox 726 2513 989 2579; x_wconf 83' lang='grc' dir='ltr'>Ἀσσύριοι</span> <span class='ocrx_word' id='word_1_250' title='bbox 1041 2515 1095 2565; x_wconf 83' lang='grc' dir='ltr'>δὲ</span> <span class='ocrx_word' id='word_1_251' title='bbox 1154 2513 1537 2580; x_wconf 89' lang='grc' dir='ltr'>στρατευόμενοι</span> <span class='ocrx_word' id='word_1_252' title='bbox 1595 2513 1706 2580; x_wconf 87' lang='grc' dir='ltr'>περὶ</span> <span class='ocrx_word' id='word_1_253' title='bbox 1761 2515 1855 2578; x_wconf 82' lang='grc' dir='ltr'>μὲν</span> <span class='ocrx_word' id='word_1_254' title='bbox 1904 2519 2023 2585; x_wconf 81' lang='grc' dir='ltr'>τῇσι</span> 
     </span>
    </p>

    <p class='ocr_par' dir='ltr' id='par_1_9' title="bbox 366 2594 2132 2786">
     <span class='ocr_line' id='line_1_36' title="bbox 366 2594 2132 2695; baseline -0.002 -45"><span class='ocrx_word' id='word_1_255' title='bbox 366 2605 621 2671; x_wconf 85' lang='grc' dir='ltr'>κεφαλῇσι</span> <span class='ocrx_word' id='word_1_256' title='bbox 651 2598 789 2665; x_wconf 79' lang='grc' dir='ltr'>εἶχον</span> <span class='ocrx_word' id='word_1_257' title='bbox 824 2596 1018 2666; x_wconf 88' lang='grc' dir='ltr'>χάλκεά</span> <span class='ocrx_word' id='word_1_258' title='bbox 1053 2618 1108 2649; x_wconf 92' lang='grc' dir='ltr'>τε</span> <span class='ocrx_word' id='word_1_259' title='bbox 1145 2595 1325 2663; x_wconf 89' lang='grc' dir='ltr'>κράνεα</span> <span class='ocrx_word' id='word_1_260' title='bbox 1362 2597 1441 2648; x_wconf 85' lang='grc' dir='ltr'>καὶ</span> <span class='ocrx_word' id='word_1_261' title='bbox 1479 2594 1801 2670; x_wconf 56' lang='grc' dir='ltr'>πεπλεγμένα</span> <span class='ocrx_word' id='word_1_262' title='bbox 1835 2595 2132 2695; x_wconf 48' lang='grc' dir='ltr'>τρόπονἋ</span> 
     </span>
     <span class='ocr_line' id='line_1_37' title="bbox 420 2732 2019 2786; baseline -0.002 -10"><span class='ocrx_word' id='word_1_263' title='bbox 420 2747 444 2772; x_wconf 85' lang='lat'>2</span> <span class='ocrx_word' id='word_1_264' title='bbox 473 2732 722 2785; x_wconf 84' lang='grc' dir='ltr'>καλεομένας</span> <span class='ocrx_word' id='word_1_265' title='bbox 742 2734 775 2772; x_wconf 94' lang='lat' dir='ltr'>C</span> <span class='ocrx_word' id='word_1_266' title='bbox 922 2746 948 2784; x_wconf 85' lang='lat'><strong>3</strong></span> <span class='ocrx_word' id='word_1_267' title='bbox 978 2737 1155 2786; x_wconf 81' lang='grc' dir='ltr'>χιτῶνας</span> <span class='ocrx_word' id='word_1_268' title='bbox 1177 2733 1210 2772; x_wconf 93' lang='lat' dir='ltr'>L</span> <span class='ocrx_word' id='word_1_269' title='bbox 1235 2733 1359 2785; x_wconf 86' lang='grc' dir='ltr'>(χειτ.</span> <span class='ocrx_word' id='word_1_270' title='bbox 1385 2733 1436 2782; x_wconf 91' lang='lat' dir='ltr'>C)</span> <span class='ocrx_word' id='word_1_271' title='bbox 1584 2746 1610 2782; x_wconf 89' lang='lat'>4</span> <span class='ocrx_word' id='word_1_272' title='bbox 1639 2735 1705 2774; x_wconf 78' lang='grc' dir='ltr'>καὶ</span> <span class='ocrx_word' id='word_1_273' title='bbox 1726 2735 1902 2786; x_wconf 78' lang='grc' dir='ltr'>θώρηκας</span> <span class='ocrx_word' id='word_1_274' title='bbox 1923 2733 2019 2773; x_wconf 89' lang='lat' dir='ltr'><strong>add.</strong></span> 
     </span>
    </p>

    <p class='ocr_par' dir='ltr' id='par_1_10' title="bbox 367 2786 2021 2842">
     <span class='ocr_line' id='line_1_38' title="bbox 367 2786 2021 2842; baseline 0 -14"><span class='ocrx_word' id='word_1_275' title='bbox 367 2789 398 2828; x_wconf 90' lang='lat' dir='ltr'>I.</span> <span class='ocrx_word' id='word_1_276' title='bbox 421 2789 470 2828; x_wconf 88' lang='lat' dir='ltr'>C.</span> <span class='ocrx_word' id='word_1_277' title='bbox 491 2789 590 2828; x_wconf 88' lang='lat' dir='ltr'><strong>Biel</strong></span> <span class='ocrx_word' id='word_1_278' title='bbox 726 2790 754 2826; x_wconf 91' lang='lat'><em>6</em></span> <span class='ocrx_word' id='word_1_279' title='bbox 783 2793 977 2842; x_wconf 84' lang='grc' dir='ltr'>βραχειας</span> <span class='ocrx_word' id='word_1_280' title='bbox 997 2787 1037 2826; x_wconf 93' lang='grc' dir='ltr'><strong>Α</strong></span> <span class='ocrx_word' id='word_1_281' title='bbox 1051 2788 1086 2826; x_wconf 88' lang='grc' dir='ltr'>Β</span> <span class='ocrx_word' id='word_1_282' title='bbox 1217 2800 1240 2836; x_wconf 91' lang='grc'><strong>7</strong></span> <span class='ocrx_word' id='word_1_283' title='bbox 1270 2788 1366 2841; x_wconf 84' lang='grc' dir='ltr'>πρὸς</span> <span class='ocrx_word' id='word_1_284' title='bbox 1387 2787 1430 2828; x_wconf 82' lang='grc' dir='ltr'>δὲ</span> <span class='ocrx_word' id='word_1_285' title='bbox 1451 2789 1513 2828; x_wconf 80' lang='grc' dir='ltr'>καὶ</span> <span class='ocrx_word' id='word_1_286' title='bbox 1536 2786 1570 2825; x_wconf 92' lang='lat' dir='ltr'>C</span> <span class='ocrx_word' id='word_1_287' title='bbox 1699 2801 1726 2837; x_wconf 91' lang='lat'>9</span> <span class='ocrx_word' id='word_1_288' title='bbox 1755 2787 1931 2836; x_wconf 82' lang='grc' dir='ltr'>Ὀτάνην</span> <span class='ocrx_word' id='word_1_289' title='bbox 1949 2789 2021 2828; x_wconf 83' lang='grc' dir='ltr'>τὸν</span> 
     </span>
    </p>

    <p class='ocr_par' dir='ltr' id='par_1_11' title="bbox 363 2841 2019 2896">
     <span class='ocr_line' id='line_1_39' title="bbox 363 2841 2019 2896; baseline -0.002 -12"><span class='ocrx_word' id='word_1_290' title='bbox 363 2843 605 2896; x_wconf 81' lang='grc' dir='ltr'>Ἀμάστριος</span> <span class='ocrx_word' id='word_1_291' title='bbox 635 2842 771 2882; x_wconf 89' lang='lat' dir='ltr'>RSV</span> <span class='ocrx_word' id='word_1_292' title='bbox 991 2855 1041 2880; x_wconf 89' lang='lat'>10</span> <span class='ocrx_word' id='word_1_293' title='bbox 1067 2842 1190 2883; x_wconf 81' lang='grc' dir='ltr'>πάλαι</span> <span class='ocrx_word' id='word_1_294' title='bbox 1218 2855 1302 2881; x_wconf 92' lang='lat' dir='ltr'>om.</span> <span class='ocrx_word' id='word_1_295' title='bbox 1333 2842 1367 2879; x_wconf 92' lang='lat' dir='ltr'>B</span> <span class='ocrx_word' id='word_1_296' title='bbox 1592 2843 1641 2880; x_wconf 91' lang='lat'>16</span> <span class='ocrx_word' id='word_1_297' title='bbox 1670 2844 1718 2891; x_wconf 76' lang='grc' dir='ltr'>δὴ</span> <span class='ocrx_word' id='word_1_298' title='bbox 1741 2842 1892 2880; x_wconf 87' lang='lat' dir='ltr'><strong>Stein:</strong></span> <span class='ocrx_word' id='word_1_299' title='bbox 1921 2841 1964 2882; x_wconf 86' lang='grc' dir='ltr'>δὲ</span> <span class='ocrx_word' id='word_1_300' title='bbox 1986 2842 2019 2880; x_wconf 88' lang='lat' dir='ltr'>L</span> 
     </span>
    </p>

    <p class='ocr_par' dir='ltr' id='par_1_12' title="bbox 367 2895 2019 2950">
     <span class='ocr_line' id='line_1_40' title="bbox 367 2895 2019 2950; baseline -0.002 -14"><span class='ocrx_word' id='word_1_301' title='bbox 367 2899 418 2936; x_wconf 89' lang='lat'>18</span> <span class='ocrx_word' id='word_1_302' title='bbox 447 2898 615 2946; x_wconf 77' lang='grc' dir='ltr'>Μηδικοὶ</span> <span class='ocrx_word' id='word_1_303' title='bbox 641 2897 679 2935; x_wconf 88' lang='lat' dir='ltr'>R</span> <span class='ocrx_word' id='word_1_304' title='bbox 901 2910 951 2947; x_wconf 91' lang='lat'>19</span> <span class='ocrx_word' id='word_1_305' title='bbox 980 2898 1101 2950; x_wconf 77' lang='grc' dir='ltr'>ἄνδρα</span> <span class='ocrx_word' id='word_1_306' title='bbox 1118 2909 1199 2936; x_wconf 90' lang='lat' dir='ltr'>om.</span> <span class='ocrx_word' id='word_1_307' title='bbox 1225 2896 1266 2935; x_wconf 91' lang='lat' dir='ltr'>R</span> <span class='ocrx_word' id='word_1_308' title='bbox 1281 2896 1310 2935; x_wconf 88' lang='lat' dir='ltr'>S</span> <span class='ocrx_word' id='word_1_309' title='bbox 1323 2895 1361 2934; x_wconf 93' lang='lat' dir='ltr'>V</span> <span class='ocrx_word' id='word_1_310' title='bbox 1570 2909 1618 2934; x_wconf 83' lang='lat'>21</span> <span class='ocrx_word' id='word_1_311' title='bbox 1652 2896 1812 2945; x_wconf 85' lang='grc' dir='ltr'>Μηδέης</span> <span class='ocrx_word' id='word_1_312' title='bbox 1831 2895 1871 2933; x_wconf 89' lang='grc' dir='ltr'>Α</span> <span class='ocrx_word' id='word_1_313' title='bbox 1886 2896 1920 2933; x_wconf 86' lang='lat' dir='ltr'>B</span> <span class='ocrx_word' id='word_1_314' title='bbox 1936 2895 1970 2933; x_wconf 92' lang='lat' dir='ltr'>C</span> <span class='ocrx_word' id='word_1_315' title='bbox 1987 2895 2019 2933; x_wconf 88' lang='lat' dir='ltr'><strong>P</strong></span> 
     </span>
    </p>

    <p class='ocr_par' dir='ltr' id='par_1_13' title="bbox 364 2948 2020 3000">
     <span class='ocr_line' id='line_1_41' title="bbox 364 2948 2020 3000; baseline -0.003 -8"><span class='ocrx_word' id='word_1_316' title='bbox 364 2952 582 3000; x_wconf 86' lang='grc' dir='ltr'>Ἀθηναίων</span> <span class='ocrx_word' id='word_1_317' title='bbox 612 2952 646 2989; x_wconf 91' lang='grc' dir='ltr'>Β</span> <span class='ocrx_word' id='word_1_318' title='bbox 663 2952 696 2991; x_wconf 90' lang='lat' dir='ltr'>C</span> <span class='ocrx_word' id='word_1_319' title='bbox 713 2952 750 2989; x_wconf 88' lang='lat' dir='ltr'>R</span> <span class='ocrx_word' id='word_1_320' title='bbox 768 2951 798 2990; x_wconf 90' lang='lat' dir='ltr'>S</span> <span class='ocrx_word' id='word_1_321' title='bbox 812 2951 850 2990; x_wconf 94' lang='lat' dir='ltr'>V</span> <span class='ocrx_word' id='word_1_322' title='bbox 1067 2964 1120 2989; x_wconf 85' lang='lat'>22</span> <span class='ocrx_word' id='word_1_323' title='bbox 1157 2953 1332 2999; x_wconf 82' lang='grc' dir='ltr'>τοῦνομα</span> <span class='ocrx_word' id='word_1_324' title='bbox 1361 2949 1400 2987; x_wconf 88' lang='grc' dir='ltr'>Α</span> <span class='ocrx_word' id='word_1_325' title='bbox 1415 2950 1448 2987; x_wconf 91' lang='grc' dir='ltr'>Β</span> <span class='ocrx_word' id='word_1_326' title='bbox 1463 2950 1497 2987; x_wconf 93' lang='lat' dir='ltr'>C</span> <span class='ocrx_word' id='word_1_327' title='bbox 1666 2951 1777 2991; x_wconf 80' lang='grc' dir='ltr'>αὐτοὶ</span> <span class='ocrx_word' id='word_1_328' title='bbox 1808 2949 1852 2991; x_wconf 78' lang='grc' dir='ltr'>δὲ</span> <span class='ocrx_word' id='word_1_329' title='bbox 1883 2950 1920 2987; x_wconf 91' lang='lat' dir='ltr'><strong>R</strong></span> <span class='ocrx_word' id='word_1_330' title='bbox 1938 2950 1968 2988; x_wconf 91' lang='lat' dir='ltr'>S</span> <span class='ocrx_word' id='word_1_331' title='bbox 1981 2948 2020 2987; x_wconf 93' lang='lat' dir='ltr'>V</span> 
     </span>
    </p>
   </div>
   <div class='ocr_carea' id='block_1_9' title="bbox 364 3003 1982 3059">
    <p class='ocr_par' dir='ltr' id='par_1_14' title="bbox 364 3003 1982 3059">
     <span class='ocr_line' id='line_1_42' title="bbox 364 3003 1982 3059; baseline -0.002 -11"><span class='ocrx_word' id='word_1_332' title='bbox 364 3018 417 3057; x_wconf 88' lang='lat'>25</span> <span class='ocrx_word' id='word_1_333' title='bbox 447 3005 671 3058; x_wconf 83' lang='grc' dir='ltr'>Ἀναφάνης</span> <span class='ocrx_word' id='word_1_334' title='bbox 694 3007 731 3044; x_wconf 82' lang='lat' dir='ltr'>R</span> <span class='ocrx_word' id='word_1_335' title='bbox 748 3007 778 3045; x_wconf 88' lang='lat' dir='ltr'>S</span> <span class='ocrx_word' id='word_1_336' title='bbox 792 3006 828 3045; x_wconf 95' lang='lat' dir='ltr'>V</span> <span class='ocrx_word' id='word_1_337' title='bbox 966 3019 1020 3056; x_wconf 86' lang='lat'>29</span> <span class='ocrx_word' id='word_1_338' title='bbox 1049 3005 1192 3059; x_wconf 83' lang='grc' dir='ltr'>κράνεα</span> <span class='ocrx_word' id='word_1_339' title='bbox 1213 3018 1294 3044; x_wconf 87' lang='lat' dir='ltr'>om.</span> <span class='ocrx_word' id='word_1_340' title='bbox 1318 3004 1357 3043; x_wconf 85' lang='lat' dir='ltr'><strong>A</strong></span> <span class='ocrx_word' id='word_1_341' title='bbox 1372 3005 1407 3043; x_wconf 92' lang='grc' dir='ltr'>Β</span> <span class='ocrx_word' id='word_1_342' title='bbox 1423 3004 1456 3043; x_wconf 94' lang='lat' dir='ltr'>C</span> <span class='ocrx_word' id='word_1_343' title='bbox 1567 3005 1657 3046; x_wconf 82' lang='grc' dir='ltr'>τινὰ</span> <span class='ocrx_word' id='word_1_344' title='bbox 1677 3005 1825 3058; x_wconf 85' lang='grc' dir='ltr'>τρόπον</span> <span class='ocrx_word' id='word_1_345' title='bbox 1846 3003 1885 3041; x_wconf 85' lang='lat' dir='ltr'>R</span> <span class='ocrx_word' id='word_1_346' title='bbox 1900 3004 1930 3041; x_wconf 91' lang='lat' dir='ltr'>S</span> <span class='ocrx_word' id='word_1_347' title='bbox 1945 3004 1982 3040; x_wconf 89' lang='lat' dir='ltr'>V</span> 
     </span>
    </p>
   </div>
  </div>
 </body>
</html>
