2034 3328
703 115 1081 165 ΙΣΤΟΡΙΩΝ
1146 116 1185 163 Ε

97 249 194 302 ·καὶ
230 248 583 314 συλλαβόντος
620 247 751 317 δόλῳ
783 246 1020 299 Ὀλίατον
1052 246 1382 313 Ἰβανώλλιος
1420 246 1667 300 Μυλασέα
1706 246 1785 299 καὶ

111 332 352 386 Ἱστιαῖον
407 333 616 398 Τύμνεω
674 331 926 399 Τερμερέα
991 333 1071 384 καὶ
1133 333 1280 397 Κώην
1339 330 1658 400 Ἐρξάνδρου,
1719 337 1784 402 τῷ

114 422 325 486 Δαρεῖος
378 415 673 482 Μυτιλήνην
725 414 1026 483 ἐδωρήσατο,
1084 418 1162 468 καὶ
1211 416 1578 483 Ἀρισταγόρην
1625 416 1782 484 ‘Hpa-

113 504 317 555 κλείδεω
371 505 592 567 Κυμαῖον
645 502 725 553 καὶ
775 500 960 554 ἄλλους
1006 501 1252 569 συχνούς,
1306 502 1434 552 οὕτω
1487 501 1544 565 δὴ
1597 503 1652 553 ἐκ
1701 506 1787 552 τοῦ

65 615 88 658 5
110 585 360 655 ἐμφανέος
391 587 419 638 ὁ
441 585 803 654 Ἀρισταγόρης
833 584 1127 650 ἀπεστήκεε,
1154 589 1252 638 πᾶν
1283 586 1364 638 ἐπὶ
1396 586 1590 655 Δαρείῳ
1620 607 1783 655 μηχα-

22 671 25 673 Ὕ
111 671 343 738 νώμενος.
407 671 486 722 καὶ
503 675 673 738 πρῶτα
690 672 782 736 μὲν
800 669 936 739 λόγῳ
955 670 1120 736 μετεὶς
1135 669 1224 733 τὴν
1242 670 1504 736 τυραννίδα
1524 672 1786 735 ἰσονομίην

112 756 276 808 ἐποίεε
305 763 366 829 τῇ
390 753 620 825 Μιλήτῳ,
649 754 714 809 ὡς
742 753 805 807 ἂν
835 755 1032 808 ἑκόντες
1063 754 1191 824 αὐτῷ
1222 756 1268 806 οἱ
1295 752 1542 818 Μιλήσιοι
1575 776 1783 807 συναπι-

113 840 336 899 σταίατο,
367 841 493 906 μετὰ
522 841 574 891 δὲ
607 840 686 891 καὶ
717 841 772 891 ἐν
803 846 862 911 τῇ
891 838 1027 910 ἄλλῃ
1051 838 1216 910 Ἰωνίῃ
1247 837 1402 890 τώυτὸ
1432 843 1574 890 τοῦτο
1606 840 1784 898 ἐποίεε,

111 924 225 979 τοὺς
254 926 346 990 μὲν
376 923 658 989 ἐξελαύνων
687 928 788 975 τῶν
818 922 1086 989 τυράννων,
1120 923 1232 977 τοὺς
1265 923 1306 974 δ’
1332 924 1491 989 ἔλαβε
1522 923 1788 989 τυράννους

39 1037 90 1066 10
112 1008 211 1061 ἀπὸ
246 1013 344 1061 τῶν
379 1013 505 1062 νεῶν
539 1013 639 1061 τῶν
675 1007 1112 1074 συμπλευσασέων
1149 1009 1232 1059 ἐπὶ
1270 1006 1456 1072 Νάξον,
1495 1009 1697 1063 τούτους
1734 1011 1787 1061 δὲ

112 1094 242 1160 φίλα
274 1094 587 1160 βουλόμενος
618 1091 876 1145 ποιέεσθαι
912 1092 1031 1164 τῇσι
1065 1092 1244 1144 πόλισι
1279 1090 1512 1156 ἐξεδίδου,
1545 1091 1705 1144 ἄλλον
1737 1095 1787 1147 ἐς

113 1170 275 1242 ἄλλην
306 1178 456 1230 πόλιν
486 1176 798 1245 παραδιδούς,
830 1177 947 1229 ὅθεν
979 1178 1051 1242 εἴη
1083 1177 1309 1231 ἕκαστος.
1401 1177 1546 1242 Κώην
1575 1176 1667 1243 μέν
1698 1183 1787 1230 νυν

96 1264 447 1327 ’Μυτιληναῖοι
485 1261 650 1315 ἐπείτε
679 1260 899 1331 τάχιστα
933 1260 1244 1329 παρέλαβον,
1279 1259 1607 1330 ἐξαγαγόντες
1645 1262 1783 1313 κατέ-

111 1353 317 1405 λευσαν,
352 1350 563 1413 Κυμαῖοι
593 1349 646 1399 δὲ
675 1345 763 1398 τὸν
793 1344 1045 1414 σφέτερον
1075 1345 1236 1398 αὐτῶν
1267 1346 1479 1411 ἀπῆκαν·
1526 1346 1591 1400 ὣς
1620 1349 1675 1399 δὲ
1706 1348 1784 1398 καὶ

40 1457 86 1499 15
111 1429 262 1482 ἄλλοι
297 1432 344 1483 οἱ
378 1435 589 1485 πλεῦνες
626 1431 859 1484 ἀπίεσαν.
946 1429 1199 1499 τυράννων
1233 1429 1326 1497 μέν
1357 1451 1443 1483 νυν
1482 1430 1785 1484 κατάπαυσις

113 1516 306 1583 ἐγίνετο
351 1515 445 1568 ἀνὰ
487 1517 576 1570 τὰς
614 1517 810 1576 πόλιας,
854 1514 1218 1583 Ἀρισταγόρης
1262 1518 1316 1568 δὲ
1360 1516 1386 1566 ὁ
1427 1514 1682 1580 Μιλήσιος
1722 1516 1787 1570 ὡς

111 1600 230 1654 τοὺς
250 1599 515 1667 τυράννους
539 1599 836 1660 κατέπαυσε,
857 1598 1166 1667 στρατηγοὺς
1190 1601 1244 1652 ἐν
1267 1598 1456 1673 ἑκάστῃ
1473 1604 1571 1652 τῶν
1595 1602 1786 1652 πολίων

114 1684 356 1739 κελεύσας
376 1684 615 1740 ἑκάστους
636 1687 963 1749 καταστῆσαι,
985 1685 1187 1752 δεύτερα
1206 1683 1351 1738 αὐτὸς
1373 1686 1423 1738 ἐς
1443 1685 1786 1750 Λακεδαίμονα

112 1767 297 1836 τριήρεϊ
325 1770 612 1825 ἀπόστολος
647 1771 858 1837 ἐγίνετο·
905 1769 1011 1822 ἔδεε
1040 1771 1134 1838 γὰρ
1165 1768 1223 1834 δὴ
1256 1770 1540 1839 συμμαχίης
1571 1771 1703 1824 τινός
1740 1772 1785 1822 οἱ

39 1879 89 1924 ²9
110 1851 333 1921 μεγάλης
363 1852 689 1921 ἐξευρεθῆναι.

194 1941 300 2003 Τῆς
345 1940 398 1990 δὲ
446 1936 675 2006 Σπάρτης
719 1938 1107 2007 Ἀναξανδρίδης
1153 1942 1244 2006 μὲν
1288 1940 1315 1990 ὁ
1361 1938 1576 1993 Λέοντος
1624 1938 1786 1991 οὐκέτι

112 2022 322 2090 περιεὼν
370 2023 641 2088 ἐβασίλευε
689 2024 825 2076 ἀλλὰ
875 2022 1264 2088 ἐτετελευτήκεε,
1317 2023 1603 2090 Κλεομένης
1653 2026 1707 2076 δὲ
1759 2025 1784 2075 ὁ

1823 1951 1894 1998 39

113 2104 505 2173 Ἀναξανδρίδεω
555 2106 662 2176 εἶχε
707 2107 798 2173 τὴν
846 2110 1142 2175 βασιληίην,
1191 2108 1249 2160 οὐ
1301 2108 1405 2160 κατ’
1450 2108 1782 2178 ἀνδραγαθίην
1802 2091 2033 2178 ΡΜΝΦῙ

113 2191 255 2260 σχὼν
286 2191 420 2243 ἀλλὰ
460 2193 581 2243 κατὰ
611 2190 770 2259 γένος.
860 2191 1220 2265 Ἀναξανδρίδῃ
1253 2195 1348 2260 γὰρ
1379 2193 1549 2261 ἔχοντι
1577 2198 1784 2261 γυναῖκα

1939 2168 2034 2197 w

40 2299 86 2340 ²5
113 2275 362 2344 ἀδελφεῆς
391 2278 575 2328 ἑωυτοῦ
604 2274 851 2344 θυγατέρα
882 2277 961 2329 καὶ
992 2276 1172 2342 ἐούσης
1200 2277 1379 2342 ταύτης
1409 2280 1456 2330 οἱ
1490 2278 1925 2353 καταθυμίηςωάλ
1945 2288 2034 2329 (ωε

114 2363 284 2414 παῖδες
321 2359 404 2411 οὐκ
442 2361 685 2428 ἐγίνοντο.
772 2361 945 2413 τούτου
981 2363 1033 2413 δὲ
1069 2362 1293 2414 τοιούτου
1324 2363 1491 2416 ἐόντος
1528 2364 1574 2415 οἱ
1611 2362 1784 2430 ἔφοροι

113 2442 259 2496 εἶπαν
281 2443 702 2511 ἐπικαλεσάμενοι
726 2444 890 2497 αὐτόν·
939 2447 1004 2498 Εἴ
1023 2467 1100 2497 τοι
1125 2446 1189 2497 σὺ
1213 2451 1432 2498 σεωυτοῦ
1458 2446 1525 2512 μὴ
1550 2454 1780 2517 προορᾷς,

113 2527 230 2580 ἀλλ’
261 2528 377 2594 ἡμῖν
407 2530 553 2580 τοῦτό
589 2531 700 2581 ἐστι
735 2529 793 2580 οὐ
827 2529 1140 2596 περιοπτέον,
1172 2530 1318 2598 γένος
1352 2530 1410 2582 τὸ
1444 2530 1784 2598 Εὐρυσθένεος

111 2611 348 2680 γενέσθαι
387 2611 631 2678 ἐξίτηλον.
720 2614 787 2665 σύ
820 2634 908 2665 νυν
943 2612 1032 2678 τὴν
1063 2616 1155 2679 μὲν
1191 2613 1325 2683 ἔχεις
1360 2620 1584 2683 γυναῖκα,
1619 2616 1783 2668 ἐπείτε

39 2719 91 2759 30
112 2716 188 2749 τοι
235 2697 292 2748 οὐ
338 2697 506 2757 τίκτει,
553 2695 679 2762 ἔξεο,
727 2697 889 2762 ἄλλην
936 2700 987 2749 δὲ
1034 2700 1210 2763 γῆμον·
1275 2698 1353 2751 καὶ
1402 2698 1585 2752 ποιέων
1629 2704 1781 2751 ταῦτα

173 2847 190 2874 1
223 2833 455 2887 ΪῙβανώλιος
479 2836 512 2874 Ρ
526 2835 555 2876 S
570 2836 606 2875 V
623 2836 659 2874 U
826 2835 1051 2876 Μυλασσέα
1075 2834 1108 2873 L
1355 2848 1381 2875 2
1410 2836 1619 2891 Ἐξάνδρου
1639 2838 1678 2877 V
1695 2838 1733 2878 U
1747 2839 1778 2879 S

115 2888 271 2943 (·δρεω)
493 2903 518 2941 3
548 2896 698 2931 Μιτυλ.
719 2889 751 2928 C
769 2889 800 2928 P
814 2889 844 2930 S
858 2888 895 2928 V
913 2888 949 2927 U
974 2890 1036 2942 (it.
1059 2891 1126 2943 13)
1349 2904 1371 2942 7
1404 2892 1703 2935 συναπιστέατο
1726 2893 1777 2933 C¹

113 2943 293 2986 ωταυτὸ
313 2945 347 2984 C
547 2957 594 2995 15
627 2944 753 2987 ὧλλοι
776 2944 895 2983 Stein
1010 2943 1099 2996 νυν]
1121 2961 1183 2984 τοι
1206 2945 1239 2983 C
1429 2948 1481 2985 26
1511 2947 1703 3000 ἐγένοντο
1722 2947 1775 2987 V¹

115 3010 166 3048 27
198 3003 258 3050 εἵη
278 2999 330 3040 C⁰
353 2999 428 3054 (m.
455 3001 498 3054 1)
663 3013 716 3051 30
746 2999 829 3051 ἔξεο
853 2999 1084 3038 Schaeser:
1114 3000 1232 3041 ἐκσέυ
1255 2999 1289 3039 L

1566 3058 1613 3096 2*

1821 2378 1847 2410 2
