2132 3340
74 91 188 141 vn.
216 104 281 155 73
937 93 1367 142 HPOAOTOT

321 219 502 286 Ἀσίην
532 219 635 286 ἅμα
662 228 722 294 τῇ
751 222 890 294 χώρῃ
924 222 1002 274 καὶ
1031 222 1088 274 τὸ
1118 223 1304 288 οὔνομα
1331 223 1621 290 μετέβαλον
1649 220 1719 290 [ἐς
1749 223 1984 295 Φρύγας].

320 304 572 371 Ἀρμένιοι
608 308 661 357 δὲ
702 305 824 357 κατά
865 328 955 372 περ
993 307 1189 374 Φρύγες
1222 306 1526 376 ἐσεσάχατο,
1570 310 1737 363 ἐόντες
1777 314 1988 377 Φρυγῶν

318 388 535 441 ἄποικοι.
624 390 815 442 τούτων
852 390 1246 458 συναμφοτέρων
1282 390 1407 460 ἦρχε
1437 392 1734 461 Ἀρτόχμης,
1774 395 1989 460 Δαρείου

214 485 280 535 74
319 473 450 540 ἔχων
481 471 740 541 θυγατέρα.
810 475 964 527 Λυδοὶ
996 477 1050 526 δὲ
1081 474 1346 543 ἀγχοτάτω
1376 481 1474 528 τῶν
1503 475 1818 543 Ἑλληνικῶν
1848 478 1987 547 εἶχον

317 557 467 609 ὅπλα.
555 559 601 611 οἱ
646 560 700 610 δὲ
743 558 897 611 Λυδοὶ
943 560 1167 624 Μηίονες
1205 561 1470 612 ἐκαλεῦντο
1507 560 1564 613 τὸ
1600 560 1773 621 πάλαι,
1814 562 1895 614 ἐπὶ
1932 564 1987 614 δὲ
2009 585 2032 626 5

317 644 482 694 Λυδοῦ
519 646 606 694 τοῦ
637 641 822 696 ’Ἄτυος
859 642 1019 711 ἔσχον
1057 643 1147 709 τὴν
1186 645 1484 711 ἐπωνυμίην,
1517 647 1894 711 μεταβαλόντες
1928 644 1986 698 τὸ

317 726 518 792 οὕνομα.
608 727 779 779 Μυσοὶ
823 730 877 780 δὲ
923 727 1005 780 ἐπὶ
1049 730 1140 794 μὲν
1184 735 1303 802 τῇσι
1340 729 1589 802 κεφαλῇσι
1626 729 1764 798 εἶχον
1805 730 1987 798 κράνεα

316 810 575 880 ἐπιχώρια,
609 811 827 866 ἀσπίδας
858 814 912 864 δὲ
945 811 1172 880 σμικράς,
1207 814 1484 865 ἀκοντίοισι
1515 816 1569 866 δὲ
1599 813 1846 882 ἐχρέωντο
1877 816 1982 868 ἐπι·

251 918 277 951 2
319 896 559 947 καύτοισι.
651 896 787 948 οὗτοι
822 895 878 948 δέ
914 898 1015 948 εἰσι
1052 900 1230 949 Λυδῶν
1268 896 1480 957 ἄποικοι,
1513 896 1598 950 ἀπ’
1635 897 1896 965 Ὀλύμπου
1931 901 1986 952 δὲ

316 981 455 1047 ὄρεος
487 978 750 1032 καλέονται
784 979 1133 1046 Ὀλυμπιηνοί.
1224 984 1398 1034 Λυδῶν
1434 984 1488 1034 δὲ
1526 981 1604 1033 καὶ
1635 985 1829 1035 Μυσῶν
1858 974 1989 1052 ἦρχε
2011 1004 2062 1034 10

316 1063 659 1132 Ἀρταφρένης
689 1065 715 1115 ὁ
745 1064 1127 1133 Ἀρταφρένεος,
1154 1065 1208 1120 ὃς
1239 1067 1289 1120 ἐς
1314 1069 1601 1133 Μαραθῶνα
1630 1065 1854 1132 ἐσέβαλε
1883 1065 1985 1133 ἅμα

217 1162 279 1212 75
319 1147 463 1200 Δάτι.
570 1147 785 1215 Θρήικες
837 1152 890 1201 δὲ
946 1150 1027 1201 ἐπὶ
1078 1152 1170 1216 μὲν
1222 1151 1340 1223 τῇσι
1391 1156 1646 1224 κεφαλῇσι
1695 1151 1984 1205 ἀλωπεκέας

315 1233 517 1301 ἔχοντες
562 1233 936 1300 ἐστρατεύοντο,
986 1235 1096 1301 περὶ
1141 1237 1194 1287 δὲ
1239 1234 1296 1286 τὸ
1342 1240 1487 1301 σῶμα
1532 1238 1756 1295 κιθῶνας,
1803 1237 1886 1290 ἐπὶ
1925 1238 1982 1289 δὲ

318 1318 475 1384 ζειρὰς
505 1316 935 1385 περιβεβλημένοι
966 1319 1210 1378 ποικίλας,
1245 1319 1356 1386 περὶ
1393 1322 1447 1371 δὲ
1482 1319 1596 1374 τοὺς
1632 1321 1786 1375 πόδας
1815 1341 1871 1372 τε
1901 1320 1982 1372 καὶ

0 1398 292 1459 ,αἰών-,Μ
314 1402 403 1456 τὰς
434 1400 620 1467 κνήμας
651 1401 1082 1470 πέδιλα-νεβρῶν,
1116 1407 1237 1469 πρὸς
1273 1406 1326 1456 δὲ
1365 1403 1568 1456 ἀκόντιά
1598 1425 1652 1456 τε
1684 1404 1763 1456 καὶ
1793 1403 1980 1458 πέλτας
2008 1425 2054 1469 15

250 1502 276 1535 2
316 1486 395 1538 καὶ
439 1487 714 1555 ἐγχειρίδια
759 1486 958 1553 σμικρά.
1051 1481 1187 1539 οὗτοι
1231 1490 1285 1540 δὲ
1330 1486 1597 1553 διαβάντες
1644 1491 1737 1554 μὲν
1786 1490 1840 1543 ἐς
1889 1488 1980 1554 τὴν

315 1569 495 1635 Ἀσίην
532 1569 820 1635 ἐκλήθησαν
861 1573 1078 1631 Βιθυνοί,
1123 1571 1181 1623 τὸ
1221 1574 1274 1623 δὲ
1318 1572 1559 1639 πρότερον
1597 1571 1881 1632 ἐκαλέοντο,
1913 1572 1979 1627 ὦς

314 1653 452 1706 αὐτοὶ
485 1653 709 1723 λέγουσι,
743 1656 1053 1722 Στρυμόνιοι,
1090 1654 1336 1710 οἰκέοντες
1371 1656 1452 1709 ἐπὶ
1488 1657 1748 1723 Στρυμόνι·
1800 1655 1975 1722 ἐξανα-

315 1742 495 1804 στῆναι
538 1737 593 1791 δέ
637 1746 767 1804 φασι
812 1736 872 1803 ἐξ
911 1739 1072 1804 ἠθέων
1119 1740 1214 1792 ὑπὸ
1256 1744 1488 1807 Τευκρῶν
1531 1762 1587 1792 τε
1638 1740 1717 1793 καὶ
1769 1744 1976 1793 Μυσῶν.

284 1864 288 1866 -
315 1814 566 1890 Θρηίκων
588 1826 641 1875 δὲ
670 1828 769 1876 τῶν
801 1825 856 1876 ἐν
885 1826 945 1897 τῇ
978 1823 1128 1897 Ἀσίῃ
1164 1823 1286 1894 ἦρχε
1319 1823 1588 1890 Βασσάκης
1612 1825 1638 1875 ὁ
1661 1824 1977 1892 Ἀρταβάνου
2003 1845 2054 1875 20

206 1912 273 1971 76
315 1947 326 1958 .
361 1947 372 1959 .
405 1946 418 1960 .
453 1908 669 1961 ἀσπίδας
709 1911 763 1960 δὲ
805 1907 1089 1974 ὠμοβοΐνας
1132 1909 1272 1978 εἶχον
1314 1906 1538 1976 σμικράς,
1574 1910 1653 1961 καὶ
1693 1903 2132 1980 προβόλουςω

313 1992 399 2044 δύο
428 1991 746 2060 λυκιοεργέας
776 1992 987 2047 ἕκαστος
1020 1993 1143 2062 εἶχε,
1176 1993 1258 2046 ἐπὶ
1287 1995 1340 2045 δὲ
1371 1994 1484 2066 τῇσι
1514 1994 1768 2065 κεφαλῇσι
1799 1990 1978 2061 κράνεα
2059 1962 2132 2022 ’μ

313 2073 523 2144 χάλκεα·
592 2081 714 2144 πρὸς
750 2079 803 2129 δὲ
837 2082 972 2130 τοῖσι
1011 2074 1216 2144 κράνεσι
1253 2074 1355 2129 ὦτά
1390 2098 1445 2129 τε
1482 2078 1561 2130 καὶ
1601 2076 1745 2144 κέρεα
1779 2080 1977 2146 προσῆν

313 2160 436 2225 βοὸς
464 2159 675 2229 χάλκεα,
709 2163 903 2226 ἐπῆσαν
941 2164 994 2214 δὲ
1031 2162 1111 2214 καὶ
1151 2162 1323 2229 λόφοι·
1386 2162 1474 2215 τὰς
1504 2164 1558 2213 δὲ
1591 2161 1774 2227 κνήμας
1802 2160 1977 2229 ῥάκεσι

314 2244 617 2311 φοινικέοισι
647 2246 980 2314 κατειλίχατο.
1071 2246 1124 2298 ἐν
1154 2245 1378 2297 τούτοισι
1396 2250 1541 2297 ’τοῖσι
1564 2244 1775 2312 ἀνδράσι
1796 2243 1977 2312 ’Ἀρεός
2001 2264 2049 2305 25

215 2341 277 2392 77
315 2330 423 2380 ἐστι
454 2327 775 2397 χρηστήριον.
865 2328 1130 2395 Καβηλέες
1175 2331 1228 2382 δὲ
1271 2332 1317 2382 οἱ
1364 2330 1598 2395 Μηίονες,
1638 2330 1882 2382 Λασόνιοι
1924 2333 1979 2382 δὲ

345 2505 349 2507 ,
371 2479 389 2505 1
418 2469 456 2507 ἐς
468 2465 623 2519 Φρύγας
635 2466 717 2506 del.
737 2467 951 2517 Gomperz
1062 2479 1087 2516 3
1115 2467 1222 2518 ἔχων
1235 2466 1402 2519 Δαρείου
1416 2465 1456 2504 Α
1467 2466 1500 2504 Β
1512 2466 1545 2505 C
1657 2480 1682 2515 4
1710 2467 1824 2519 εἶχον
1836 2479 1917 2507 om.
1935 2465 1974 2505 R

313 2533 338 2571 5
380 2522 551 2568 Μηίονες
580 2522 641 2559 C:
683 2521 896 2572 Μη(ι)όνες
926 2519 1018 2560 rell.
1214 2523 1486 2562 ἐπεκαλεῦντο
1520 2522 1553 2559 C
1571 2520 1619 2559 Ρ1
1812 2522 1861 2562 τὸ
1889 2535 1970 2574 om,

313 2575 353 2613 A
368 2575 403 2613 B
421 2576 453 2613 C
470 2576 502 2613 P
649 2578 676 2614 6
707 2576 807 2628 ἕχον
831 2576 868 2614 R
979 2577 1156 2627 τοῦνομα
1179 2575 1268 2613 RV
1415 2577 1441 2614 8
1470 2575 1608 2628 μικράς
1631 2575 1663 2613 L
1810 2589 1838 2625 9
1866 2574 1975 2617 οὗτοι

312 2629 389 2680 μὲν
410 2630 443 2668 C
575 2630 790 2681 Οὐλύμπου
810 2630 844 2669 C
863 2631 896 2668 P
910 2630 940 2668 S
953 2629 989 2668 V
1177 2642 1227 2668 10
1256 2631 1389 2682 οὔρεος
1410 2630 1443 2669 C
1460 2630 1493 2668 P
1507 2629 1546 2667 R
1561 2630 1592 2669 S
1604 2630 1643 2669 V
1770 2633 1868 2671 Οὐλ.
1893 2630 1976 2700 (ἶὶΡ

313 2685 788 2789 ἀῇ.χιᾶωξῗέρκὴ.5ἕγῑ.
824 2751 856 2778 5.
879 2695 1172 2792 mgr-ZZZ?-
1197 2684 1236 2722 Α
1251 2684 1285 2722 Β
1302 2684 1334 2722 C
1370 2751 1418 2788 19
1458 2741 1500 2791 ἐξ
1522 2685 1803 2791 2242?ssan
1832 2739 1871 2778 R
1890 2701 1976 2778 S‘V

313 2805 367 2831 20
396 2793 582 2842 Βασάκης
605 2794 638 2832 C
658 2808 667 2832 ε
697 2792 967 2845 Βαγασσοίκης
991 2793 1023 2830 Ρ
1038 2793 1119 2832 SV
1276 2805 1324 2831 21
1359 2794 1554 2831 lacunam
1574 2793 1720 2832 statuit
1742 2794 1794 2831 de
1816 2793 1946 2832 Pauw
1964 2808 1974 2832 ε

314 2848 472 2888 Πισίδαι
504 2846 547 2887 δὲ
578 2848 766 2889 ἀσπίδας
785 2847 906 2886 Stein
1029 2846 1170 2900 μικράς
1203 2847 1242 2885 R
1264 2847 1300 2885 V
1477 2861 1530 2885 22
1573 2846 1832 2901 λυκιοεργέας
1865 2849 1973 2887 coni.

311 2901 468 2940 Athen.
489 2903 571 2949 486
586 2917 594 2940 ε
626 2901 868 2956 λυκοεργέας
886 2902 920 2941 Ρ
934 2902 974 2941 R
988 2902 1018 2941 S
1030 2902 1069 2940 V
1081 2901 1238 2942 Athen.
1260 2916 1269 2941 z
1296 2901 1517 2954 λυκεργέας
1532 2902 1570 2940 Α
1585 2902 1618 2941 Β
1633 2902 1667 2941 C
1777 2915 1830 2952 23
1854 2901 1972 2956 πρὸς]

314 2957 377 2996 ἐπὶ
402 2955 441 2994 R
454 2956 493 2995 V
507 2956 580 3007 [S]
776 2958 830 2995 26
860 2956 1070 3007 Καμηλέες
1092 2957 1130 2996 R
1147 2956 1178 2997 S
1191 2956 1229 2995 V
1358 2956 1529 3005 Μηῖόνες
1553 2956 1587 2996 C
1606 2971 1616 2996 :
1645 2956 1861 3010 Μη(ι)όνες
1880 2956 1972 2996 rell.

311 3010 500 3052 Λασόνιοι
525 3010 560 3049 Ρ
571 3010 625 3050 Cc
643 3025 652 3051 ε
680 3011 890 3053 Λασόνειοι
911 3010 951 3049 A
966 3012 1001 3051 B
1017 3010 1067 3049 Cl
1084 3024 1093 3050 :
1123 3012 1301 3053 Λασίνιοι
1323 3011 1363 3051 R
1377 3012 1408 3051 S
1421 3010 1458 3050 V
