2132 3340
729 103 1107 151 ΙΣΤΟΡΙΩΝ
1170 102 1185 149 l
1837 96 1921 146 IX.
1950 107 2013 157 74

127 235 252 286 οὕτω
284 233 503 301 λέγεται,
538 234 564 284 ὁ
595 234 637 284 δ’
671 234 836 301 ἕτερος
867 238 967 284 τῶν
996 233 1164 299 λόγων
1193 237 1261 302 τῷ
1294 231 1534 298 πρότερον
1558 229 1792 299 λεχθέντι

127 316 498 386 ἀμφισβατέων
528 317 746 384 λέγεται,
782 318 846 371 ὡς
876 318 954 369 ἐπ’
979 319 1194 370 ἀσπίδος
1225 315 1319 367 αἰεὶ
1357 316 1681 384 περιθεούσης
1712 316 1791 367 καὶ
1818 318 2132 385 »κώ-,ᾠὰ

126 403 318 468 οὐδαμὰ
361 402 719 469 ἀτρεμιζούσης
761 403 940 469 ἐφόρεε
981 398 1268 466 [ἐπίσημον]
1310 399 1545 466 ἄγκυραν,
1587 400 1665 451 καὶ
1707 400 1792 450 οὐκ
1951 367 2132 432 Μ

128 490 180 540 ἐκ
221 491 306 538 τοῦ
348 487 564 553 θώρηκος
609 485 874 551 δεδεμένην
917 485 1167 552 σιδηρέην.
1257 485 1365 536 ἔστι
1408 487 1459 536 δὲ
1505 486 1582 536 καὶ
1625 486 1894 550 ἕτερον-75

79 598 100 637 5
127 571 361 639 Σωφάνεϊ
395 572 625 638 λαμπρὸν
666 570 812 638 ἔργον
848 569 1233 637 ἐξεργασμένον,
1273 571 1355 621 ὅτε
1393 568 1794 635 περικατημένων

127 656 406 720 Ἀθηναίων
443 657 652 722 Αἴγιναν
695 654 992 722 Εὐρυβάτην
1029 654 1115 706 τὸν
1145 654 1390 721 Ἀργεῖον,
1425 653 1578 720 ἄνδρα
1614 653 1790 705 πεντά-

127 741 292 800 εθλον,
326 742 379 792 ἐκ
412 738 717 806 προκλήσιος
748 740 1008 806 ἐφόνευσε.
1084 738 1232 790 αὐτὸν
1264 741 1316 790 δὲ
1349 738 1597 805 Σωφάνεα
1628 739 1793 807 χρόνῳ

126 826 337 891 ὕστερον
356 825 542 876 τούτων
563 824 817 889 κατέλαβε
837 823 989 891 ἄνδρα
1007 824 1278 891 γενόμενον
1299 822 1795 890 ἀγαθόν,Ἀθηναίων

128 908 499 976 στρατηγέοντα
540 908 641 974 ἅμα
680 907 889 977 Λεάγρῳ
929 913 996 978 τῷ
1039 908 1350 967 Γλαύκωνος,
1391 908 1659 959 ἀποθανεῖν
1698 907 1795 958 ὑπὸ

55 1017 104 1045 10
127 993 365 1045 Ἠδωνῶν
398 996 451 1045 ἐν
485 993 633 1063 Δάτῳ
666 992 776 1060 περὶ
812 997 910 1044 τῶν
939 991 1203 1058 μετάλλων
1245 997 1343 1044 τῶν
1373 991 1604 1060 χρυσέων
1633 993 1792 1059 μαχό-

130 1099 290 1130 αενον.

210 1161 304 1215 ε,Ως
356 1165 408 1214 δὲ
457 1167 589 1214 τοῖσι
629 1161 857 1228 “Έλλησι
904 1164 958 1214 ἐν
1007 1167 1299 1235 Πλαταιῇσι
1352 1160 1697 1228 κατέστρωντο
1749 1164 1796 1213 οἱ
1833 1171 1902 1230 76

128 1246 398 1314 βάρβαροι,
438 1246 649 1298 ἐνθαῦτά
687 1255 786 1314 σφι
825 1247 946 1313 γυνὴ
991 1249 1180 1311 ἐπῆλθε
1221 1247 1516 1311 αὐτόμολος·
1562 1244 1591 1310 ἢ
1627 1245 1793 1309 ἐπειδὴ
1853 1282 1857 1287 -

128 1331 278 1396 ἔμαθε
303 1331 629 1385 ἀπολωλότας
652 1331 764 1384 τοὺς
789 1330 998 1404 Πέρσας
1019 1332 1097 1383 καὶ
1121 1335 1358 1384 νικῶντας
1381 1331 1494 1384 τοὺς
1514 1329 1792 1395 “Ελληνας,

59 1439 102 1479 ¹5
129 1417 282 1467 ἐοῦσα
314 1415 546 1480 παλλακὴ
581 1415 931 1483 Φαρανδάτεος
959 1405 1047 1467 τὸὓ
1069 1414 1327 1469 Τεάσπιος
1360 1415 1537 1482 ἀνδρὸς
1564 1408 1791 1482 Πέρσεω,

130 1494 486 1566 κοσμησαμένη
538 1503 710 1571 χρυσῷ
757 1501 932 1571 πολλῷ
975 1500 1054 1552 καὶ
1099 1500 1219 1565 αὐτὴ
1267 1501 1345 1552 καὶ
1390 1501 1671 1567 ἀμφίπολοι
1716 1500 1796 1551 καὶ

129 1587 303 1650 ἐσθῆτι
349 1587 406 1657 τῇ
462 1584 856 1657 καλλίστητῶν
907 1584 1239 1653 παρεουσέων,
1292 1588 1560 1650 καταβᾶσα
1608 1587 1662 1636 ἐκ
1708 1575 1796 1649 τῆς

129 1658 423 1737 ἁρμαμάξης·
442 1671 626 1738 ἐχώρεε
651 1673 701 1724 ἐς
725 1670 838 1724 τοὺς
862 1670 1278 1735 Λακεδαιμονίους
1298 1670 1372 1721 ἔτι
1393 1671 1445 1720 ἐν
1465 1677 1584 1742 τῇσι
1605 1676 1796 1742 φονῇσι

129 1755 318 1814 ἐόντας,
341 1756 509 1821 ὁρῶσα
528 1758 580 1807 δὲ
601 1754 763 1806 πάντα
782 1757 943 1807 ἐκεῖνα
964 1754 1197 1807 διέποντα
1218 1755 1529 1818 Παυσανίην,
1553 1755 1794 1821 πρότερόν

55 1863 105 1892 20
129 1861 184 1893 τε
212 1839 270 1891 τὸ
301 1840 486 1905 οὕνομα
517 1838 879 1905 ἐξεπισταμένη
914 1840 992 1891 καὶ
1030 1839 1118 1903 τὴν
1148 1838 1339 1906 πάτρην
1375 1840 1507 1891 ὥστε
1548 1837 1794 1892 πολλάκις

129 1924 406 1983 ἀκούσασα,
461 1923 588 1992 ἔγνω
640 1946 695 1977 τε
751 1923 838 1976 τὸν
892 1926 1189 1988 Παυσανίην
1243 1923 1320 1975 καὶ
1378 1922 1640 1988 λαβομένη
1694 1929 1794 1975 τῶν

127 2007 383 2077 γουνάτων
419 2009 565 2076 ἔλεγε
601 2007 734 2061 τάδε·
773 2007 847 2060 ἲΩ
883 2013 1104 2074 βασιλεῦ
1133 2002 1386 2076 Σπάρτης,
1424 2008 1576 2075 ῥῦσαί
1606 2030 1669 2074 με
1703 2008 1793 2072 τὴν
1832 2024 1858 2055 2

131 2092 283 2146 ἱκέτιν
312 2094 631 2161 αἰχμαλώτου
662 2094 984 2158 δουλοσύνης.
1061 2093 1125 2145 σὺ
1156 2096 1251 2161 γὰρ
1276 2095 1355 2145 καὶ
1379 2095 1430 2147 ἐς
1459 2094 1572 2144 τόδε
1596 2093 1793 2158 ὤνησας

128 2178 309 2230 τούσδε
332 2177 588 2232 ἀπολέσας
611 2178 724 2233 τοὺς
748 2179 860 2230 οὔτε
884 2179 1130 2243 δαιμόνων
1150 2179 1262 2229 οὔτε
1283 2182 1408 2230 θεῶν
1431 2179 1546 2230 ὄπιν
1566 2177 1792 2246 ἔχοντας.

57 2287 104 2328 25
130 2263 228 2328 εἰμὶ
259 2265 311 2315 δὲ
343 2261 486 2330 γένος
515 2265 606 2328 μὲν
639 2260 764 2333 Κῴη,
801 2262 1015 2330 θυγάτηρ
1046 2265 1098 2314 δὲ
1129 2262 1469 2330 “Ηγητορίδεω
1499 2267 1586 2314 τοῦ
1615 2262 1792 2315 Ἀντα-

130 2347 304 2414 γόρεω.
381 2348 473 2420 βίῃ
517 2347 572 2400 δέ
613 2369 675 2413 με
715 2348 894 2412 λαβὼν
934 2348 988 2398 ἐκ
1036 2351 1120 2398 Κῶ
1166 2347 1272 2415 εἶχε
1315 2348 1340 2397 ὁ
1382 2346 1601 2414 Πέρσης.
1674 2348 1701 2397 ὁ
1742 2349 1795 2399 δὲ

130 2431 393 2497 ἀμείβεται
432 2433 638 2484 τοισίδε·
686 2431 852 2491 Γύναι,
897 2431 1073 2498 θάρσει
1117 2433 1196 2484 καὶ
1238 2432 1303 2485 ὡς
1346 2430 1496 2484 ἱκέτις
1537 2432 1616 2483 καὶ
1658 2433 1699 2484 εἷ
1736 2431 1794 2496 δὴ
1830 2436 1860 2491 ’3

131 2515 252 2582 πρὸς
303 2516 458 2586 τούτῳ
512 2515 776 2584 τυγχάνεις
827 2514 1018 2581 ἀληθέα
1064 2515 1290 2588 λέγουσα
1338 2517 1416 2568 καὶ
1462 2515 1533 2570 εἷς
1578 2515 1797 2584 θυγάτηρ

191 2666 207 2691 1
242 2657 262 2694 ὅ
277 2683 287 2693 .
314 2684 322 2693 .
347 2683 356 2693 .
377 2652 544 2706 λέγεται
567 2667 647 2693 om.
671 2653 706 2691 Β
849 2666 872 2691 2
903 2652 1195 2705 ἀμφισβητέων
1219 2653 1303 2692 PR
1321 2654 1351 2692 S
1368 2654 1405 2691 V
1544 2667 1569 2703 3
1601 2654 1799 2705 ἐπίσημον

131 2721 214 2747 om.
239 2707 279 2746 A
292 2708 327 2746 B
343 2708 376 2747 C
394 2709 427 2747 Ρ
564 2721 588 2758 5
620 2709 681 2750 ὅτι
705 2709 744 2746 Α
759 2708 792 2746 Β
811 2708 843 2748 C
860 2707 892 2745 P
1030 2709 1057 2745 6
1087 2708 1336 2762 Εὐρυβιάδην
1359 2709 1397 2746 R
1414 2709 1493 2748 SV
1588 2709 1741 2762 Ἀρεΐον
1762 2709 1796 2748 C

134 2776 156 2812 7
186 2763 435 2816 προβλήσιος
458 2763 496 2801 R
513 2762 542 2802 S
556 2764 594 2801 V
723 2777 772 2802 10
800 2761 1033 2813 μαχόμενον
1053 2776 1134 2802 om.
1160 2763 1197 2801 R
1214 2763 1243 2802 S
1259 2764 1295 2802 V
1430 2776 1479 2801 12
1508 2763 1798 2816 Πλαταίη(ι)σι

134 2817 173 2856 Α
186 2818 218 2856 Β
233 2817 318 2857 RV
436 2831 482 2868 13
514 2821 664 2867 ἐπῆλθε
687 2819 789 2870 ’γυνὴ
806 2817 888 2856 ΑΒ
900 2817 933 2856 C
945 2817 979 2855 P
1095 2830 1142 2867 15
1171 2819 1335 2867 παλακὴ
1355 2818 1410 2857 R¹
1524 2822 1797 2871 Φαρναδᾱτεος

137 2873 174 2911 R
190 2873 271 2912 SV
399 2875 448 2912 16
476 2871 551 2926 (αἱ)
571 2873 791 2924 ἀμφίπολοι
815 2871 975 2911 Reiske
1103 2875 1150 2913 18
1180 2877 1342 2925 φοινῆσι
1366 2874 1395 2911 S
1411 2874 1447 2912 V
1578 2886 1627 2923 19
1657 2872 1797 2915 ἐόντας

134 2941 215 2967 om.
234 2927 270 2966 A
283 2928 317 2966 Β
333 2928 367 2967 C
480 2941 532 2967 22
553 2928 675 2969 λῦσαί
690 2927 729 2966 Α
744 2928 777 2966 Β
792 2928 825 2966 C
843 2928 875 2966 P
987 2941 1039 2977 23
1062 2928 1316 2984 δουλωσύνῃς
1334 2928 1392 2967 R:
1427 2946 1514 2977 -νην
1531 2928 1565 2967 C
1679 2931 1732 2967 26
1754 2931 1799 2969 ἐκ

136 2986 200 3023 Κῶ
221 2983 254 3022 C
270 2982 428 3023 PRV:
462 2986 506 3023 ἐν
530 2987 594 3025 Κῶ
614 2981 651 3020 Α
668 2983 702 3021 Β
721 2982 750 3022 S
774 2982 863 3034 (hic
886 2989 979 3034 post
1001 2983 1130 3033 εἶχεν)
1313 2996 1363 3032 27
1395 2987 1546 3025 τοῖσιδε
1569 2983 1628 3025 C:
1661 2986 1798 3024 τοῖσδε

135 3036 563 3079 ΑΒΡῑῶδεΗὸν
727 3039 779 3076 28
809 3042 931 3079 τοῦτο
960 3038 1098 3076 RSV
1211 3038 1448 3079 etABCP
