<?xml version="1.0" encoding="UTF-8"?>
<!DOCTYPE html PUBLIC "-//W3C//DTD XHTML 1.0 Transitional//EN"
    "http://www.w3.org/TR/xhtml1/DTD/xhtml1-transitional.dtd">
<html xmlns="http://www.w3.org/1999/xhtml" xml:lang="en" lang="en">
 <head>
  <title>
</title>
<meta http-equiv="Content-Type" content="text/html;charset=utf-8" />
  <meta name='ocr-system' content='tesseract 3.04.00' />
  <meta name='ocr-capabilities' content='ocr_page ocr_carea ocr_par ocr_line ocrx_word'/>
</head>
<body>
  <div class='ocr_page' id='page_1' title='image "./herodotihistoria02herouoft_0320.png"; bbox 0 0 2132 3340; ppageno 0'>
   <div class='ocr_carea' id='block_1_1' title="bbox 0 47 1319 100">
    <p class='ocr_par' dir='ltr' id='par_1_1' title="bbox 0 47 1319 100">
     <span class='ocr_line' id='line_1_1' title="bbox 0 47 1319 100; baseline 0.003 -4"><span class='ocrx_word' id='word_1_1' title='bbox 0 47 131 97; x_wconf 92' lang='lat' dir='ltr'>VIII.</span> <span class='ocrx_word' id='word_1_2' title='bbox 159 52 237 99; x_wconf 93' lang='lat'>118</span> <span class='ocrx_word' id='word_1_3' title='bbox 893 51 1319 100; x_wconf 76' lang='lat' dir='ltr'>HPOAOTO&#39;Y&#39;</span> 
     </span>
    </p>
   </div>
   <div class='ocr_carea' id='block_1_2' title="bbox 0 179 2037 2865">
    <p class='ocr_par' dir='ltr' id='par_1_2' title="bbox 0 179 2037 2865">
     <span class='ocr_line' id='line_1_2' title="bbox 275 179 1940 252; baseline 0.003 -20"><span class='ocrx_word' id='word_1_4' title='bbox 275 202 350 234; x_wconf 91' lang='grc' dir='ltr'>τις</span> <span class='ocrx_word' id='word_1_5' title='bbox 386 179 589 249; x_wconf 87' lang='grc' dir='ltr'>γένηται</span> <span class='ocrx_word' id='word_1_6' title='bbox 628 186 728 234; x_wconf 90' lang='grc' dir='ltr'>τῶν</span> <span class='ocrx_word' id='word_1_7' title='bbox 763 185 969 233; x_wconf 81' lang='grc' dir='ltr'>πολλῶν</span> <span class='ocrx_word' id='word_1_8' title='bbox 1003 180 1301 248; x_wconf 81' lang='grc' dir='ltr'>ἐπιβατέων.</span> <span class='ocrx_word' id='word_1_9' title='bbox 1390 182 1470 236; x_wconf 74' lang='grc' dir='ltr'>καὶ</span> <span class='ocrx_word' id='word_1_10' title='bbox 1506 179 1703 251; x_wconf 76' lang='grc' dir='ltr'>Ξέρξην</span> <span class='ocrx_word' id='word_1_11' title='bbox 1737 181 1940 252; x_wconf 89' lang='grc' dir='ltr'>λέγεται</span> 
     </span>
     <span class='ocr_line' id='line_1_3' title="bbox 276 264 1939 335; baseline 0.002 -19"><span class='ocrx_word' id='word_1_12' title='bbox 276 266 560 318; x_wconf 85' lang='grc' dir='ltr'>ἀκούσαντα</span> <span class='ocrx_word' id='word_1_13' title='bbox 588 270 742 318; x_wconf 86' lang='grc' dir='ltr'>ταῦτα</span> <span class='ocrx_word' id='word_1_14' title='bbox 772 267 945 318; x_wconf 81' lang='grc' dir='ltr'>εἰπεῖν·</span> <span class='ocrx_word' id='word_1_15' title='bbox 978 264 1190 334; x_wconf 75' lang='grc' dir='ltr'>Ἀνδρες</span> <span class='ocrx_word' id='word_1_16' title='bbox 1215 266 1425 335; x_wconf 87' lang='grc' dir='ltr'>Πέρσαι,</span> <span class='ocrx_word' id='word_1_17' title='bbox 1452 272 1538 320; x_wconf 86' lang='grc' dir='ltr'>νῦν</span> <span class='ocrx_word' id='word_1_18' title='bbox 1567 289 1642 322; x_wconf 89' lang='grc' dir='ltr'>τις</span> <span class='ocrx_word' id='word_1_19' title='bbox 1672 267 1939 333; x_wconf 82' lang='grc' dir='ltr'>διαδεξάτω</span> 
     </span>
     <span class='ocr_line' id='line_1_4' title="bbox 275 346 1938 420; baseline 0.002 -19"><span class='ocrx_word' id='word_1_20' title='bbox 275 349 436 415; x_wconf 85' lang='grc' dir='ltr'>ὑμέων</span> <span class='ocrx_word' id='word_1_21' title='bbox 474 350 720 415; x_wconf 82' lang='grc' dir='ltr'>βασιλέος</span> <span class='ocrx_word' id='word_1_22' title='bbox 763 346 1044 417; x_wconf 90' lang='grc' dir='ltr'>κηδόμενος·</span> <span class='ocrx_word' id='word_1_23' title='bbox 1092 353 1147 404; x_wconf 92' lang='grc' dir='ltr'>ἐν</span> <span class='ocrx_word' id='word_1_24' title='bbox 1181 353 1295 418; x_wconf 83' lang='grc' dir='ltr'>ὑμῖν</span> <span class='ocrx_word' id='word_1_25' title='bbox 1332 354 1426 420; x_wconf 82' lang='grc' dir='ltr'>γὰρ</span> <span class='ocrx_word' id='word_1_26' title='bbox 1462 351 1567 405; x_wconf 79' lang='grc' dir='ltr'>οἶκε</span> <span class='ocrx_word' id='word_1_27' title='bbox 1603 352 1728 405; x_wconf 81' lang='grc' dir='ltr'>εἶναι</span> <span class='ocrx_word' id='word_1_28' title='bbox 1765 353 1874 419; x_wconf 85' lang='grc' dir='ltr'>ἐμοὶ</span> <span class='ocrx_word' id='word_1_29' title='bbox 1907 353 1938 419; x_wconf 83' lang='grc' dir='ltr'>ἡ</span> 
     </span>
     <span class='ocr_line' id='line_1_5' title="bbox 208 434 1940 504; baseline 0.004 -19"><span class='ocrx_word' id='word_1_30' title='bbox 208 449 237 491; x_wconf 90' lang='grc'>4</span> <span class='ocrx_word' id='word_1_31' title='bbox 276 435 509 502; x_wconf 87' lang='grc' dir='ltr'>σωτηρίη.</span> <span class='ocrx_word' id='word_1_32' title='bbox 597 434 685 487; x_wconf 84' lang='grc' dir='ltr'>τὸν</span> <span class='ocrx_word' id='word_1_33' title='bbox 728 437 819 500; x_wconf 80' lang='grc' dir='ltr'>μὲν</span> <span class='ocrx_word' id='word_1_34' title='bbox 864 439 1017 488; x_wconf 85' lang='grc' dir='ltr'>ταῦτα</span> <span class='ocrx_word' id='word_1_35' title='bbox 1058 435 1243 503; x_wconf 84' lang='grc' dir='ltr'>λέγειν,</span> <span class='ocrx_word' id='word_1_36' title='bbox 1288 437 1404 491; x_wconf 84' lang='grc' dir='ltr'>τοὺς</span> <span class='ocrx_word' id='word_1_37' title='bbox 1449 438 1502 489; x_wconf 80' lang='grc' dir='ltr'>δὲ</span> <span class='ocrx_word' id='word_1_38' title='bbox 1545 435 1940 504; x_wconf 65' lang='grc' dir='ltr'>προσκυνέοντας</span> 
     </span>
     <span class='ocr_line' id='line_1_6' title="bbox 275 507 1986 590; baseline 0.002 -20"><span class='ocrx_word' id='word_1_39' title='bbox 275 520 492 583; x_wconf 79' lang='grc' dir='ltr'>ἐκπηδᾶν</span> <span class='ocrx_word' id='word_1_40' title='bbox 516 520 567 574; x_wconf 91' lang='grc' dir='ltr'>ἐς</span> <span class='ocrx_word' id='word_1_41' title='bbox 590 519 680 585; x_wconf 82' lang='grc' dir='ltr'>τὴν</span> <span class='ocrx_word' id='word_1_42' title='bbox 703 518 986 580; x_wconf 84' lang='grc' dir='ltr'>θάλασσαν,</span> <span class='ocrx_word' id='word_1_43' title='bbox 1017 521 1095 572; x_wconf 90' lang='grc' dir='ltr'>καὶ</span> <span class='ocrx_word' id='word_1_44' title='bbox 1119 521 1209 586; x_wconf 79' lang='grc' dir='ltr'>τὴν</span> <span class='ocrx_word' id='word_1_45' title='bbox 1232 520 1320 574; x_wconf 89' lang='grc' dir='ltr'>νέα</span> <span class='ocrx_word' id='word_1_46' title='bbox 1343 507 1791 588; x_wconf 80' lang='grc' dir='ltr'>ἐπικουφισθεῖσαν</span> <span class='ocrx_word' id='word_1_47' title='bbox 1813 522 1939 573; x_wconf 83' lang='grc' dir='ltr'>οὕτω</span> <span class='ocrx_word' id='word_1_48' title='bbox 1964 549 1986 590; x_wconf 90' lang='lat'>5</span> 
     </span>
     <span class='ocr_line' id='line_1_7' title="bbox 274 603 1939 674; baseline 0.003 -19"><span class='ocrx_word' id='word_1_49' title='bbox 274 603 331 667; x_wconf 81' lang='grc' dir='ltr'>δὴ</span> <span class='ocrx_word' id='word_1_50' title='bbox 365 604 691 669; x_wconf 83' lang='grc' dir='ltr'>ἀποσωθῆναι</span> <span class='ocrx_word' id='word_1_51' title='bbox 726 606 778 658; x_wconf 87' lang='grc' dir='ltr'>ἐς</span> <span class='ocrx_word' id='word_1_52' title='bbox 807 604 899 669; x_wconf 81' lang='grc' dir='ltr'>τὴν</span> <span class='ocrx_word' id='word_1_53' title='bbox 929 604 1124 670; x_wconf 87' lang='grc' dir='ltr'>Ἀσίην.</span> <span class='ocrx_word' id='word_1_54' title='bbox 1213 606 1277 659; x_wconf 83' lang='grc' dir='ltr'>ὡς</span> <span class='ocrx_word' id='word_1_55' title='bbox 1313 608 1366 658; x_wconf 81' lang='grc' dir='ltr'>δὲ</span> <span class='ocrx_word' id='word_1_56' title='bbox 1404 608 1614 671; x_wconf 86' lang='grc' dir='ltr'>ἐκβῆναι</span> <span class='ocrx_word' id='word_1_57' title='bbox 1643 604 1860 674; x_wconf 89' lang='grc' dir='ltr'>τάχιστα</span> <span class='ocrx_word' id='word_1_58' title='bbox 1887 608 1939 660; x_wconf 89' lang='grc' dir='ltr'>ἐς</span> 
     </span>
     <span class='ocr_line' id='line_1_8' title="bbox 273 687 1939 756; baseline 0.002 -16"><span class='ocrx_word' id='word_1_59' title='bbox 273 691 369 755; x_wconf 84' lang='grc' dir='ltr'>γῆν</span> <span class='ocrx_word' id='word_1_60' title='bbox 398 692 485 740; x_wconf 86' lang='grc' dir='ltr'>τὸν</span> <span class='ocrx_word' id='word_1_61' title='bbox 516 687 728 756; x_wconf 69' lang='grc' dir='ltr'>Ξέρξην,</span> <span class='ocrx_word' id='word_1_62' title='bbox 762 692 970 754; x_wconf 90' lang='grc' dir='ltr'>ποιῆσαι</span> <span class='ocrx_word' id='word_1_63' title='bbox 1004 691 1212 742; x_wconf 85' lang='grc' dir='ltr'>τοιόνδε·</span> <span class='ocrx_word' id='word_1_64' title='bbox 1258 691 1333 742; x_wconf 87' lang='grc' dir='ltr'>ὅτι</span> <span class='ocrx_word' id='word_1_65' title='bbox 1369 693 1460 753; x_wconf 78' lang='grc' dir='ltr'>μὲν</span> <span class='ocrx_word' id='word_1_66' title='bbox 1491 690 1657 742; x_wconf 87' lang='grc' dir='ltr'>ἔσωσε</span> <span class='ocrx_word' id='word_1_67' title='bbox 1692 690 1939 756; x_wconf 82' lang='grc' dir='ltr'>βασιλέος</span> 
     </span>
     <span class='ocr_line' id='line_1_9' title="bbox 272 772 1936 845; baseline 0.002 -21"><span class='ocrx_word' id='word_1_68' title='bbox 272 772 362 837; x_wconf 81' lang='grc' dir='ltr'>τὴν</span> <span class='ocrx_word' id='word_1_69' title='bbox 393 772 581 842; x_wconf 80' lang='grc' dir='ltr'>ψυχήν,</span> <span class='ocrx_word' id='word_1_70' title='bbox 621 772 944 840; x_wconf 89' lang='grc' dir='ltr'>δωρήσασθαι</span> <span class='ocrx_word' id='word_1_71' title='bbox 980 774 1178 845; x_wconf 82' lang='grc' dir='ltr'>χρυσέῳ</span> <span class='ocrx_word' id='word_1_72' title='bbox 1218 773 1455 845; x_wconf 90' lang='grc' dir='ltr'>στεφάνῳ</span> <span class='ocrx_word' id='word_1_73' title='bbox 1492 778 1577 826; x_wconf 87' lang='grc' dir='ltr'>τὸν</span> <span class='ocrx_word' id='word_1_74' title='bbox 1614 773 1936 842; x_wconf 86' lang='grc' dir='ltr'>κυβερνήτην,</span> 
     </span>
     <span class='ocr_line' id='line_1_10' title="bbox 271 857 1940 927; baseline 0.002 -20"><span class='ocrx_word' id='word_1_75' title='bbox 271 857 349 908; x_wconf 84' lang='grc' dir='ltr'>ὅτι</span> <span class='ocrx_word' id='word_1_76' title='bbox 389 860 442 909; x_wconf 81' lang='grc' dir='ltr'>δὲ</span> <span class='ocrx_word' id='word_1_77' title='bbox 477 857 715 924; x_wconf 88' lang='grc' dir='ltr'>Περσέων</span> <span class='ocrx_word' id='word_1_78' title='bbox 745 858 966 912; x_wconf 84' lang='grc' dir='ltr'>πολλοὺς</span> <span class='ocrx_word' id='word_1_79' title='bbox 1002 859 1255 918; x_wconf 88' lang='grc' dir='ltr'>ἀπώλεσε,</span> <span class='ocrx_word' id='word_1_80' title='bbox 1291 860 1562 924; x_wconf 81' lang='grc' dir='ltr'>ἀποταμεῖν</span> <span class='ocrx_word' id='word_1_81' title='bbox 1590 858 1682 924; x_wconf 79' lang='grc' dir='ltr'>τὴν</span> <span class='ocrx_word' id='word_1_82' title='bbox 1712 858 1940 927; x_wconf 79' lang='grc' dir='ltr'>κεφαλὴν</span> 
     </span>
     <span class='ocr_line' id='line_1_11' title="bbox 150 941 2016 1010; baseline 0.004 -19"><span class='ocrx_word' id='word_1_83' title='bbox 150 957 234 1004; x_wconf 87' lang='lat'>119</span> <span class='ocrx_word' id='word_1_84' title='bbox 274 941 438 993; x_wconf 79' lang='grc' dir='ltr'>αὐτοῦ.</span> <span class='ocrx_word' id='word_1_85' title='bbox 530 942 671 996; x_wconf 78' lang='grc' dir='ltr'>οὗτος</span> <span class='ocrx_word' id='word_1_86' title='bbox 714 946 768 995; x_wconf 83' lang='grc' dir='ltr'>δὲ</span> <span class='ocrx_word' id='word_1_87' title='bbox 812 942 968 996; x_wconf 82' lang='grc' dir='ltr'>ἄλλος</span> <span class='ocrx_word' id='word_1_88' title='bbox 1010 941 1214 1010; x_wconf 90' lang='grc' dir='ltr'>λέγεται</span> <span class='ocrx_word' id='word_1_89' title='bbox 1255 943 1410 1010; x_wconf 82' lang='grc' dir='ltr'>λόγος</span> <span class='ocrx_word' id='word_1_90' title='bbox 1455 943 1566 1010; x_wconf 80' lang='grc' dir='ltr'>περὶ</span> <span class='ocrx_word' id='word_1_91' title='bbox 1609 948 1694 996; x_wconf 85' lang='grc' dir='ltr'>τοῦ</span> <span class='ocrx_word' id='word_1_92' title='bbox 1739 941 1938 1010; x_wconf 82' lang='grc' dir='ltr'>Ξέρξεω</span> <span class='ocrx_word' id='word_1_93' title='bbox 1966 969 2016 999; x_wconf 89' lang='lat'>10</span> 
     </span>
     <span class='ocr_line' id='line_1_12' title="bbox 273 1026 1934 1094; baseline 0.001 -17"><span class='ocrx_word' id='word_1_94' title='bbox 273 1027 470 1085; x_wconf 87' lang='grc' dir='ltr'>νόστου,</span> <span class='ocrx_word' id='word_1_95' title='bbox 510 1026 731 1092; x_wconf 80' lang='grc' dir='ltr'>οὐδαμῶς</span> <span class='ocrx_word' id='word_1_96' title='bbox 772 1026 940 1093; x_wconf 88' lang='grc' dir='ltr'>ἔμοιγε</span> <span class='ocrx_word' id='word_1_97' title='bbox 980 1028 1174 1086; x_wconf 90' lang='grc' dir='ltr'>πιστός,</span> <span class='ocrx_word' id='word_1_98' title='bbox 1213 1027 1324 1079; x_wconf 83' lang='grc' dir='ltr'>οὔτε</span> <span class='ocrx_word' id='word_1_99' title='bbox 1361 1026 1528 1080; x_wconf 85' lang='grc' dir='ltr'>ἄλλως</span> <span class='ocrx_word' id='word_1_100' title='bbox 1564 1027 1677 1080; x_wconf 79' lang='grc' dir='ltr'>οὔτε</span> <span class='ocrx_word' id='word_1_101' title='bbox 1709 1026 1767 1079; x_wconf 85' lang='grc' dir='ltr'>τὸ</span> <span class='ocrx_word' id='word_1_102' title='bbox 1803 1031 1934 1094; x_wconf 90' lang='grc' dir='ltr'>Περ-</span> 
     </span>
     <span class='ocr_line' id='line_1_13' title="bbox 275 1108 1938 1185; baseline 0.002 -25"><span class='ocrx_word' id='word_1_103' title='bbox 275 1108 406 1161; x_wconf 91' lang='grc' dir='ltr'>σέων</span> <span class='ocrx_word' id='word_1_104' title='bbox 441 1115 585 1161; x_wconf 81' lang='grc' dir='ltr'>τοῦτο</span> <span class='ocrx_word' id='word_1_105' title='bbox 620 1109 794 1165; x_wconf 84' lang='grc' dir='ltr'>πάθος.</span> <span class='ocrx_word' id='word_1_106' title='bbox 882 1113 925 1162; x_wconf 85' lang='grc' dir='ltr'>εἰ</span> <span class='ocrx_word' id='word_1_107' title='bbox 961 1133 1055 1178; x_wconf 91' lang='grc' dir='ltr'>γαρ</span> <span class='ocrx_word' id='word_1_108' title='bbox 1091 1111 1150 1176; x_wconf 79' lang='grc' dir='ltr'>δὴ</span> <span class='ocrx_word' id='word_1_109' title='bbox 1182 1115 1337 1162; x_wconf 85' lang='grc' dir='ltr'>ταῦτα</span> <span class='ocrx_word' id='word_1_110' title='bbox 1375 1112 1527 1166; x_wconf 84' lang='grc' dir='ltr'>οὕτως</span> <span class='ocrx_word' id='word_1_111' title='bbox 1562 1110 1723 1178; x_wconf 84' lang='grc' dir='ltr'>εἰρέθη</span> <span class='ocrx_word' id='word_1_112' title='bbox 1761 1112 1816 1163; x_wconf 89' lang='grc' dir='ltr'>ἐκ</span> <span class='ocrx_word' id='word_1_113' title='bbox 1849 1116 1938 1185; x_wconf 84' lang='grc' dir='ltr'>τοῦ</span> 
     </span>
     <span class='ocr_line' id='line_1_14' title="bbox 275 1192 1937 1268; baseline 0.001 -23"><span class='ocrx_word' id='word_1_114' title='bbox 275 1193 587 1261; x_wconf 88' lang='grc' dir='ltr'>κυβερνήτεω</span> <span class='ocrx_word' id='word_1_115' title='bbox 618 1194 740 1261; x_wconf 86' lang='grc' dir='ltr'>πρὸς</span> <span class='ocrx_word' id='word_1_116' title='bbox 764 1192 1025 1262; x_wconf 79' lang='grc' dir='ltr'>Ξέρξην,’</span> <span class='ocrx_word' id='word_1_117' title='bbox 1003 1217 1058 1247; x_wconf 92' lang='grc' dir='ltr'>εν</span> <span class='ocrx_word' id='word_1_118' title='bbox 1087 1195 1293 1268; x_wconf 85' lang='grc' dir='ltr'>μυρίῃσι</span> <span class='ocrx_word' id='word_1_119' title='bbox 1322 1195 1549 1268; x_wconf 89' lang='grc' dir='ltr'>γνώμῃσι</span> <span class='ocrx_word' id='word_1_120' title='bbox 1577 1197 1695 1260; x_wconf 91' lang='grc' dir='ltr'>μίαν</span> <span class='ocrx_word' id='word_1_121' title='bbox 1719 1195 1804 1247; x_wconf 84' lang='grc' dir='ltr'>οὐκ</span> <span class='ocrx_word' id='word_1_122' title='bbox 1835 1195 1937 1264; x_wconf 89' lang='grc' dir='ltr'>ἔχω</span> 
     </span>
     <span class='ocr_line' id='line_1_15' title="bbox 273 1277 1936 1346; baseline 0.001 -16"><span class='ocrx_word' id='word_1_123' title='bbox 273 1277 502 1342; x_wconf 81' lang='grc' dir='ltr'>ἀντίξοον</span> <span class='ocrx_word' id='word_1_124' title='bbox 536 1279 602 1344; x_wconf 79' lang='grc' dir='ltr'>μὴ</span> <span class='ocrx_word' id='word_1_125' title='bbox 639 1279 726 1330; x_wconf 85' lang='grc' dir='ltr'>οὐκ</span> <span class='ocrx_word' id='word_1_126' title='bbox 762 1278 822 1331; x_wconf 83' lang='grc' dir='ltr'>ἂν</span> <span class='ocrx_word' id='word_1_127' title='bbox 853 1282 1062 1344; x_wconf 88' lang='grc' dir='ltr'>ποιῆσαι</span> <span class='ocrx_word' id='word_1_128' title='bbox 1098 1278 1323 1345; x_wconf 89' lang='grc' dir='ltr'>βασιλέα</span> <span class='ocrx_word' id='word_1_129' title='bbox 1358 1280 1567 1340; x_wconf 89' lang='grc' dir='ltr'>τοιόνδε,</span> <span class='ocrx_word' id='word_1_130' title='bbox 1605 1280 1719 1333; x_wconf 83' lang='grc' dir='ltr'>τοὺς</span> <span class='ocrx_word' id='word_1_131' title='bbox 1753 1282 1846 1346; x_wconf 82' lang='grc' dir='ltr'>μὲν</span> <span class='ocrx_word' id='word_1_132' title='bbox 1880 1282 1936 1333; x_wconf 92' lang='grc' dir='ltr'>ἐκ</span> 
     </span>
     <span class='ocr_line' id='line_1_16' title="bbox 0 1359 2012 1431; baseline 0.001 -14"><span class='ocrx_word' id='word_1_133' title='bbox 0 1359 357 1418; x_wconf 54' lang='lat' dir='ltr'>Suada-auro&amp;</span> <span class='ocrx_word' id='word_1_134' title='bbox 407 1364 822 1431; x_wconf 84' lang='grc' dir='ltr'>καταστρώματος</span> <span class='ocrx_word' id='word_1_135' title='bbox 882 1362 1230 1430; x_wconf 87' lang='grc' dir='ltr'>καταβιβάσαι</span> <span class='ocrx_word' id='word_1_136' title='bbox 1281 1365 1333 1418; x_wconf 88' lang='grc' dir='ltr'>ἐς</span> <span class='ocrx_word' id='word_1_137' title='bbox 1385 1365 1557 1430; x_wconf 82' lang='grc' dir='ltr'>κοίλῃν</span> <span class='ocrx_word' id='word_1_138' title='bbox 1606 1363 1710 1423; x_wconf 89' lang='grc' dir='ltr'>νέα,</span> <span class='ocrx_word' id='word_1_139' title='bbox 1765 1364 1938 1418; x_wconf 88' lang='grc' dir='ltr'>ἐόντας</span> <span class='ocrx_word' id='word_1_140' title='bbox 1964 1390 2012 1431; x_wconf 86' lang='lat'>15</span> 
     </span>
     <span class='ocr_line' id='line_1_17' title="bbox 273 1446 1936 1516; baseline 0.001 -18"><span class='ocrx_word' id='word_1_141' title='bbox 273 1446 478 1514; x_wconf 87' lang='grc' dir='ltr'>Πέρσας</span> <span class='ocrx_word' id='word_1_142' title='bbox 518 1449 596 1500; x_wconf 89' lang='grc' dir='ltr'>καὶ</span> <span class='ocrx_word' id='word_1_143' title='bbox 627 1447 868 1515; x_wconf 90' lang='grc' dir='ltr'>Περσέων</span> <span class='ocrx_word' id='word_1_144' title='bbox 899 1448 1011 1503; x_wconf 86' lang='grc' dir='ltr'>τοὺς</span> <span class='ocrx_word' id='word_1_145' title='bbox 1042 1448 1279 1516; x_wconf 84' lang='grc' dir='ltr'>πρώτους,</span> <span class='ocrx_word' id='word_1_146' title='bbox 1312 1453 1414 1501; x_wconf 91' lang='grc' dir='ltr'>τῶν</span> <span class='ocrx_word' id='word_1_147' title='bbox 1441 1448 1485 1500; x_wconf 86' lang='grc' dir='ltr'>δ’</span> <span class='ocrx_word' id='word_1_148' title='bbox 1516 1448 1722 1516; x_wconf 87' lang='grc' dir='ltr'>ἐρετέων</span> <span class='ocrx_word' id='word_1_149' title='bbox 1753 1449 1936 1500; x_wconf 90' lang='grc' dir='ltr'>ἐόντων</span> 
     </span>
     <span class='ocr_line' id='line_1_18' title="bbox 271 1531 1936 1605; baseline 0.001 -22"><span class='ocrx_word' id='word_1_150' title='bbox 271 1533 519 1584; x_wconf 88' lang='grc' dir='ltr'>Φοινίκων</span> <span class='ocrx_word' id='word_1_151' title='bbox 549 1533 673 1587; x_wconf 85' lang='grc' dir='ltr'>ὅκως</span> <span class='ocrx_word' id='word_1_152' title='bbox 707 1532 793 1584; x_wconf 81' lang='grc' dir='ltr'>οὐκ</span> <span class='ocrx_word' id='word_1_153' title='bbox 828 1532 888 1585; x_wconf 83' lang='grc' dir='ltr'>ἂν</span> <span class='ocrx_word' id='word_1_154' title='bbox 919 1535 1033 1586; x_wconf 84' lang='grc' dir='ltr'>ἴσον</span> <span class='ocrx_word' id='word_1_155' title='bbox 1064 1535 1256 1597; x_wconf 85' lang='grc' dir='ltr'>πλῆθος</span> <span class='ocrx_word' id='word_1_156' title='bbox 1286 1538 1420 1585; x_wconf 93' lang='grc' dir='ltr'>τοῖσι</span> <span class='ocrx_word' id='word_1_157' title='bbox 1451 1531 1684 1605; x_wconf 88' lang='grc' dir='ltr'>Πέρσῃσι</span> <span class='ocrx_word' id='word_1_158' title='bbox 1719 1531 1936 1598; x_wconf 80' lang='grc' dir='ltr'>ἐξέβαλε</span> 
     </span>
     <span class='ocr_line' id='line_1_19' title="bbox 272 1616 1932 1685; baseline 0.001 -18"><span class='ocrx_word' id='word_1_159' title='bbox 272 1617 322 1670; x_wconf 90' lang='grc' dir='ltr'>ἐς</span> <span class='ocrx_word' id='word_1_160' title='bbox 352 1616 441 1681; x_wconf 83' lang='grc' dir='ltr'>τὴν</span> <span class='ocrx_word' id='word_1_161' title='bbox 464 1616 747 1670; x_wconf 86' lang='grc' dir='ltr'>θάλασσαν.</span> <span class='ocrx_word' id='word_1_162' title='bbox 821 1616 938 1669; x_wconf 84' lang='grc' dir='ltr'>ἀλλ’</span> <span class='ocrx_word' id='word_1_163' title='bbox 962 1618 989 1668; x_wconf 88' lang='grc' dir='ltr'>ὁ</span> <span class='ocrx_word' id='word_1_164' title='bbox 1017 1616 1125 1683; x_wconf 89' lang='grc' dir='ltr'>μέν,</span> <span class='ocrx_word' id='word_1_165' title='bbox 1153 1617 1217 1671; x_wconf 85' lang='grc' dir='ltr'>ὡς</span> <span class='ocrx_word' id='word_1_166' title='bbox 1243 1617 1322 1669; x_wconf 91' lang='grc' dir='ltr'>καὶ</span> <span class='ocrx_word' id='word_1_167' title='bbox 1346 1618 1586 1685; x_wconf 90' lang='grc' dir='ltr'>πρότερόν</span> <span class='ocrx_word' id='word_1_168' title='bbox 1614 1638 1699 1682; x_wconf 91' lang='grc' dir='ltr'>μοι</span> <span class='ocrx_word' id='word_1_169' title='bbox 1728 1618 1932 1683; x_wconf 83' lang='grc' dir='ltr'>εἴρηται,</span> 
     </span>
     <span class='ocr_line' id='line_1_20' title="bbox 271 1699 1934 1772; baseline 0.001 -22"><span class='ocrx_word' id='word_1_170' title='bbox 271 1701 367 1771; x_wconf 75' lang='grc' dir='ltr'>ὁδῷ</span> <span class='ocrx_word' id='word_1_171' title='bbox 407 1702 685 1768; x_wconf 86' lang='grc' dir='ltr'>χρεώμενος</span> <span class='ocrx_word' id='word_1_172' title='bbox 726 1701 828 1767; x_wconf 79' lang='grc' dir='ltr'>ἅμα</span> <span class='ocrx_word' id='word_1_173' title='bbox 868 1706 935 1771; x_wconf 80' lang='grc' dir='ltr'>τῷ</span> <span class='ocrx_word' id='word_1_174' title='bbox 977 1701 1116 1771; x_wconf 86' lang='grc' dir='ltr'>ἄλλῳ</span> <span class='ocrx_word' id='word_1_175' title='bbox 1160 1707 1355 1772; x_wconf 80' lang='grc' dir='ltr'>στρατῷ</span> <span class='ocrx_word' id='word_1_176' title='bbox 1397 1702 1714 1766; x_wconf 88' lang='grc' dir='ltr'>ἀπενόστησε</span> <span class='ocrx_word' id='word_1_177' title='bbox 1755 1703 1805 1755; x_wconf 91' lang='grc' dir='ltr'>ἐς</span> <span class='ocrx_word' id='word_1_178' title='bbox 1842 1699 1934 1765; x_wconf 75' lang='grc' dir='ltr'>τὴν</span> 
     </span>
     <span class='ocr_line' id='line_1_21' title="bbox 139 1783 2009 1853; baseline 0.004 -23"><span class='ocrx_word' id='word_1_179' title='bbox 139 1795 230 1831; x_wconf 84' lang='lat'>120</span> <span class='ocrx_word' id='word_1_180' title='bbox 270 1784 464 1850; x_wconf 89' lang='grc' dir='ltr'>Ἀσίην.</span> <span class='ocrx_word' id='word_1_181' title='bbox 530 1785 660 1853; x_wconf 85' lang='grc' dir='ltr'>μέγα</span> <span class='ocrx_word' id='word_1_182' title='bbox 689 1789 741 1838; x_wconf 81' lang='grc' dir='ltr'>δὲ</span> <span class='ocrx_word' id='word_1_183' title='bbox 772 1786 852 1838; x_wconf 85' lang='grc' dir='ltr'>καὶ</span> <span class='ocrx_word' id='word_1_184' title='bbox 882 1787 994 1838; x_wconf 90' lang='grc' dir='ltr'>τόδε</span> <span class='ocrx_word' id='word_1_185' title='bbox 1023 1786 1304 1853; x_wconf 83' lang='grc' dir='ltr'>μαρτύριον·</span> <span class='ocrx_word' id='word_1_186' title='bbox 1352 1787 1583 1853; x_wconf 88' lang='grc' dir='ltr'>φαίνεται</span> <span class='ocrx_word' id='word_1_187' title='bbox 1613 1788 1709 1852; x_wconf 81' lang='grc' dir='ltr'>γὰρ</span> <span class='ocrx_word' id='word_1_188' title='bbox 1740 1783 1934 1852; x_wconf 78' lang='grc' dir='ltr'>Ξέρξης</span> <span class='ocrx_word' id='word_1_189' title='bbox 1959 1810 2009 1838; x_wconf 85' lang='lat'>20</span> 
     </span>
     <span class='ocr_line' id='line_1_22' title="bbox 268 1868 1933 1942; baseline 0.001 -22"><span class='ocrx_word' id='word_1_190' title='bbox 268 1871 322 1920; x_wconf 88' lang='grc' dir='ltr'>ἐν</span> <span class='ocrx_word' id='word_1_191' title='bbox 358 1870 417 1941; x_wconf 84' lang='grc' dir='ltr'>τῇ</span> <span class='ocrx_word' id='word_1_192' title='bbox 453 1871 615 1922; x_wconf 90' lang='grc' dir='ltr'>ὀπίσω</span> <span class='ocrx_word' id='word_1_193' title='bbox 653 1872 825 1942; x_wconf 79' lang='grc' dir='ltr'>κομιδῇ</span> <span class='ocrx_word' id='word_1_194' title='bbox 868 1871 1163 1936; x_wconf 89' lang='grc' dir='ltr'>ἀπικόμενος</span> <span class='ocrx_word' id='word_1_195' title='bbox 1201 1872 1251 1923; x_wconf 90' lang='grc' dir='ltr'>ἐς</span> <span class='ocrx_word' id='word_1_196' title='bbox 1274 1869 1508 1936; x_wconf 61' lang='grc' dir='ltr'>’Ἄβδηρα</span> <span class='ocrx_word' id='word_1_197' title='bbox 1545 1871 1623 1922; x_wconf 87' lang='grc' dir='ltr'>καὶ</span> <span class='ocrx_word' id='word_1_198' title='bbox 1659 1868 1844 1934; x_wconf 77' lang='grc' dir='ltr'>ξεινίην</span> <span class='ocrx_word' id='word_1_199' title='bbox 1877 1868 1933 1921; x_wconf 86' lang='grc' dir='ltr'>τέ</span> 
     </span>
     <span class='ocr_line' id='line_1_23' title="bbox 269 1946 1932 2025; baseline 0.001 -22"><span class='ocrx_word' id='word_1_200' title='bbox 269 1959 367 2020; x_wconf 93' lang='grc' dir='ltr'>σφι</span> <span class='ocrx_word' id='word_1_201' title='bbox 426 1954 726 2020; x_wconf 87' lang='grc' dir='ltr'>συνθέμενος</span> <span class='ocrx_word' id='word_1_202' title='bbox 786 1956 864 2006; x_wconf 87' lang='grc' dir='ltr'>καὶ</span> <span class='ocrx_word' id='word_1_203' title='bbox 936 1953 1284 2022; x_wconf 90' lang='grc' dir='ltr'>δωρησάμενος</span> <span class='ocrx_word' id='word_1_204' title='bbox 1358 1954 1532 2007; x_wconf 84' lang='grc' dir='ltr'>αὐτοὺς</span> <span class='ocrx_word' id='word_1_205' title='bbox 1604 1953 1811 2025; x_wconf 88' lang='grc' dir='ltr'>ἀκινάκῃ</span> <span class='ocrx_word' id='word_1_206' title='bbox 1868 1946 1932 2005; x_wconf 59' lang='grc' dir='ltr'>Υτε</span> 
     </span>
     <span class='ocr_line' id='line_1_24' title="bbox 267 2037 1931 2111; baseline -0.001 -21"><span class='ocrx_word' id='word_1_207' title='bbox 267 2037 465 2108; x_wconf 82' lang='grc' dir='ltr'>χρυσέῳ</span> <span class='ocrx_word' id='word_1_208' title='bbox 520 2040 598 2091; x_wconf 89' lang='grc' dir='ltr'>καὶ</span> <span class='ocrx_word' id='word_1_209' title='bbox 649 2037 792 2111; x_wconf 88' lang='grc' dir='ltr'>τιήρῃ</span> <span class='ocrx_word' id='word_1_210' title='bbox 842 2037 1198 2108; x_wconf 81' lang='grc' dir='ltr'>χρυσοπάστῳ.</span> <span class='ocrx_word' id='word_1_211' title='bbox 1289 2039 1367 2091; x_wconf 85' lang='grc' dir='ltr'>καὶ</span> <span class='ocrx_word' id='word_1_212' title='bbox 1420 2038 1485 2092; x_wconf 83' lang='grc' dir='ltr'>ὡς</span> <span class='ocrx_word' id='word_1_213' title='bbox 1534 2037 1670 2090; x_wconf 83' lang='grc' dir='ltr'>αὐτοὶ</span> <span class='ocrx_word' id='word_1_214' title='bbox 1719 2037 1931 2105; x_wconf 91' lang='grc' dir='ltr'>λέγουσι</span> 
     </span>
     <span class='ocr_line' id='line_1_25' title="bbox 268 2121 1927 2190; baseline -0.001 -17"><span class='ocrx_word' id='word_1_215' title='bbox 268 2121 579 2190; x_wconf 83' lang='grc' dir='ltr'>Ἀβδηρῖται,</span> <span class='ocrx_word' id='word_1_216' title='bbox 618 2123 854 2190; x_wconf 84' lang='grc' dir='ltr'>λέγοντες</span> <span class='ocrx_word' id='word_1_217' title='bbox 893 2122 1062 2190; x_wconf 82' lang='grc' dir='ltr'>ἔμοιγε</span> <span class='ocrx_word' id='word_1_218' title='bbox 1102 2123 1325 2188; x_wconf 83' lang='grc' dir='ltr'>οὐδαμῶς</span> <span class='ocrx_word' id='word_1_219' title='bbox 1368 2121 1539 2181; x_wconf 87' lang='grc' dir='ltr'>πιστά,</span> <span class='ocrx_word' id='word_1_220' title='bbox 1583 2127 1778 2189; x_wconf 87' lang='grc' dir='ltr'>πρῶτον</span> <span class='ocrx_word' id='word_1_221' title='bbox 1814 2122 1927 2173; x_wconf 49' lang='grc' dir='ltr'>ἐλύ-ν</span> 
     </span>
     <span class='ocr_line' id='line_1_26' title="bbox 270 2204 2037 2277; baseline 0.002 -21"><span class='ocrx_word' id='word_1_222' title='bbox 270 2228 395 2257; x_wconf 90' lang='grc' dir='ltr'>σατο</span> <span class='ocrx_word' id='word_1_223' title='bbox 431 2207 521 2271; x_wconf 82' lang='grc' dir='ltr'>τὴν</span> <span class='ocrx_word' id='word_1_224' title='bbox 559 2208 715 2272; x_wconf 78' lang='grc' dir='ltr'>ζώνην</span> <span class='ocrx_word' id='word_1_225' title='bbox 754 2207 955 2275; x_wconf 85' lang='grc' dir='ltr'>φεύγων</span> <span class='ocrx_word' id='word_1_226' title='bbox 998 2204 1057 2270; x_wconf 82' lang='grc' dir='ltr'>ἐξ</span> <span class='ocrx_word' id='word_1_227' title='bbox 1092 2206 1343 2272; x_wconf 86' lang='grc' dir='ltr'>Ἀθηνέων</span> <span class='ocrx_word' id='word_1_228' title='bbox 1379 2208 1558 2266; x_wconf 86' lang='grc' dir='ltr'>ὀπίσω,</span> <span class='ocrx_word' id='word_1_229' title='bbox 1602 2206 1667 2260; x_wconf 85' lang='grc' dir='ltr'>ὦς</span> <span class='ocrx_word' id='word_1_230' title='bbox 1703 2208 1756 2258; x_wconf 90' lang='grc' dir='ltr'>ἐν</span> <span class='ocrx_word' id='word_1_231' title='bbox 1792 2206 1928 2277; x_wconf 88' lang='grc' dir='ltr'>ἀδείῃ</span> <span class='ocrx_word' id='word_1_232' title='bbox 1956 2231 2003 2271; x_wconf 86' lang='lat'>25</span> <span class='ocrx_word' id='word_1_233' title='bbox 2034 2262 2037 2265; x_wconf 10' lang='grc' dir='ltr'>μ</span> 
     </span>
     <span class='ocr_line' id='line_1_27' title="bbox 270 2290 1931 2358; baseline -0.001 -17"><span class='ocrx_word' id='word_1_234' title='bbox 270 2291 378 2342; x_wconf 88' lang='grc' dir='ltr'>ἐών.</span> <span class='ocrx_word' id='word_1_235' title='bbox 482 2294 543 2343; x_wconf 82' lang='grc' dir='ltr'>τὰ</span> <span class='ocrx_word' id='word_1_236' title='bbox 602 2294 655 2344; x_wconf 81' lang='grc' dir='ltr'>δὲ</span> <span class='ocrx_word' id='word_1_237' title='bbox 698 2290 930 2357; x_wconf 77' lang='grc' dir='ltr'>Ἀβδηρα</span> <span class='ocrx_word' id='word_1_238' title='bbox 989 2293 1178 2356; x_wconf 85' lang='grc' dir='ltr'>ἵδρυται</span> <span class='ocrx_word' id='word_1_239' title='bbox 1234 2290 1356 2358; x_wconf 85' lang='grc' dir='ltr'>πρὸς</span> <span class='ocrx_word' id='word_1_240' title='bbox 1411 2295 1498 2343; x_wconf 82' lang='grc' dir='ltr'>τοῦ</span> <span class='ocrx_word' id='word_1_241' title='bbox 1545 2290 1931 2355; x_wconf 86' lang='grc' dir='ltr'>Ἑλλησπόντου</span> 
     </span>
     <span class='ocr_line' id='line_1_28' title="bbox 326 2427 1932 2481; baseline 0 -15"><span class='ocrx_word' id='word_1_242' title='bbox 326 2441 343 2466; x_wconf 94' lang='lat'><em>1</em></span> <span class='ocrx_word' id='word_1_243' title='bbox 391 2427 534 2481; x_wconf 81' lang='grc' dir='ltr'>Ξέρξεα</span> <span class='ocrx_word' id='word_1_244' title='bbox 571 2428 712 2467; x_wconf 90' lang='lat' dir='ltr'>RSV</span> <span class='ocrx_word' id='word_1_245' title='bbox 875 2442 900 2467; x_wconf 84' lang='lat'><strong>2</strong></span> <span class='ocrx_word' id='word_1_246' title='bbox 945 2429 1050 2469; x_wconf 78' lang='grc' dir='ltr'>εἶπαι</span> <span class='ocrx_word' id='word_1_247' title='bbox 1087 2427 1282 2467; x_wconf 90' lang='lat' dir='ltr'>PRSV</span> <span class='ocrx_word' id='word_1_248' title='bbox 1313 2428 1390 2481; x_wconf 61' lang='lat' dir='ltr'>(sse)</span> <span class='ocrx_word' id='word_1_249' title='bbox 1554 2439 1581 2477; x_wconf 87' lang='lat'><strong>3</strong></span> <span class='ocrx_word' id='word_1_250' title='bbox 1624 2428 1753 2469; x_wconf 77' lang='grc' dir='ltr'>ἔοικεν</span> <span class='ocrx_word' id='word_1_251' title='bbox 1787 2427 1932 2467; x_wconf 90' lang='lat' dir='ltr'>RSV</span> 
     </span>
     <span class='ocr_line' id='line_1_29' title="bbox 266 2481 1930 2535; baseline 0.002 -14"><span class='ocrx_word' id='word_1_252' title='bbox 266 2484 291 2531; x_wconf 82' lang='grc' dir='ltr'>ἡ</span> <span class='ocrx_word' id='word_1_253' title='bbox 313 2496 395 2522; x_wconf 88' lang='lat' dir='ltr'>om.</span> <span class='ocrx_word' id='word_1_254' title='bbox 421 2483 461 2522; x_wconf 93' lang='lat' dir='ltr'><strong>R</strong></span> <span class='ocrx_word' id='word_1_255' title='bbox 476 2483 558 2522; x_wconf 92' lang='lat' dir='ltr'>SV</span> <span class='ocrx_word' id='word_1_256' title='bbox 668 2494 703 2533; x_wconf 68' lang='lat'>‚5</span> <span class='ocrx_word' id='word_1_257' title='bbox 735 2482 944 2532; x_wconf 85' lang='grc' dir='ltr'>ἐκπηδέειν</span> <span class='ocrx_word' id='word_1_258' title='bbox 966 2483 1005 2521; x_wconf 93' lang='lat' dir='ltr'><strong>R</strong></span> <span class='ocrx_word' id='word_1_259' title='bbox 1020 2483 1102 2522; x_wconf 88' lang='lat' dir='ltr'>SV</span> <span class='ocrx_word' id='word_1_260' title='bbox 1216 2485 1543 2535; x_wconf 86' lang='grc' dir='ltr'>ἐπικουφισθῆναι</span> <span class='ocrx_word' id='word_1_261' title='bbox 1563 2482 1618 2522; x_wconf 68' lang='lat' dir='ltr'>Ct</span> <span class='ocrx_word' id='word_1_262' title='bbox 1734 2494 1756 2530; x_wconf 95' lang='lat'><strong>7</strong></span> <span class='ocrx_word' id='word_1_263' title='bbox 1787 2481 1930 2535; x_wconf 76' lang='grc' dir='ltr'>Ξέρξεα</span> 
     </span>
     <span class='ocr_line' id='line_1_30' title="bbox 268 2535 1928 2591; baseline 0 -15"><span class='ocrx_word' id='word_1_264' title='bbox 268 2537 408 2577; x_wconf 93' lang='lat' dir='ltr'>RSV</span> <span class='ocrx_word' id='word_1_265' title='bbox 590 2539 616 2576; x_wconf 92' lang='lat'>8</span> <span class='ocrx_word' id='word_1_266' title='bbox 655 2537 811 2591; x_wconf 86' lang='grc' dir='ltr'>χρυσέῃ</span> <span class='ocrx_word' id='word_1_267' title='bbox 848 2538 1030 2591; x_wconf 84' lang='grc' dir='ltr'>στεφάνῃ</span> <span class='ocrx_word' id='word_1_268' title='bbox 1064 2537 1251 2576; x_wconf 91' lang='lat' dir='ltr'>ABCP</span> <span class='ocrx_word' id='word_1_269' title='bbox 1437 2550 1487 2576; x_wconf 90' lang='lat'>10</span> <span class='ocrx_word' id='word_1_270' title='bbox 1529 2539 1664 2579; x_wconf 77' lang='grc' dir='ltr'>ἄλλως</span> <span class='ocrx_word' id='word_1_271' title='bbox 1696 2535 1928 2576; x_wconf 92' lang='lat' dir='ltr'>ABCPS</span> 
     </span>
     <span class='ocr_line' id='line_1_31' title="bbox 265 2590 1928 2646; baseline -0.001 -14"><span class='ocrx_word' id='word_1_272' title='bbox 265 2592 435 2645; x_wconf 78' lang='grc' dir='ltr'>λέγεται</span> <span class='ocrx_word' id='word_1_273' title='bbox 470 2596 491 2633; x_wconf 80' lang='grc' dir='ltr'><em>ὅ</em></span> <span class='ocrx_word' id='word_1_274' title='bbox 524 2592 650 2646; x_wconf 81' lang='grc' dir='ltr'>λόγος</span> <span class='ocrx_word' id='word_1_275' title='bbox 685 2591 837 2632; x_wconf 87' lang='lat' dir='ltr'>CPS:</span> <span class='ocrx_word' id='word_1_276' title='bbox 875 2591 1000 2645; x_wconf 78' lang='grc' dir='ltr'>λόγος</span> <span class='ocrx_word' id='word_1_277' title='bbox 1033 2591 1204 2644; x_wconf 82' lang='grc' dir='ltr'>λέγεται</span> <span class='ocrx_word' id='word_1_278' title='bbox 1242 2591 1333 2630; x_wconf 90' lang='lat' dir='ltr'>RV</span> <span class='ocrx_word' id='word_1_279' title='bbox 1501 2604 1546 2630; x_wconf 91' lang='lat'>11</span> <span class='ocrx_word' id='word_1_280' title='bbox 1589 2593 1714 2633; x_wconf 72' lang='grc' dir='ltr'>ἄλλος</span> <span class='ocrx_word' id='word_1_281' title='bbox 1741 2590 1928 2631; x_wconf 88' lang='lat' dir='ltr'>ABCP</span> 
     </span>
     <span class='ocr_line' id='line_1_32' title="bbox 264 2645 1927 2700; baseline -0.002 -13"><span class='ocrx_word' id='word_1_282' title='bbox 264 2649 313 2687; x_wconf 81' lang='grc' dir='ltr'>τὸ</span> <span class='ocrx_word' id='word_1_283' title='bbox 352 2653 453 2698; x_wconf 86' lang='lat' dir='ltr'>post</span> <span class='ocrx_word' id='word_1_284' title='bbox 491 2651 614 2688; x_wconf 81' lang='grc' dir='ltr'>τοῦτο</span> <span class='ocrx_word' id='word_1_285' title='bbox 655 2648 694 2686; x_wconf 89' lang='lat' dir='ltr'>R</span> <span class='ocrx_word' id='word_1_286' title='bbox 716 2647 806 2686; x_wconf 87' lang='lat' dir='ltr'>SV</span> <span class='ocrx_word' id='word_1_287' title='bbox 974 2659 1023 2684; x_wconf 86' lang='lat'>12</span> <span class='ocrx_word' id='word_1_288' title='bbox 1066 2645 1187 2700; x_wconf 77' lang='grc' dir='ltr'>ἧρέθη</span> <span class='ocrx_word' id='word_1_289' title='bbox 1217 2647 1277 2687; x_wconf 91' lang='lat' dir='ltr'>C.</span> <span class='ocrx_word' id='word_1_290' title='bbox 1325 2645 1467 2700; x_wconf 77' lang='grc' dir='ltr'>ἐρρήθη</span> <span class='ocrx_word' id='word_1_291' title='bbox 1499 2646 1559 2685; x_wconf 90' lang='lat' dir='ltr'>P:</span> <span class='ocrx_word' id='word_1_292' title='bbox 1599 2646 1735 2699; x_wconf 85' lang='grc' dir='ltr'>ἐρρέθη</span> <span class='ocrx_word' id='word_1_293' title='bbox 1774 2645 1814 2684; x_wconf 90' lang='lat' dir='ltr'>R</span> <span class='ocrx_word' id='word_1_294' title='bbox 1837 2645 1927 2684; x_wconf 91' lang='lat' dir='ltr'>SV</span> 
     </span>
     <span class='ocr_line' id='line_1_33' title="bbox 270 2699 1923 2755; baseline 0 -15"><span class='ocrx_word' id='word_1_295' title='bbox 270 2714 317 2750; x_wconf 87' lang='lat'>13</span> <span class='ocrx_word' id='word_1_296' title='bbox 346 2704 420 2743; x_wconf 81' lang='grc' dir='ltr'>τὸν</span> <span class='ocrx_word' id='word_1_297' title='bbox 440 2702 582 2755; x_wconf 75' lang='grc' dir='ltr'>Ξέρξεα</span> <span class='ocrx_word' id='word_1_298' title='bbox 602 2702 640 2740; x_wconf 95' lang='lat' dir='ltr'>R</span> <span class='ocrx_word' id='word_1_299' title='bbox 655 2702 736 2741; x_wconf 92' lang='lat' dir='ltr'>SV</span> <span class='ocrx_word' id='word_1_300' title='bbox 848 2701 946 2754; x_wconf 69' lang='grc' dir='ltr'>ἕξωὲ</span> <span class='ocrx_word' id='word_1_301' title='bbox 970 2701 1168 2751; x_wconf 82' lang='lat' dir='ltr'><strong>Krueger</strong></span> <span class='ocrx_word' id='word_1_302' title='bbox 1349 2714 1396 2750; x_wconf 91' lang='lat'>14</span> <span class='ocrx_word' id='word_1_303' title='bbox 1425 2702 1481 2751; x_wconf 82' lang='grc' dir='ltr'>μὴ</span> <span class='ocrx_word' id='word_1_304' title='bbox 1502 2713 1583 2740; x_wconf 90' lang='lat' dir='ltr'>om.</span> <span class='ocrx_word' id='word_1_305' title='bbox 1611 2699 1747 2739; x_wconf 91' lang='lat' dir='ltr'>RSV</span> <span class='ocrx_word' id='word_1_306' title='bbox 1856 2700 1923 2751; x_wconf 85' lang='grc' dir='ltr'>ἐκ]</span> 
     </span>
     <span class='ocr_line' id='line_1_34' title="bbox 266 2755 1925 2807; baseline -0.002 -10"><span class='ocrx_word' id='word_1_307' title='bbox 266 2758 331 2797; x_wconf 83' lang='grc' dir='ltr'>ἐπὶ</span> <span class='ocrx_word' id='word_1_308' title='bbox 351 2756 439 2795; x_wconf 90' lang='grc' dir='ltr'>ΑΒ</span> <span class='ocrx_word' id='word_1_309' title='bbox 456 2757 489 2795; x_wconf 91' lang='lat' dir='ltr'>C</span> <span class='ocrx_word' id='word_1_310' title='bbox 505 2757 539 2795; x_wconf 91' lang='lat' dir='ltr'>P</span> <span class='ocrx_word' id='word_1_311' title='bbox 666 2769 714 2807; x_wconf 88' lang='lat'>15</span> <span class='ocrx_word' id='word_1_312' title='bbox 744 2760 818 2806; x_wconf 84' lang='grc' dir='ltr'>νῆα</span> <span class='ocrx_word' id='word_1_313' title='bbox 840 2756 880 2794; x_wconf 90' lang='lat' dir='ltr'><strong>R</strong></span> <span class='ocrx_word' id='word_1_314' title='bbox 896 2756 978 2796; x_wconf 90' lang='lat' dir='ltr'>SV</span> <span class='ocrx_word' id='word_1_315' title='bbox 1104 2757 1154 2794; x_wconf 91' lang='lat'>16</span> <span class='ocrx_word' id='word_1_316' title='bbox 1181 2755 1282 2807; x_wconf 84' lang='grc' dir='ltr'>τῶν]</span> <span class='ocrx_word' id='word_1_317' title='bbox 1305 2757 1370 2796; x_wconf 79' lang='grc' dir='ltr'>καὶ</span> <span class='ocrx_word' id='word_1_318' title='bbox 1390 2759 1473 2796; x_wconf 85' lang='grc' dir='ltr'>τῶν</span> <span class='ocrx_word' id='word_1_319' title='bbox 1494 2755 1533 2792; x_wconf 91' lang='lat' dir='ltr'><strong>R</strong></span> <span class='ocrx_word' id='word_1_320' title='bbox 1548 2755 1578 2794; x_wconf 87' lang='lat' dir='ltr'>S</span> <span class='ocrx_word' id='word_1_321' title='bbox 1592 2755 1631 2794; x_wconf 93' lang='lat' dir='ltr'>V</span> <span class='ocrx_word' id='word_1_322' title='bbox 1741 2755 1925 2807; x_wconf 81' lang='grc' dir='ltr'>ἐρετρίων</span> 
     </span>
     <span class='ocr_line' id='line_1_35' title="bbox 266 2808 1923 2865; baseline -0.001 -15"><span class='ocrx_word' id='word_1_323' title='bbox 266 2811 331 2851; x_wconf 83' lang='lat' dir='ltr'>R:</span> <span class='ocrx_word' id='word_1_324' title='bbox 363 2814 570 2865; x_wconf 84' lang='grc' dir='ltr'>ἐρετριεων</span> <span class='ocrx_word' id='word_1_325' title='bbox 592 2811 673 2851; x_wconf 94' lang='lat' dir='ltr'>SV</span> <span class='ocrx_word' id='word_1_326' title='bbox 728 2849 734 2854; x_wconf 73' lang='grc'>,</span> <span class='ocrx_word' id='word_1_327' title='bbox 787 2825 832 2861; x_wconf 90' lang='lat'>17</span> <span class='ocrx_word' id='word_1_328' title='bbox 865 2816 942 2852; x_wconf 82' lang='grc' dir='ltr'>κῶς</span> <span class='ocrx_word' id='word_1_329' title='bbox 964 2811 1114 2861; x_wconf 86' lang='lat' dir='ltr'>Pingel</span> <span class='ocrx_word' id='word_1_330' title='bbox 1240 2811 1290 2849; x_wconf 88' lang='lat'>18</span> <span class='ocrx_word' id='word_1_331' title='bbox 1316 2827 1382 2861; x_wconf 87' lang='grc' dir='ltr'>μοι</span> <span class='ocrx_word' id='word_1_332' title='bbox 1402 2808 1489 2847; x_wconf 89' lang='grc' dir='ltr'>ΑΒ</span> <span class='ocrx_word' id='word_1_333' title='bbox 1509 2809 1588 2848; x_wconf 87' lang='lat' dir='ltr'>soli</span> <span class='ocrx_word' id='word_1_334' title='bbox 1710 2821 1759 2846; x_wconf 80' lang='lat'>21</span> <span class='ocrx_word' id='word_1_335' title='bbox 1791 2809 1923 2860; x_wconf 76' lang='grc' dir='ltr'>ξενίην</span> 
     </span>
    </p>
   </div>
   <div class='ocr_carea' id='block_1_3' title="bbox 265 2862 1923 2974">
    <p class='ocr_par' dir='ltr' id='par_1_3' title="bbox 265 2862 1923 2974">
     <span class='ocr_line' id='line_1_36' title="bbox 265 2862 1923 2943; baseline -0.002 -39"><span class='ocrx_word' id='word_1_336' title='bbox 265 2866 304 2903; x_wconf 88' lang='lat' dir='ltr'>R</span> <span class='ocrx_word' id='word_1_337' title='bbox 328 2866 358 2905; x_wconf 92' lang='lat' dir='ltr'>S</span> <span class='ocrx_word' id='word_1_338' title='bbox 379 2866 418 2904; x_wconf 96' lang='lat' dir='ltr'>V</span> <span class='ocrx_word' id='word_1_339' title='bbox 593 2879 646 2904; x_wconf 87' lang='lat'>22</span> <span class='ocrx_word' id='word_1_340' title='bbox 688 2883 735 2907; x_wconf 71' lang='grc' dir='ltr'>’τε</span> <span class='ocrx_word' id='word_1_341' title='bbox 774 2879 854 2905; x_wconf 90' lang='lat' dir='ltr'>om.</span> <span class='ocrx_word' id='word_1_342' title='bbox 898 2865 936 2903; x_wconf 91' lang='lat' dir='ltr'>R</span> <span class='ocrx_word' id='word_1_343' title='bbox 960 2866 1049 2905; x_wconf 90' lang='lat' dir='ltr'>SV</span> <span class='ocrx_word' id='word_1_344' title='bbox 1221 2877 1274 2914; x_wconf 87' lang='grc'>23</span> <span class='ocrx_word' id='word_1_345' title='bbox 1317 2865 1442 2916; x_wconf 85' lang='grc' dir='ltr'>τιήρει</span> <span class='ocrx_word' id='word_1_346' title='bbox 1477 2863 1515 2901; x_wconf 92' lang='grc' dir='ltr'>Α</span> <span class='ocrx_word' id='word_1_347' title='bbox 1539 2864 1599 2903; x_wconf 85' lang='grc' dir='ltr'>Β;</span> <span class='ocrx_word' id='word_1_348' title='bbox 1644 2863 1792 2917; x_wconf 81' lang='grc' dir='ltr'>τριήρει</span> <span class='ocrx_word' id='word_1_349' title='bbox 1833 2863 1866 2901; x_wconf 92' lang='lat' dir='ltr'>C</span> <span class='ocrx_word' id='word_1_350' title='bbox 1888 2862 1923 2943; x_wconf 90' lang='lat' dir='ltr'>P</span> 
     </span>
     <span class='ocr_line' id='line_1_37' title="bbox 265 2918 1577 2974; baseline -0.002 -15"><span class='ocrx_word' id='word_1_351' title='bbox 265 2933 316 2968; x_wconf 88' lang='lat'>24</span> <span class='ocrx_word' id='word_1_352' title='bbox 347 2923 521 2972; x_wconf 82' lang='grc' dir='ltr'>οὐδαμῶς</span> <span class='ocrx_word' id='word_1_353' title='bbox 543 2921 679 2974; x_wconf 79' lang='grc' dir='ltr'>ἔμοιγε</span> <span class='ocrx_word' id='word_1_354' title='bbox 704 2921 741 2958; x_wconf 91' lang='lat' dir='ltr'>R</span> <span class='ocrx_word' id='word_1_355' title='bbox 758 2921 789 2960; x_wconf 94' lang='lat' dir='ltr'>S</span> <span class='ocrx_word' id='word_1_356' title='bbox 803 2921 840 2958; x_wconf 95' lang='lat' dir='ltr'>V</span> <span class='ocrx_word' id='word_1_357' title='bbox 1005 2932 1056 2969; x_wconf 89' lang='grc'>25</span> <span class='ocrx_word' id='word_1_358' title='bbox 1088 2920 1304 2969; x_wconf 84' lang='grc' dir='ltr'>Ἀθηναίων</span> <span class='ocrx_word' id='word_1_359' title='bbox 1326 2919 1360 2957; x_wconf 90' lang='grc' dir='ltr'>Β</span> <span class='ocrx_word' id='word_1_360' title='bbox 1376 2919 1409 2957; x_wconf 92' lang='lat' dir='ltr'>C</span> <span class='ocrx_word' id='word_1_361' title='bbox 1426 2918 1480 2956; x_wconf 89' lang='lat' dir='ltr'>Rl</span> <span class='ocrx_word' id='word_1_362' title='bbox 1497 2918 1577 2958; x_wconf 90' lang='lat' dir='ltr'>SV</span> 
     </span>
    </p>
   </div>
  </div>
 </body>
</html>
