2144 3320
73 115 159 166 VI.
190 128 257 178 50

231 431 257 474 Ο.)

203 842 258 891 51

192 1266 257 1315 52

917 110 1352 163 HPOAOTOT

296 248 384 296 τοῦ
437 248 600 296 κοινοῦ
652 243 839 313 ποιέειν
891 248 1059 304 ταῦτα,
1109 243 1190 297 ὑπ’
1246 243 1522 309 Ἀθηναίων
1563 243 1963 312 ’ἀναγνωσθέντα

295 326 536 396 χρήμασι·
604 327 704 394 ἅμα
756 331 849 396 γὰρ
909 327 969 381 ἄν
1018 350 1103 394 μιν
1154 334 1221 398 τῷ
1275 327 1425 398 ἑτέρῳ
1488 327 1701 400 βασιλέϊ
1751 329 1962 382 ἐλθόντα

299 410 697 477 συλλαμβάνειν.
787 413 933 480 ἔλεγε
965 415 1017 465 δὲ
1054 417 1207 464 ταῦτα
1248 409 1307 476 ἐξ
1345 414 1616 477 ἐπιστολῆς
1657 415 1745 476 τῆς
1787 418 1958 478 Δημα-

294 495 460 563 ρήτου.
540 495 825 562 Κλεομένης
857 499 909 548 δὲ
940 497 1342 563 ἀπελαυνόμενος
1374 498 1428 547 ἐκ
1458 499 1544 560 τῆς
1569 497 1774 563 Αἰγίνης
1804 498 1961 564 εἴρετο

295 580 382 632 τὸν
414 579 565 646 Κριὸν
597 581 625 631 ὅ
653 602 700 632 τι
731 583 776 632 οἱ
808 582 881 645 εἴη
913 581 1116 646 οὕνομα·
1163 582 1189 632 ὁ
1220 579 1275 633 δέ
1305 582 1350 632 οἱ
1381 580 1438 632 τὸ
1469 579 1551 632 ἐὸν
1575 579 1784 647 ἔφρασε.
1857 581 1884 631 ὁ
1907 582 1960 633 δὲ
1984 601 2007 643 5

299 662 584 729 Κλεομένης
614 669 734 731 πρὸς
770 664 918 717 αὐτὸν
947 664 1076 732 ἔφη(
1101 664 1236 729 ”Ηδη
1275 669 1361 717 νῦν
1403 669 1734 733 καταχαλκοῦ,
1768 662 1806 716 ὦ
1839 663 1957 732 κριέ,

295 750 356 799 τὰ
388 747 548 814 κέρεα,
580 748 645 802 ὥς
676 749 1035 814 συνοισόμενος
1064 748 1267 819 μεγάλῳ
1303 753 1448 818 κακῷ.

380 831 470 884 Ἐν
501 834 552 884 δὲ
583 834 640 904 τῇ
675 832 875 904 Σπάρτῃ
916 837 1091 885 τοῦτον
1130 832 1217 884 τὸν
1260 833 1443 901 χρόνον
1483 831 1741 898 ὑπομένων
1784 831 1956 899 Δημά-

295 937 440 982 ρητος
473 917 498 966 ὁ
528 915 832 983 Ἀρίστωνος
864 906 1107 982 διέβαλλε
1138 916 1224 969 τὸν
1258 915 1560 982 Κλεομένεα,
1588 917 1683 968 ἐὼν
1711 916 1960 982 βασιλεὺς

296 1000 376 1051 καὶ
421 1000 562 1053 οὗτος
606 999 970 1068 Σπαρτιητέων,
1015 1002 1169 1066 οἰκίης
1213 1003 1267 1052 δὲ
1307 1003 1396 1065 τῆς
1435 1000 1810 1067 ὑποδεεστέρης,
1856 1000 1958 1053 κατ’
1985 1021 2035 1050 10

295 1083 423 1135 ἄλλο
451 1086 543 1149 μὲν
574 1085 715 1136 οὐδὲν
738 1083 1098 1151 ὑποδεεστέρης
1119 1083 1236 1151 (ἀπὸ
1267 1086 1362 1151 γὰρ
1386 1089 1472 1136 τοῦ
1503 1084 1652 1136 αὐτοῦ
1682 1083 1956 1151 γεγόνασι),

295 1170 418 1219 κατὰ
443 1170 841 1235 πρεσβυγενείην
862 1168 916 1221 δέ
941 1190 1034 1222 κως
1059 1170 1311 1234 τετίμηται
1334 1168 1578 1233 μᾶλλονὴ
1602 1168 1956 1235 Εὐρυσθένεος.

294 1253 674 1317 Λακεδαιμόνιοι
733 1255 828 1319 γὰρ
889 1252 1248 1319 ὁμολογέοντες
1301 1252 1460 1304 οὐδενὶ
1512 1259 1691 1325 ποιητῇ
1748 1251 1959 1320 λέγουσι

294 1335 442 1388 αὑτὸν
483 1336 846 1403 Ἀριστόδημον
887 1336 973 1388 τὸν
1013 1335 1381 1404 Ἀριστομάχου
1421 1341 1506 1387 τοῦ
1555 1337 1829 1388 Κλεοδαίου
1871 1341 1959 1388 τοῦ

285 1418 480 1472 ’Ὕλλου
514 1421 857 1485 βασιλεύοντα
896 1421 1103 1487 ἀγαγεῖν
1145 1419 1307 1487 σφέας
1350 1422 1400 1473 ἐς
1439 1420 1620 1484 ταύτην
1661 1419 1751 1484 τὴν
1789 1420 1958 1488 χώρην
1986 1440 2031 1480 15

292 1503 381 1567 τὴν
413 1508 499 1556 νῦν
532 1503 773 1565 ἐκτέαται,
807 1504 923 1556 ἀλλ’
948 1506 1004 1557 οὐ
1035 1504 1149 1557 τοὺς
1173 1502 1538 1570 Ἀριστοδήμου
1564 1505 1757 1558 παῖδας.
1832 1506 1958 1569 μετὰ

292 1590 346 1639 δὲ
384 1589 567 1655 χρόνον
607 1588 663 1639 οὐ
702 1588 895 1641 πολλὸν
933 1586 1274 1657 Ἀριστοδήμῳ
1316 1592 1477 1639 τεκεῖν
1511 1586 1601 1652 τὴν
1637 1592 1859 1655 γυναῖκα,
1897 1596 1958 1661 τῇ

294 1672 478 1737 οὔνομα
525 1672 651 1724 εἶναι
698 1673 946 1740 Ἀργείην·
1011 1671 1254 1739 θυγατέρα
1295 1675 1348 1724 δὲ
1389 1671 1539 1736 αὐτὴν
1579 1671 1790 1738 λέγουσι
1830 1671 1957 1736 εἶναι

294 1756 606 1810 Αὐτεσίωνος
658 1761 744 1808 τοῦ
794 1761 1107 1822 Τεισαμενοῦ
1152 1761 1238 1807 τοῦ
1284 1755 1608 1822 Θερσάνδρου
1653 1761 1740 1807 τοῦ
1783 1760 1952 1808 Πολυ-

290 1840 493 1894 νείκεος·
539 1841 721 1905 ταύτην
752 1840 809 1904 δὴ
842 1846 1002 1893 τεκεῖν
1033 1842 1222 1905 δίδυμα,
1256 1841 1492 1892 ἐπιδόντα
1520 1843 1574 1892 δὲ
1605 1838 1692 1892 τὸν
1721 1839 1950 1908 Ἀριστό-
1981 1859 2032 1889 20

291 1927 446 1989 δημον
477 1926 538 1975 τὰ
572 1924 721 1977 τέκνα
756 1926 919 1994 νούσῳ
961 1927 1214 1976 τελευτᾶν.
1303 1926 1720 1989 Λακεδαιμονίους
1755 1927 1808 1976 δὲ
1842 1923 1956 1977 τοὺς

290 2008 404 2059 τότε
456 2009 628 2062 ἐόντας
678 2013 956 2074 βουλεῦσαι
1006 2011 1128 2060 κατὰ
1168 2009 1342 2074 νόμον.
1367 2007 1592 2074 βασιλέα
1630 2013 1728 2060 τῶν
1766 2008 1955 2061 παίδων

290 2091 378 2143 τὸν
437 2093 782 2159 πρεσβύτερον
835 2091 1161 2157 ποιήσασθαι·
1230 2093 1315 2144 οὐκ
1370 2090 1439 2144 ὧν
1491 2091 1549 2156 δή
1603 2098 1766 2159 σφεας
1817 2091 1954 2160 ἔχειν

293 2176 524 2242 ὁκότερον
565 2177 792 2236 ἕλωνται,
837 2177 969 2228 ὥστε
1013 2178 1091 2228 καὶ
1132 2177 1316 2241 ὁμοίων
1357 2176 1436 2227 καὶ
1480 2178 1606 2227 ἴσων
1645 2176 1843 2228 ἐόντων·
1896 2176 1954 2228 οὑ

290 2258 587 2324 δυναμένους
639 2262 691 2312 δὲ
736 2266 937 2326 γνῶναι,
985 2256 1015 2323 ἢ
1062 2260 1140 2311 καὶ
1185 2260 1278 2326 πρὸ
1323 2260 1511 2319 τούτου,
1553 2262 1822 2326 ἐπειρωτᾶν
1865 2258 1953 2323 τὴν
1980 2279 2027 2319 25

291 2347 550 2395 τεκοῦσαν.
639 2343 729 2408 τὴν
760 2347 813 2395 δὲ
844 2344 954 2395 οὐδὲ
985 2343 1136 2408 αὐτὴν
1168 2342 1330 2411 φάναι
1356 2343 1721 2410 διαγινώσκειν·
1770 2345 1954 2396 εἰδυῖαν

291 2428 384 2490 μὲν
433 2428 511 2479 καὶ
563 2426 619 2478 τὸ
673 2427 824 2493 κάρτα
872 2426 1041 2494 λέγειν
1087 2431 1255 2486 ταῦτα,
1306 2426 1622 2492 βουλομένην
1669 2429 1724 2479 δὲ
1770 2429 1816 2479 εἴ
1861 2448 1954 2480 κως

294 2511 569 2577 ἀμφότεροι
600 2511 829 2578 γενοίατο
860 2509 1119 2576 βασιλέες.
1207 2510 1319 2564 τοὺς
1349 2508 1417 2563 ὧν
1449 2510 1505 2574 δὴ
1538 2512 1954 2576 Λακεδαιμονίους

353 2661 370 2686 1
414 2648 490 2688 ἀπὸ
522 2647 656 2687 RSV
785 2660 810 2698 5
848 2650 897 2689 τὸ
927 2647 1077 2698 οὕνομα
1104 2647 1319 2686 A-BCP:
1360 2630 1536 2699 τοῦνομα
1565 2647 1599 2686 Ε
1711 2648 1781 2688 alt.
1804 2650 1842 2688 οἱ
1869 2660 1948 2688 om.

297 2703 336 2741 R
352 2702 446 2753 SV,
470 2709 567 2753 post
588 2702 742 2756 ἔφρασέ
761 2702 794 2741 Ρ
957 2704 984 2741 6
1013 2703 1037 2750 ἦ
1066 2703 1114 2752 δὴ
1140 2702 1173 2741 C
1188 2701 1235 2741 Pt
1402 2715 1424 2751 7
1456 2702 1606 2756 κέρατα
1627 2702 1660 2740 C
1682 2701 1799 2741 Eust.
1825 2702 1952 2742 Dion.

295 2768 370 2805 511
536 2770 564 2807 9
592 2757 759 2805 διέβαλε
779 2755 915 2796 ABC
935 2757 1015 2796 SV
1126 2758 1201 2798 ἐὼν
1228 2770 1306 2797 om.
1335 2756 1469 2796 RSV
1636 2769 1684 2794 12
1713 2755 1952 2798 πωςΑΒΟ

301 2812 349 2861 18
378 2809 427 2858 ’ἧν
449 2809 638 2864 Ἀργίνην
668 2813 707 2851 R
723 2811 804 2851 SV
994 2825 1043 2862 19
1069 2815 1292 2862 Τισαμενοῦ
1314 2811 1347 2850 L
1523 2823 1579 2849 20
1609 2810 1679 2861 δὴ]
1705 2810 1748 2851 δὲ
1770 2811 1804 2849 Ρ
1818 2810 1855 2848 R
1871 2809 1953 2849 SV

295 2866 369 2904 τὸν
387 2878 468 2908 om.
493 2865 532 2902 A
548 2866 581 2903 B
598 2866 631 2904 C
645 2867 696 2916 (2)
918 2878 970 2903 22
1000 2865 1097 2906 τότε
1123 2863 1187 2918 (ἐν
1206 2865 1339 2919 τέλεϊ)
1361 2865 1480 2906 Stein
1645 2867 1888 2912 βασιλεῦσαι
1911 2863 1950 2902 R

296 2931 347 2967 25
387 2917 604 2968 δυναμένου
640 2920 679 2958 R
897 2922 951 2958 26
979 2922 1060 2960 οὐδ’
1082 2922 1207 2968 αὐτὴν
1234 2919 1322 2958 ΑΒ
1341 2920 1397 2959 C:
1438 2918 1554 2960 οὐδὲν
1582 2921 1658 2968 τὴν
1683 2919 1746 2958 V:
1781 2917 1894 2959 οὐδὲν
1918 2917 1950 2958 S

297 2976 398 3015 εῖδΐα
419 2973 458 3011 R
478 2974 487 3011 ':
518 2975 642 3014 εἰδυῖα
662 2974 701 3012 V
865 2986 915 3023 27
948 2975 1049 3015 εἰκὸς
1070 2976 1120 3015 ὡς
1143 2973 1181 3011 R
1206 2974 1323 3026 (οἶκ-)
1348 2974 1428 3013 SV
