2132 3340
55 61 194 108 v111.
221 72 285 120 45

214 356 285 416 46

946 55 1372 106 ΗΡΟΔΟΤΟΎ

325 189 401 240 ἐπ’
434 188 746 257 Ἀρτεμισίῳ,
782 188 1152 254 Ἀμπρακιῶται
1183 191 1235 240 δὲ
1260 190 1384 240 ἑπτὰ
1406 188 1520 242 νέας
1544 189 1744 258 ἔχοντες
1768 185 1981 254 ἐπεβοή-

325 277 504 336 θησαν,
542 271 802 323 Λευκάδιοι
831 274 884 323 δὲ
916 277 1060 339 τρεῖς,
1095 271 1236 326 ἔθνος
1267 274 1433 326 ἐόντες
1464 274 1598 324 οὗτοι
1631 272 1856 340 Δωρικὸν
1887 271 1985 324 ἀπὸ

328 358 585 422 Κορίνθου.
675 355 960 420 νησιωτέων
986 359 1044 408 δὲ
1077 358 1338 423 Αἰγινῆται
1368 356 1631 423 τριήκοντα
1667 358 1982 424 παρείχοντο.

326 440 455 505 ἦσαν
486 439 578 505 μέν
608 446 705 506 σφι
737 440 814 491 καὶ
844 439 998 492 ἄλλαι
1030 440 1416 507 πεπληρωμέναι
1446 441 1568 500 νέες,
1595 431 1729 492 ἀλλὰ
1751 448 1868 513 τῇσι
1894 442 1986 506 μὲν

325 524 415 588 τὴν
440 528 633 576 ἑωυτῶν
659 525 974 591 ἐφύλασσον,
996 523 1260 592 τριήκοντα
1283 528 1336 577 δὲ
1361 526 1479 597 τῇσι
1501 525 1682 592 ἄριστα
1704 524 1988 596 πλεούσῃσι

326 612 379 660 ἐν
411 613 658 674 Σαλαμῖνι
691 607 1060 678 ἐναυμάχησαν.
1136 611 1399 677 Αἰγινῆται
1422 609 1475 661 δέ
1512 611 1612 662 εἶσι
1644 608 1861 674 Δωριέες
1891 608 1988 661 ἀπὸ

326 693 643 759 Ἐπιδαύρου·
688 695 747 764 τῇ
779 696 831 745 δὲ
856 692 992 763 νήσῳ
1026 695 1266 760 πρότερον
1289 694 1474 759 οὔνομα
1497 692 1556 757 ἣν
1579 693 1791 757 Οἰνώνη.
1859 677 1988 782 φετᾰ

326 781 377 829 δὲ
410 759 679 844 Αἱγινήταῇ
711 778 985 831 Χαλκιδέες
1016 781 1104 831 τὰς
1134 777 1210 830 ἐπ’
1242 778 1539 847 Ἀρτεμισίῳ
1578 779 1736 829 εἴκοσι
1771 777 1985 844 παρεχό-

326 884 467 927 μενοι
498 862 576 913 καὶ
608 861 884 928 Ἐρετριέες
913 865 1002 916 τὰς
1034 862 1174 914 ἑπτά·
1222 863 1355 913 οὗτοι
1387 865 1440 914 δὲ
1462 861 1634 915 Ἴωνές
1674 864 1789 913 εἰσι.
1863 862 1989 926 μετὰ

327 949 380 998 δὲ
429 945 572 1010 Κήιοι
615 948 700 999 τὰς
746 946 894 999 αὐτὰς
939 948 1284 1014 παρεχόμενοι,
1319 946 1460 1000 ἔθνος
1504 946 1587 998 ἐὸν
1630 945 1847 997 Ἰωνικὸν
1891 943 1988 996 ἀπὸ

327 1030 595 1095 Ἀθηνέων.
670 1029 851 1095 Νάξιοι
875 1034 927 1082 δὲ
958 1032 1258 1099 παρείχοντο
1289 1030 1548 1096 τέσσερας,
1576 1028 1988 1096 ἀποπεμφθέντες

327 1118 419 1180 μὲν
456 1118 506 1168 ἐς
542 1115 653 1168 τοὺς
695 1114 894 1179 Μήδους
934 1115 1030 1168 ὑπὸ
1069 1122 1168 1167 τῶν
1208 1113 1504 1180 πολιητέων,
1540 1113 1662 1166 κατά
1700 1136 1792 1182 περ
1832 1115 1990 1165 ὧλλοι

328 1205 584 1264 νησιῶται,
625 1198 971 1266 ἀλογήσαντες
1009 1202 1062 1252 δὲ
1102 1205 1201 1252 τῶν
1238 1198 1482 1251 ἐντολέων
1527 1199 1737 1251 ἀπίκατο
1781 1200 1832 1251 ἐς
1875 1197 1988 1251 τοὺς

227 1801 292 1850 47

319 1283 580 1349 ’Έλληνας
600 1286 912 1351 Δημοκρίτου
932 1306 1263 1343 σπεύσαντος,
1289 1286 1465 1351 ἀνδρὸς
1482 1289 1580 1335 τῶν
1598 1284 1767 1335 ἀστῶν
1787 1283 1990 1347 δοκίμου

331 1369 409 1420 καὶ
431 1370 543 1421 τότε
566 1368 993 1436 τριηραρχέοντος·
1041 1366 1221 1431 Νάξιοι
1240 1367 1295 1420 δέ
1320 1370 1418 1420 εἶσι
1433 1367 1602 1422 Ἴωνες
1623 1367 1720 1419 ἀπὸ
1739 1365 1989 1431 Ἀθηνέων

329 1454 608 1520 γεγονότες.
681 1452 888 1520 Στυρέες
920 1455 972 1504 δὲ
1003 1455 1090 1506 τὰς
1121 1452 1271 1506 αὐτὰς
1303 1454 1599 1520 παρείχοντο
1637 1451 1752 1505 νέας
1787 1452 1874 1504 τὰς
1912 1451 1991 1501 καὶ

330 1537 407 1589 ἐπ’
440 1537 754 1606 Ἀρτεμισίῳ,
792 1538 996 1589 Κύθνιοι
1032 1539 1084 1589 δὲ
1119 1538 1238 1603 μίαν
1277 1538 1354 1589 καὶ
1390 1537 1792 1602 πεντηκόντερον,
1824 1531 1991 1588 ἐόντες

315 1623 703 1689 ,συναμφότεροι
740 1622 874 1673 οὗτοι
907 1622 1149 1688 Δρύοπες.
1233 1622 1311 1673 καὶ
1348 1622 1576 1688 Σερίφιοί
1597 1643 1650 1672 τε
1683 1621 1761 1672 καὶ
1791 1621 1990 1686 Σίφνιοι

332 1707 409 1758 καὶ
460 1706 648 1770 Μήλιοι
695 1706 1069 1773 ἐστρατεύοντο·
1131 1706 1268 1758 οὗτοι
1313 1708 1409 1773 γὰρ
1451 1705 1541 1756 ὀὐκ
1589 1706 1772 1757 ἔδοσαν
1817 1708 1991 1770 μοῦνοι

330 1789 616 1855 νησιωτέων
640 1795 705 1860 τῷ
730 1789 975 1860 βαρβάρῳ
994 1785 1094 1871 ῥιῆν
1117 1812 1170 1842 τε
1196 1791 1273 1842 καὶ
1296 1765 1466 1881 ὕδωρ)
1490 1789 1644 1840 οὗτοι
1665 1791 1756 1854 μὲν
1779 1787 1991 1840 ἅπαντες

331 1874 471 1928 ἐντὸς
494 1874 743 1939 οἰκημένοι
776 1878 1100 1941 Θεσπρωτῶν
1130 1876 1210 1926 καὶ
1233 1873 1528 1942 Ἀχέροντος
1562 1877 1781 1938 ποταμοῦ
1811 1874 1988 1936 ἐστρα-

331 1960 547 2011 τεύοντο·
603 1959 905 2025 Θεσπρωτοὶ
944 1958 1039 2025 γάρ
1081 1961 1181 2010 εἶσι
1213 1956 1543 2030 §11sz
1584 1956 1992 2027 Ἀμπρακιώτῃσι

334 2043 413 2094 κάὶ
445 2044 775 2101 Λευκαδίοισι,
804 2043 849 2094 οἲ
874 2041 933 2107 ἐξ
952 2042 1210 2110 ἐσχατέων
1235 2042 1439 2110 χωρέων
1463 2042 1833 2109 ἐστρατεύοντο.
1893 2044 1992 2091 τῶν

333 2131 386 2179 δὲ
432 2127 571 2180 ἐκτὸς
616 2128 803 2179 τούτων
848 2126 1122 2192 οἰκημένων
1171 2130 1506 2193 Κροτωνιῆται
1557 2131 1728 2191 μοῦνοι
1770 2124 1902 2189 ἦσαν
1945 2123 1992 2174 οἳ

334 2211 626 2277 ἐβοήθησαν
656 2219 716 2284 τῇ
745 2206 1340 2282 Ἑλλάδκκινδυνευούσῃ
1369 2218 1456 2283 μιῇ
1487 2199 1694 2274 νηίῆτῆς
1718 2208 1840 2277 ἧρχε
1869 2207 1992 2275 ἀνὴρ

335 2296 443 2363 τρὶς,
458 2297 744 2360 πυθιονίκης
763 2295 1015 2349 Φάῦλλος·
1066 2298 1403 2362 Κροτωνιῆται
1422 2297 1473 2346 δὲ
1494 2293 1638 2361 γένος
1659 2295 1757 2346 εἶσὶ
1777 2293 1991 2360 Ἀχαιοί.

394 2447 412 2472 1
445 2437 540 2483 νῆας
563 2434 601 2472 R
617 2411 697 2473 SV
809 2433 1099 2482 ἐπεβωήθησαν
1113 2432 1152 2471 R
1172 2447 1181 2472 ε
1205 2433 1469 2481 ἐπεβῶθησαν
1485 2431 1515 2471 S
1528 2431 1567 2470 V
1677 2445 1701 2470 2
1731 2430 1840 2472 οὗτοι
1856 2443 1936 2470 om.
1956 2430 1992 2469 B

334 2503 359 2538 3
389 2489 607 2542 τριήκοντα
626 2501 708 2528 om.
733 2488 767 2526 C
896 2501 921 2537 4
950 2487 1026 2538 μέν
1046 2505 1115 2528 νυν
1139 2487 1186 2526 Pl
1205 2487 1242 2525 R
1258 2488 1288 2527 S
1303 2487 1339 2525 V
1448 2489 1540 2535 νῆες
1563 2486 1602 2524 R
1617 2487 1647 2526 S
1661 2487 1699 2526 V
1831 2497 1856 2535 5
1885 2495 1994 2526 πλω·

337 2544 376 2582 R
396 2544 426 2582 S
441 2544 479 2583 V
713 2555 762 2581 10
805 2546 913 2582 Κεῖοι
947 2542 986 2579 Α
1003 2542 1038 2580 Β
1058 2543 1091 2580 C
1109 2542 1142 2580 P
1161 2558 1170 2582 :
1213 2545 1299 2582 Κῖοι
1337 2541 1374 2579 R
1395 2543 1425 2582 S
1443 2542 1479 2580 V
1640 2542 1707 2582 ἐὸν
1739 2554 1822 2580 om:
1855 2540 1894 2578 R
1912 2539 1996 2579 S'V

341 2612 385 2636 11
420 2596 618 2647 Ἀθηνέων
641 2597 675 2636 Ρ
693 2612 702 2637 :
732 2597 870 2639 -ναίων
890 2597 980 2636 rell.
1110 2596 1311 2648 τέσσαρας
1336 2597 1370 2634 C
1388 2596 1469 2635 PV
1656 2609 1705 2634 12
1733 2594 1934 2637 πολιτέων
1954 2594 1993 2632 R

336 2655 373 2693 οἱ
394 2654 512 2695 ἄλλοι
533 2652 572 2690 Α
586 2653 620 2691 Β
634 2653 668 2691 C
684 2653 717 2690 P
875 2665 923 2701 13
954 2652 1145 2692 ἀπίκοντο
1168 2652 1199 2690 Ρ
1215 2652 1254 2689 R
1270 2652 1299 2690 S
1313 2651 1349 2688 V
1510 2663 1555 2700 14
1586 2650 1839 2691 πλεύσαντος
1861 2650 1900 2687 R
1915 2649 1944 2688 S
1958 2648 1996 2687 V

342 2720 388 2756 15
419 2708 639 2756 Ἀθηναίων
661 2707 694 2744 L
824 2708 873 2744 16
903 2709 999 2754 νῆας
1023 2706 1061 2743 R
1077 2705 1158 2746 SV
1269 2705 1352 2757 καὶ]
1375 2723 1448 2757 περ
1470 2705 1508 2743 Α
1524 2706 1558 2743 Β
1573 2705 1606 2743 C
1621 2705 1654 2742 P
1769 2717 1814 2753 17
1848 2704 1994 2744 Κίνθιοι

339 2762 373 2799 Β
394 2777 403 2801 :
435 2762 590 2803 Κύνθιοι
612 2761 705 2800 rell.
821 2762 870 2798 18
896 2760 1200 2813 συναμφότερον
1216 2760 1249 2799 C
1333 2760 1489 2812 Σίφνιοί
1507 2776 1554 2800 τε
1577 2759 1615 2798 R
1630 2759 1666 2797 V
1775 2771 1828 2797 2ο
1847 2757 1996 2799 πάντες

343 2816 379 2852 R
395 2816 425 2854 S
441 2818 475 2854 V
607 2830 660 2854 22
691 2818 767 2856 εἶσι
789 2818 824 2855 οἱ
847 2815 885 2852 R
902 2815 982 2854 SV
1110 2828 1161 2864 23
1192 2816 1228 2855 οἳ
1250 2828 1331 2853 om.
1357 2815 1394 2851 R
1410 2814 1491 2852 SV
1614 2826 1666 2863 25
1697 2814 1908 2862 ἐβώθησαν
1931 2812 1993 2851 R:

341 2871 542 2919 ε’βόθησαν
562 2871 599 2908 V
728 2871 791 2917 νηὶ
813 2873 881 2922 μιῇ
906 2870 938 2907 P
955 2869 989 2906 R
1005 2870 1035 2907 S
1050 2869 1085 2906 V
1250 2872 1303 2907 26
1331 2868 1552 2909 πυθιόνικος
1577 2868 1614 2905 R
1630 2870 1660 2907 S
1673 2868 1710 2906 V
1841 2866 1995 2907 Φάῦλος

685 3016 712 3070 ,ᾗ
744 2994 1123 3055 ἐγγολνκπᾱίκὶιῑ

671 3103 866 3157 (νομί
894 3080 1082 3159 ζ’)’ῡτθρι
1104 3101 1269 3140 κμωρι
1291 3102 1296 3122 ·-
1320 3085 1428 3128 biw—
1464 3084 1566 3123 {v
1593 3086 1687 3124 We*

727 3175 755 3199 ὅ
776 3184 849 3230 “2¹5‘-
859 3180 919 3230 ᾖδ’-Ξ
932 3180 985 3204 ιδ,
1011 3184 1051 3198 ια.
1073 3166 1171 3202 7543}-
1200 3166 1265 3221 2:ss

2011 540 2033 581 5

2015 960 2064 988 10

2015 1381 2065 1422 15

2017 1808 2067 1836 20

2018 2227 2098 2267 25·
