2132 3340
57 81 142 134 Vl.
169 82 234 130 82
902 80 1330 129 ΗΡΟΔΟΤΟΎ

273 211 541 279 σαφηνέως
585 212 734 272 εἶπαι,
778 209 922 275 ἔλεξε
965 211 1007 263 δ’
1044 209 1112 263 ὧν
1157 210 1393 279 φάμενος,
1437 212 1600 264 ἐπείτε
1643 210 1706 275 δὴ
1745 209 1803 262 τὸ
1845 215 1937 265 τοῦ

264 295 455 363 Ἀργου
507 295 611 363 ἱρὸν
664 297 786 356 εἷλε,
831 294 1020 348 δοκέειν
1063 298 1110 348 οἱ
1156 294 1508 360 ἐξεληλυθέναι
1557 295 1644 348 τὸν
1687 299 1774 347 τοῦ
1817 299 1932 347 θεοῦ

273 381 520 450 χρησμόν·
581 380 703 448 πρὸς
743 378 811 433 ὧν
850 385 1002 432 ταῦτα
1039 380 1097 432 οὗ
1136 383 1356 432 δικαιοῦν
1396 383 1570 447 πειρᾶν
1609 383 1696 445 τῆς
1735 379 1928 439 πόλιος,

273 467 389 532 πρίν
417 487 475 533 γε
505 465 563 530 δὴ
596 468 748 533 ἱροῖσι
778 462 1028 532 χρήσηται
1065 463 1145 516 καὶ
1179 463 1327 537 μάθῃ,
1362 466 1459 517 εἴτε
1489 466 1535 516 οἱ
1566 464 1593 514 ὁ
1624 462 1735 518 θεὸς
1769 485 1926 531 παρα-

378 555 401 567 fl
467 551 489 569 9!
632 552 644 569 C
719 551 732 569 ἣ
880 549 895 566 Χ
989 549 1009 570 ΕΙ
1555 547 1567 567 Ι
1709 550 1725 567 Ν
1778 549 1792 567 9
1900 553 1924 565 ἢ

208 570 234 601 2
273 554 397 602 διδοι
442 571 539 602 ειτε
581 546 665 616 [οι]
710 552 939 614 εμποδων
984 569 1181 614 εστηκε·
1243 554 1635 618 καλλιερευμενῳ
1678 551 1732 600 δε
1770 568 1826 600 εν
1861 569 1978 618 τῳ5

271 633 460 703 “Ηραίῳ
499 634 552 685 ἐκ
587 638 672 685 τοῦ
709 633 996 700 ἀγάλματος
1035 638 1134 684 τῶν
1175 631 1402 698 στηθέων
1443 632 1617 700 φλόγα
1657 631 1807 704 πυρὸς
1849 633 1927 683 ἐκ-

269 717 486 785 λάμψαι,
518 721 695 783 μαθεῖν
724 720 778 769 δὲ
807 717 952 771 αὐτὸς
981 718 1106 769 οὕτω
1137 716 1228 782 τὴν
1259 717 1529 782 ἀτρεκείην,
1555 717 1631 768 ὅτι
1661 716 1748 768 οὐκ
1777 715 1931 782 αἱρέει

270 801 329 853 τὸ
362 801 563 869 Ἄργος·
625 803 667 854 εἰ
716 804 807 867 μὲν
856 803 950 868 γὰρ
997 803 1051 853 ἐκ
1092 804 1181 866 τῆς
1231 804 1456 869 κεφαλῆς
1505 805 1592 852 τοῦ
1644 799 1932 867 ἀγάλματος

271 884 543 953 ἐξέλαμψε,
577 883 761 952 αἱρέειν
788 884 849 937 ἂν
882 885 983 936 κατ’
1015 885 1165 952 ἄκρης
1194 884 1286 950 τὴν
1316 886 1481 945 πόλιν,
1509 886 1561 936 ἐκ
1584 890 1680 936 τῶν
1706 883 1931 948 στηθέων

1956 987 2006 1018 10

269 973 322 1022 δὲ
362 969 714 1037 ἐκλάμψαντος
754 973 853 1022 πᾶν
894 972 940 1021 οἱ
976 973 1281 1035 πεποιῆσθαι
1316 970 1441 1022 ὅσον
1478 970 1504 1020 ὁ
1534 968 1645 1022 θεὸς
1686 962 1930 1034 ἐβούλετο

268 1051 522 1121 γενέσθαι.
610 1058 764 1106 ταῦτα
815 1057 867 1106 δὲ
911 1051 1079 1121 λέγων
1122 1052 1279 1106 πιστά
1329 1075 1383 1106 τε
1428 1053 1507 1105 καὶ
1551 1053 1720 1105 οἰκότα
1763 1053 1931 1106 ἐδόκεε

269 1136 615 1211 Σπαρτιήτῃσι
642 1137 812 1206 λέγειν
845 1137 923 1190 καὶ
953 1137 1183 1206 ἀπέφυγε
1213 1137 1408 1191 πολλὸν
1438 1137 1551 1192 τοὺς
1582 1138 1865 1191 διώκοντας.

165 1229 231 1289 83
346 1221 532 1290 Ἀργος
568 1225 621 1275 δὲ
657 1223 847 1290 ἀνδρῶν
883 1223 1108 1290 ἐχηρώθη
1147 1224 1273 1275 οὕτω
1310 1222 1442 1274 ὥστε
1478 1223 1525 1274 οἱ
1560 1225 1729 1273 δοῦλοι
1767 1221 1929 1274 αὐτῶν

268 1306 427 1375 ἔσχον
456 1305 620 1359 πάντα
647 1309 708 1358 τὰ
738 1305 1002 1374 πρήγματα
1038 1306 1277 1375 ἄρχοντές
1307 1327 1362 1359 τε
1398 1305 1478 1358 καὶ
1513 1305 1780 1365 διέποντες,
1814 1306 1866 1360 ἐς
1901 1304 1928 1357 ὃ

269 1390 535 1456 ἐπήβησαν
566 1393 612 1444 οἱ
641 1396 740 1444 τῶν
770 1390 1096 1456 ἀπολομένων
1127 1395 1313 1445 παῖδες.
1401 1389 1567 1442 ἔπειτέ
1602 1397 1766 1458 σφεας
1796 1389 1930 1442 οὗτοι

0 1449 292 1503 mm„
1414 1476 1427 1493 s
1475 1473 1487 1493 t
1725 1475 1739 1494 ς
1887 1473 1903 1492 t

0 1496 230 1535 *soto-⁹·
268 1476 605 1541 ἀνακτώμενοι
627 1477 790 1528 ὀπίσω
815 1477 865 1536 ἐς
889 1475 1098 1535 ἑωυτοὺς
1121 1475 1179 1528 τὸ
1194 1475 1383 1542 Ἀργος
1406 1472 1669 1540 εξεβαλον·
1716 1472 1926 1539 εξωθευ-

200 1580 226 1612 2
264 1581 409 1625 μενοι
438 1562 492 1612 δε
523 1562 569 1612 οἱ
599 1563 767 1612 δοῦλοι
795 1558 933 1631 μάχῃ
965 1560 1123 1628 ἔσχον
1152 1560 1451 1646 Τίρυνθαχ
1465 1557 1588 1612 τέως
1617 1561 1710 1624 μὲν
1740 1557 1799 1624 δή
1832 1565 1929 1625 σφι

266 1643 328 1709 ἧν
351 1643 532 1711 ἄρθμια
554 1646 606 1698 ἐς
629 1642 898 1708 ἀλλήλους,
925 1643 1094 1696 ἔπειτα
1123 1646 1178 1696 δὲ
1208 1646 1260 1698 ἐς
1282 1642 1395 1698 τοὺς
1425 1643 1630 1697 δούλους
1659 1641 1783 1706 ἦλθε
1805 1641 1927 1708 ἀνὴρ

265 1727 442 1794 μάντις
467 1727 765 1795 Κλέανδρος,
792 1727 936 1795 γένος
962 1728 1056 1780 ἐὼν
1080 1727 1331 1795 Φιγαλεὺς
1361 1726 1444 1780 ἀπ’
1465 1727 1742 1793 Ἀρκαδίης·
1784 1726 1928 1780 οὗτος

265 1811 380 1867 τοὺς
399 1813 604 1866 δούλους
623 1811 879 1879 ἀνέγνωσε
899 1811 1160 1864 ἐπιθέσθαι
1177 1817 1313 1864 τοῖσι
1331 1811 1622 1883 δεσπότῃσι.
1683 1812 1737 1862 ἐκ
1753 1809 1930 1862 τούτου

266 1899 320 1949 δὲ
360 1897 580 1962 πόλεμός
621 1903 718 1964 σφι
757 1895 815 1961 ἣν
853 1896 935 1948 ἐπὶ
975 1896 1160 1965 χρόνον
1198 1896 1402 1965 συχνόν,
1443 1897 1493 1948 ἐς
1533 1894 1560 1946 ὃ
1601 1894 1659 1960 δὴ
1694 1894 1841 1963 μόγις
1880 1895 1927 1948 οἱ

265 1980 484 2048 Ἀργεῖοι
513 1979 873 2047 ἐπεκράτησαν.

161 2063 230 2125 84
348 2064 568 2132 Ἀργεῖοι
612 2063 705 2130 μέν
749 2086 836 2117 νυν
880 2066 959 2117 διὰ
1002 2069 1154 2116 ταῦτα
1202 2062 1490 2130 Κλεομένεά
1534 2070 1666 2131 φασι
1711 2061 1950 2130 μανένται

267 2148 549 2201 ἀπολέσθαι
590 2153 762 2208 κακῶς,
802 2149 942 2200 αὐτοὶ
982 2151 1035 2200 δὲ
1071 2149 1379 2214 Σπαρτιῆταί
1415 2153 1547 2214 φασι
1582 2149 1637 2199 ἐκ
1675 2146 1929 2213 δαιμονίου

265 2235 356 2298 μὲν
378 2232 575 2287 οὐδενὸς
606 2236 817 2298 μανῆναι
842 2231 1144 2298 Κλεομένεα,
1171 2232 1391 2303 Σκύθῃσι
1420 2234 1474 2283 δὲ
1503 2229 1815 2297 ὁμιλήσαντά
1843 2250 1927 2295 μιν

203 2333 229 2364 2
267 2317 610 2384 ἀκρητοπότην
639 2315 875 2383 γενέσθαι
907 2316 987 2368 καὶ
1017 2318 1071 2367 ἐκ
1101 2316 1277 2368 τούτου
1306 2318 1535 2381 μανῆναι.
1613 2315 1803 2367 Σκύθας
1832 2315 1928 2381 γὰρ

266 2401 379 2455 τοὺς
416 2399 648 2466 νομάδας,
681 2400 844 2452 ἐπείτε
881 2407 979 2468 σφι
1012 2405 1227 2466 Δαρεῖον
1259 2400 1503 2465 ἐμβαλεῖν
1535 2399 1585 2452 ἐς
1614 2397 1705 2463 τὴν
1739 2398 1923 2466 χώρην,

325 2550 343 2576 1
378 2538 566 2591 σαφηνέω
588 2538 627 2576 R
642 2538 678 2575 V
818 2538 903 2578 εἶπε
926 2537 959 2575 C
979 2551 988 2576 ε
1019 2538 1143 2578 εἰπεῖν
1164 2536 1196 2574 Ρ
1211 2536 1250 2575 R
1265 2536 1294 2575 S
1306 2535 1345 2573 V
1542 2548 1567 2574 2
1598 2533 1707 2576 εἷλον
1725 2533 1765 2573 Α
1779 2534 1814 2573 Β
1828 2534 1862 2573 C
1877 2532 1926 2572 P1

266 2606 292 2642 3
325 2592 474 2643 ταῦτα]
510 2593 563 2633 τὰ
593 2592 678 2632 SV
897 2604 922 2641 5
961 2593 999 2632 οἱ
1026 2604 1108 2630 om.
1136 2589 1225 2628 AB
1242 2589 1342 2629 CV¹
1565 2602 1588 2638 7
1623 2590 1764 2630 αὐτοὺς
1793 2587 1927 2628 RSV

268 2647 458 2698 ἀτρεκίην
469 2646 508 2685 Α
523 2647 558 2685 Β
645 2648 695 2687 ὡς
713 2645 745 2684 Ρ
760 2646 799 2684 R
815 2645 844 2684 S
857 2646 896 2684 V
997 2657 1106 2697 9—10
1126 2643 1169 2686 δὲ
1187 2643 1369 2693 στηθέων
1382 2643 1422 2683 Α
1436 2644 1470 2683 Β
1486 2643 1520 2683 C
1625 2656 1675 2683 10
1694 2643 1927 2694 λάμψαντος

268 2701 308 2739 Α
324 2701 358 2739 Β
374 2701 407 2739 C
562 2713 605 2740 11
638 2704 680 2741 δὲ
703 2713 784 2740 om.
808 2699 848 2738 A
862 2700 897 2738 B
914 2699 947 2739 C
1099 2712 1147 2737 12
1177 2698 1342 2751 διέφυγε
1362 2698 1403 2737 Α
1418 2699 1452 2737 Β
1468 2698 1502 2736 C
1652 2709 1700 2745 13
1733 2697 1927 2750 ἐχειρώθη

269 2755 303 2793 C
325 2755 365 2792 R
388 2755 418 2794 S
438 2755 478 2794 V
624 2754 775 2796 αὐτέων
812 2754 852 2792 R
872 2755 910 2793 V
1132 2766 1181 2802 14
1220 2753 1318 2805 ἔχον
1348 2753 1379 2792 S
1398 2752 1438 2792 V
1582 2764 1741 2792 veom.
1774 2750 1815 2788 A
1835 2750 1870 2789 B
1892 2750 1926 2789 C

1955 1407 2056 1450 15.

1954 1832 2005 1861 20

1953 2248 2000 2288 25

271 2820 318 2858 15
363 2809 571 2858 ἐπέβησαν
605 2809 639 2848 L
770 2808 905 2849 ἐπείτε
940 2808 980 2846 R
998 2808 1029 2848 S
1044 2808 1108 2847 V:
1150 2808 1289 2848 ἔπειτα
1321 2807 1361 2846 Α
1377 2807 1413 2845 Β
1432 2806 1465 2845 C
1483 2806 1517 2844 P
1627 2807 1730 2846 οὕτω
1756 2805 1796 2843 Α
1813 2804 1848 2842 Β
1866 2804 1899 2842 C
1916 2818 1925 2842 :
1958 2814 1961 2816 ’

269 2865 380 2904 αὐτοὶ
403 2863 443 2901 R
459 2864 541 2903 SV
653 2865 702 2902 16
732 2864 992 2916 ἐξωθεώμενοι
1015 2863 1054 2900 R
1069 2862 1151 2902 SV
1273 2863 1321 2900 18
1352 2862 1486 2902 ἐπείτε
1508 2860 1539 2900 S
1655 2873 1704 2910 19
1728 2859 1927 2911 Φιγασεὺς

267 2917 465 3020 ιέᾹσΞαξεὲ
485 2972 511 3011 d
575 2931 625 2957 21
658 2917 722 2970 δὲ]
744 2919 792 2967 δὴ
812 2915 902 3000 ΑΒ
920 2917 1000 2956 CP
1110 2918 1164 2956 26
1190 2917 1348 2965 ·πῶτην
1365 2915 1406 2954 Α
1420 2915 1456 2955 Β
1569 2927 1620 2965 27
1652 2916 1844 2962 ἐκβαλεῖν
1864 2912 1924 2951 C:
