<?xml version="1.0" encoding="UTF-8"?>
<!DOCTYPE html PUBLIC "-//W3C//DTD XHTML 1.0 Transitional//EN"
    "http://www.w3.org/TR/xhtml1/DTD/xhtml1-transitional.dtd">
<html xmlns="http://www.w3.org/1999/xhtml" xml:lang="en" lang="en">
 <head>
  <title>
</title>
<meta http-equiv="Content-Type" content="text/html;charset=utf-8" />
  <meta name='ocr-system' content='tesseract 3.04.00' />
  <meta name='ocr-capabilities' content='ocr_page ocr_carea ocr_par ocr_line ocrx_word'/>
</head>
<body>
  <div class='ocr_page' id='page_1' title='image "./herodotihistoria02herouoft_0033.png"; bbox 0 0 2034 3328; ppageno 0'>
   <div class='ocr_carea' id='block_1_1' title="bbox 694 85 1974 151">
    <p class='ocr_par' dir='ltr' id='par_1_1' title="bbox 694 85 1974 151">
     <span class='ocr_line' id='line_1_1' title="bbox 694 85 1974 151; baseline 0.005 -19"><span class='ocrx_word' id='word_1_1' title='bbox 694 85 1071 134; x_wconf 74' lang='grc' dir='ltr'>ιΣΤοιηαΝ</span> <span class='ocrx_word' id='word_1_2' title='bbox 1137 86 1176 133; x_wconf 86' lang='lat' dir='ltr'>E</span> <span class='ocrx_word' id='word_1_3' title='bbox 1823 89 1882 140; x_wconf 86' lang='lat' dir='ltr'>V.</span> <span class='ocrx_word' id='word_1_4' title='bbox 1902 91 1974 151; x_wconf 83' lang='lat'>46</span> 
     </span>
    </p>
   </div>
   <div class='ocr_carea' id='block_1_2' title="bbox 65 213 1886 963">
    <p class='ocr_par' dir='ltr' id='par_1_2' title="bbox 112 213 1886 539">
     <span class='ocr_line' id='line_1_2' title="bbox 112 213 1781 285; baseline 0 -15"><span class='ocrx_word' id='word_1_5' title='bbox 112 215 320 270; x_wconf 84' lang='grc' dir='ltr'>στάντες</span> <span class='ocrx_word' id='word_1_6' title='bbox 351 213 644 269; x_wconf 86' lang='grc' dir='ltr'>ἀπέκτειναν</span> <span class='ocrx_word' id='word_1_7' title='bbox 676 217 1029 284; x_wconf 82' lang='grc' dir='ltr'>καταφυγόντα</span> <span class='ocrx_word' id='word_1_8' title='bbox 1061 216 1143 269; x_wconf 81' lang='grc' dir='ltr'>ἐπὶ</span> <span class='ocrx_word' id='word_1_9' title='bbox 1175 215 1297 271; x_wconf 89' lang='grc' dir='ltr'>Διὸς</span> <span class='ocrx_word' id='word_1_10' title='bbox 1327 217 1562 285; x_wconf 83' lang='grc' dir='ltr'>ἀγοραίου</span> <span class='ocrx_word' id='word_1_11' title='bbox 1590 219 1781 283; x_wconf 85' lang='grc' dir='ltr'>βωμόν.</span> 
     </span>
     <span class='ocr_line' id='line_1_3' title="bbox 113 298 1886 367; baseline 0 -13"><span class='ocrx_word' id='word_1_12' title='bbox 113 299 391 354; x_wconf 85' lang='grc' dir='ltr'>συνέσπετο</span> <span class='ocrx_word' id='word_1_13' title='bbox 414 301 467 352; x_wconf 83' lang='grc' dir='ltr'>δὲ</span> <span class='ocrx_word' id='word_1_14' title='bbox 493 298 679 367; x_wconf 82' lang='grc' dir='ltr'>Δωριέῖ</span> <span class='ocrx_word' id='word_1_15' title='bbox 703 302 781 352; x_wconf 88' lang='grc' dir='ltr'>καὶ</span> <span class='ocrx_word' id='word_1_16' title='bbox 807 300 1119 354; x_wconf 86' lang='grc' dir='ltr'>συναπέθανε</span> <span class='ocrx_word' id='word_1_17' title='bbox 1143 302 1399 355; x_wconf 85' lang='grc' dir='ltr'>Φίλιππος</span> <span class='ocrx_word' id='word_1_18' title='bbox 1423 303 1450 352; x_wconf 89' lang='grc' dir='ltr'>ὁ</span> <span class='ocrx_word' id='word_1_19' title='bbox 1475 303 1784 354; x_wconf 87' lang='grc' dir='ltr'>Βουτακίδεω</span> <span class='ocrx_word' id='word_1_20' title='bbox 1822 309 1886 359; x_wconf 88' lang='grc'>47</span> 
     </span>
     <span class='ocr_line' id='line_1_4' title="bbox 113 382 1785 454; baseline -0.001 -15"><span class='ocrx_word' id='word_1_21' title='bbox 113 382 455 454; x_wconf 82' lang='grc' dir='ltr'>Κροτωνιήτης</span> <span class='ocrx_word' id='word_1_22' title='bbox 492 382 631 450; x_wconf 86' lang='grc' dir='ltr'>ἀνήρ,</span> <span class='ocrx_word' id='word_1_23' title='bbox 671 383 726 437; x_wconf 88' lang='grc' dir='ltr'>ὃς</span> <span class='ocrx_word' id='word_1_24' title='bbox 762 384 1108 451; x_wconf 80' lang='grc' dir='ltr'>ἁρμοσάμενος</span> <span class='ocrx_word' id='word_1_25' title='bbox 1142 384 1340 450; x_wconf 89' lang='grc' dir='ltr'>Τήλυος</span> <span class='ocrx_word' id='word_1_26' title='bbox 1374 390 1462 437; x_wconf 83' lang='grc' dir='ltr'>τοῦ</span> <span class='ocrx_word' id='word_1_27' title='bbox 1498 387 1785 453; x_wconf 83' lang='grc' dir='ltr'>Συβαρίτεω</span> 
     </span>
     <span class='ocr_line' id='line_1_5' title="bbox 113 468 1787 539; baseline 0 -17"><span class='ocrx_word' id='word_1_28' title='bbox 113 468 356 537; x_wconf 77' lang='grc' dir='ltr'>θυγατέρα</span> <span class='ocrx_word' id='word_1_29' title='bbox 385 468 542 536; x_wconf 87' lang='grc' dir='ltr'>ἔφυγε</span> <span class='ocrx_word' id='word_1_30' title='bbox 573 470 627 520; x_wconf 85' lang='grc' dir='ltr'>ἐκ</span> <span class='ocrx_word' id='word_1_31' title='bbox 650 469 928 536; x_wconf 90' lang='grc' dir='ltr'>Κρότωνος,</span> <span class='ocrx_word' id='word_1_32' title='bbox 953 469 1197 536; x_wconf 80' lang='grc' dir='ltr'>ψευσθεὶς</span> <span class='ocrx_word' id='word_1_33' title='bbox 1228 472 1280 521; x_wconf 82' lang='grc' dir='ltr'>δὲ</span> <span class='ocrx_word' id='word_1_34' title='bbox 1312 475 1398 521; x_wconf 86' lang='grc' dir='ltr'>τοῦ</span> <span class='ocrx_word' id='word_1_35' title='bbox 1428 470 1588 537; x_wconf 86' lang='grc' dir='ltr'>γάμου</span> <span class='ocrx_word' id='word_1_36' title='bbox 1619 472 1787 539; x_wconf 85' lang='grc' dir='ltr'>οἴχετο</span> 
     </span>
    </p>

    <p class='ocr_par' dir='ltr' id='par_1_3' title="bbox 65 551 1786 627">
     <span class='ocr_line' id='line_1_6' title="bbox 65 551 1786 627; baseline -0.001 -20"><span class='ocrx_word' id='word_1_37' title='bbox 65 574 86 615; x_wconf 84' lang='grc'>5</span> <span class='ocrx_word' id='word_1_38' title='bbox 112 553 280 607; x_wconf 88' lang='grc' dir='ltr'>πλέων</span> <span class='ocrx_word' id='word_1_39' title='bbox 303 554 353 607; x_wconf 82' lang='grc' dir='ltr'>ἐς</span> <span class='ocrx_word' id='word_1_40' title='bbox 377 551 622 619; x_wconf 88' lang='grc' dir='ltr'>Κυρήνην,</span> <span class='ocrx_word' id='word_1_41' title='bbox 650 554 704 604; x_wconf 84' lang='grc' dir='ltr'>ἐκ</span> <span class='ocrx_word' id='word_1_42' title='bbox 727 554 906 618; x_wconf 84' lang='grc' dir='ltr'>ταύτης</span> <span class='ocrx_word' id='word_1_43' title='bbox 930 556 983 605; x_wconf 80' lang='grc' dir='ltr'>δὲ</span> <span class='ocrx_word' id='word_1_44' title='bbox 1006 554 1290 620; x_wconf 84' lang='grc' dir='ltr'>ὁρμώμενος</span> <span class='ocrx_word' id='word_1_45' title='bbox 1322 553 1602 607; x_wconf 87' lang='grc' dir='ltr'>συνέσπετο</span> <span class='ocrx_word' id='word_1_46' title='bbox 1625 556 1786 627; x_wconf 79' lang='grc' dir='ltr'>οἰκηίῃ</span> 
     </span>
    </p>

    <p class='ocr_par' dir='ltr' id='par_1_4' title="bbox 111 635 1852 963">
     <span class='ocr_line' id='line_1_7' title="bbox 111 635 1788 710; baseline 0.001 -20"><span class='ocrx_word' id='word_1_47' title='bbox 111 660 166 691; x_wconf 93' lang='grc' dir='ltr'>τε</span> <span class='ocrx_word' id='word_1_48' title='bbox 195 635 380 706; x_wconf 82' lang='grc' dir='ltr'>τριήρεϊ</span> <span class='ocrx_word' id='word_1_49' title='bbox 417 638 495 689; x_wconf 89' lang='grc' dir='ltr'>καὶ</span> <span class='ocrx_word' id='word_1_50' title='bbox 527 638 688 709; x_wconf 82' lang='grc' dir='ltr'>οἰκηίῃ</span> <span class='ocrx_word' id='word_1_51' title='bbox 719 639 911 705; x_wconf 82' lang='grc' dir='ltr'>ἀνδρῶν</span> <span class='ocrx_word' id='word_1_52' title='bbox 942 636 1153 710; x_wconf 84' lang='grc' dir='ltr'>δαπάνῃ,</span> <span class='ocrx_word' id='word_1_53' title='bbox 1191 638 1285 690; x_wconf 86' lang='grc' dir='ltr'>ε’ών</span> <span class='ocrx_word' id='word_1_54' title='bbox 1315 660 1368 690; x_wconf 91' lang='grc' dir='ltr'>τε</span> <span class='ocrx_word' id='word_1_55' title='bbox 1398 638 1788 704; x_wconf 88' lang='grc' dir='ltr'>Ὀλυμπιονίκης</span> 
     </span>
     <span class='ocr_line' id='line_1_8' title="bbox 115 719 1852 786; baseline -0.001 -12"><span class='ocrx_word' id='word_1_56' title='bbox 115 722 194 775; x_wconf 87' lang='grc' dir='ltr'>καὶ</span> <span class='ocrx_word' id='word_1_57' title='bbox 224 720 496 775; x_wconf 87' lang='grc' dir='ltr'>κάλλιστος</span> <span class='ocrx_word' id='word_1_58' title='bbox 518 719 783 786; x_wconf 88' lang='grc' dir='ltr'>Ἑλλήνων</span> <span class='ocrx_word' id='word_1_59' title='bbox 805 728 904 774; x_wconf 83' lang='grc' dir='ltr'>τῶν</span> <span class='ocrx_word' id='word_1_60' title='bbox 930 722 1034 775; x_wconf 86' lang='grc' dir='ltr'>κατ’</span> <span class='ocrx_word' id='word_1_61' title='bbox 1060 723 1260 775; x_wconf 81' lang='grc' dir='ltr'>ἑωυτόν.</span> <span class='ocrx_word' id='word_1_62' title='bbox 1328 725 1410 775; x_wconf 83' lang='grc' dir='ltr'>διὰ</span> <span class='ocrx_word' id='word_1_63' title='bbox 1440 726 1493 775; x_wconf 84' lang='grc' dir='ltr'>δὲ</span> <span class='ocrx_word' id='word_1_64' title='bbox 1524 723 1582 775; x_wconf 87' lang='grc' dir='ltr'>τὸ</span> <span class='ocrx_word' id='word_1_65' title='bbox 1607 727 1787 776; x_wconf 86' lang='grc' dir='ltr'>ἑωυτοῦ</span> <span class='ocrx_word' id='word_1_66' title='bbox 1826 740 1852 773; x_wconf 87' lang='lat'><strong>2</strong></span> 
     </span>
     <span class='ocr_line' id='line_1_9' title="bbox 115 805 1788 874; baseline 0 -15"><span class='ocrx_word' id='word_1_67' title='bbox 115 806 298 861; x_wconf 90' lang='grc' dir='ltr'>κάλλος</span> <span class='ocrx_word' id='word_1_68' title='bbox 342 805 570 871; x_wconf 86' lang='grc' dir='ltr'>ἠνείκατο</span> <span class='ocrx_word' id='word_1_69' title='bbox 615 808 749 873; x_wconf 82' lang='grc' dir='ltr'>παρὰ</span> <span class='ocrx_word' id='word_1_70' title='bbox 794 805 1106 874; x_wconf 89' lang='grc' dir='ltr'>Ἐγεσταίων</span> <span class='ocrx_word' id='word_1_71' title='bbox 1151 808 1211 858; x_wconf 82' lang='grc' dir='ltr'>τὰ</span> <span class='ocrx_word' id='word_1_72' title='bbox 1263 807 1422 861; x_wconf 85' lang='grc' dir='ltr'>οὐδεὶς</span> <span class='ocrx_word' id='word_1_73' title='bbox 1470 807 1643 862; x_wconf 85' lang='grc' dir='ltr'>ἄλλος·</span> <span class='ocrx_word' id='word_1_74' title='bbox 1705 808 1788 860; x_wconf 85' lang='grc' dir='ltr'>ἐπὶ</span> 
     </span>
     <span class='ocr_line' id='line_1_10' title="bbox 114 889 1789 963; baseline 0.001 -21"><span class='ocrx_word' id='word_1_75' title='bbox 114 892 208 958; x_wconf 83' lang='grc' dir='ltr'>γὰρ</span> <span class='ocrx_word' id='word_1_76' title='bbox 254 894 340 943; x_wconf 85' lang='grc' dir='ltr'>τοῦ</span> <span class='ocrx_word' id='word_1_77' title='bbox 381 889 547 958; x_wconf 88' lang='grc' dir='ltr'>τάφου</span> <span class='ocrx_word' id='word_1_78' title='bbox 594 889 742 942; x_wconf 80' lang='grc' dir='ltr'>αὐτοῦ</span> <span class='ocrx_word' id='word_1_79' title='bbox 788 891 969 958; x_wconf 81' lang='grc' dir='ltr'>ἡρώιον</span> <span class='ocrx_word' id='word_1_80' title='bbox 1018 890 1336 959; x_wconf 83' lang='grc' dir='ltr'>ἱδρυσάμενοι</span> <span class='ocrx_word' id='word_1_81' title='bbox 1386 893 1591 963; x_wconf 87' lang='grc' dir='ltr'>θυσίῃσι</span> <span class='ocrx_word' id='word_1_82' title='bbox 1640 892 1789 944; x_wconf 84' lang='grc' dir='ltr'>αὐτὸν</span> 
     </span>
    </p>
   </div>
   <div class='ocr_carea' id='block_1_3' title="bbox 42 974 1892 1046">
    <p class='ocr_par' dir='ltr' id='par_1_5' title="bbox 42 974 1892 1046">
     <span class='ocr_line' id='line_1_11' title="bbox 42 974 1892 1046; baseline 0.001 -21"><span class='ocrx_word' id='word_1_83' title='bbox 42 996 90 1025; x_wconf 88' lang='grc' dir='ltr'>ιο</span> <span class='ocrx_word' id='word_1_84' title='bbox 114 974 425 1034; x_wconf 75' lang='grc' dir='ltr'>ἱλάσκονται.</span> <span class='ocrx_word' id='word_1_85' title='bbox 516 975 736 1042; x_wconf 85' lang='grc' dir='ltr'>Δωριεὺς</span> <span class='ocrx_word' id='word_1_86' title='bbox 775 974 868 1041; x_wconf 86' lang='grc' dir='ltr'>μέν</span> <span class='ocrx_word' id='word_1_87' title='bbox 903 997 992 1027; x_wconf 89' lang='grc' dir='ltr'>νυν</span> <span class='ocrx_word' id='word_1_88' title='bbox 1027 976 1192 1046; x_wconf 79' lang='grc' dir='ltr'>τρόπῳ</span> <span class='ocrx_word' id='word_1_89' title='bbox 1230 975 1435 1046; x_wconf 77' lang='grc' dir='ltr'>τοιούτῳ</span> <span class='ocrx_word' id='word_1_90' title='bbox 1471 976 1785 1041; x_wconf 84' lang='grc' dir='ltr'>ἐτελεύτησε·</span> <span class='ocrx_word' id='word_1_91' title='bbox 1825 987 1892 1046; x_wconf 91' lang='lat'>48</span> 
     </span>
    </p>
   </div>
   <div class='ocr_carea' id='block_1_4' title="bbox 113 1059 1789 1216">
    <p class='ocr_par' dir='ltr' id='par_1_6' title="bbox 113 1059 1789 1216">
     <span class='ocr_line' id='line_1_12' title="bbox 113 1059 1787 1128; baseline 0.001 -16"><span class='ocrx_word' id='word_1_92' title='bbox 113 1061 156 1112; x_wconf 82' lang='grc' dir='ltr'>εἷ</span> <span class='ocrx_word' id='word_1_93' title='bbox 185 1062 238 1112; x_wconf 79' lang='grc' dir='ltr'>δὲ</span> <span class='ocrx_word' id='word_1_94' title='bbox 268 1059 515 1128; x_wconf 87' lang='grc' dir='ltr'>ἠνέσχετο</span> <span class='ocrx_word' id='word_1_95' title='bbox 545 1060 946 1125; x_wconf 82' lang='grc' dir='ltr'>βασιλευόμενος</span> <span class='ocrx_word' id='word_1_96' title='bbox 977 1059 1072 1112; x_wconf 87' lang='grc' dir='ltr'>ὑπὸ</span> <span class='ocrx_word' id='word_1_97' title='bbox 1098 1059 1408 1126; x_wconf 89' lang='grc' dir='ltr'>Κλεομένεος</span> <span class='ocrx_word' id='word_1_98' title='bbox 1441 1062 1519 1113; x_wconf 89' lang='grc' dir='ltr'>καὶ</span> <span class='ocrx_word' id='word_1_99' title='bbox 1551 1060 1787 1126; x_wconf 87' lang='grc' dir='ltr'>κατέμενε</span> 
     </span>
     <span class='ocr_line' id='line_1_13' title="bbox 114 1142 1789 1216; baseline 0 -20"><span class='ocrx_word' id='word_1_100' title='bbox 114 1146 168 1196; x_wconf 82' lang='grc' dir='ltr'>ἐν</span> <span class='ocrx_word' id='word_1_101' title='bbox 186 1143 402 1216; x_wconf 85' lang='grc' dir='ltr'>Σπάρτῃ,</span> <span class='ocrx_word' id='word_1_102' title='bbox 428 1145 735 1209; x_wconf 82' lang='grc' dir='ltr'>ἐβασίλευσε</span> <span class='ocrx_word' id='word_1_103' title='bbox 760 1142 822 1196; x_wconf 81' lang='grc' dir='ltr'>ἂν</span> <span class='ocrx_word' id='word_1_104' title='bbox 842 1146 1224 1210; x_wconf 87' lang='grc' dir='ltr'>Λακεδαίμονος·</span> <span class='ocrx_word' id='word_1_105' title='bbox 1267 1144 1324 1195; x_wconf 87' lang='grc' dir='ltr'>οὐ</span> <span class='ocrx_word' id='word_1_106' title='bbox 1346 1144 1442 1211; x_wconf 90' lang='grc' dir='ltr'>γάρ</span> <span class='ocrx_word' id='word_1_107' title='bbox 1460 1166 1571 1197; x_wconf 91' lang='grc' dir='ltr'>τινα</span> <span class='ocrx_word' id='word_1_108' title='bbox 1594 1145 1789 1197; x_wconf 90' lang='grc' dir='ltr'>πολλὸν</span> 
     </span>
    </p>
   </div>
   <div class='ocr_carea' id='block_1_5' title="bbox 112 1226 2026 1297">
    <p class='ocr_par' dir='ltr' id='par_1_7' title="bbox 112 1226 2026 1297">
     <span class='ocr_line' id='line_1_14' title="bbox 112 1226 2026 1297; baseline -0.001 -17"><span class='ocrx_word' id='word_1_109' title='bbox 112 1228 295 1297; x_wconf 88' lang='grc' dir='ltr'>χρόνον</span> <span class='ocrx_word' id='word_1_110' title='bbox 339 1226 457 1295; x_wconf 77' lang='grc' dir='ltr'>ἦρξε</span> <span class='ocrx_word' id='word_1_111' title='bbox 501 1229 527 1278; x_wconf 90' lang='grc' dir='ltr'>ὁ</span> <span class='ocrx_word' id='word_1_112' title='bbox 571 1227 872 1294; x_wconf 86' lang='grc' dir='ltr'>Κλεομένης,</span> <span class='ocrx_word' id='word_1_113' title='bbox 916 1228 1031 1280; x_wconf 83' lang='grc' dir='ltr'>ἀλλ’</span> <span class='ocrx_word' id='word_1_114' title='bbox 1073 1227 1290 1281; x_wconf 87' lang='grc' dir='ltr'>ἀπέθανε</span> <span class='ocrx_word' id='word_1_115' title='bbox 1333 1228 1499 1296; x_wconf 62' lang='grc' dir='ltr'>ἄπ-ᾳις,</span> <span class='ocrx_word' id='word_1_116' title='bbox 1546 1228 1788 1297; x_wconf 81' lang='grc' dir='ltr'>θυγατέρα</span> <span class='ocrx_word' id='word_1_117' title='bbox 1817 1233 2026 1280; x_wconf 51' lang='lat' dir='ltr'>oenum</span> 
     </span>
    </p>
   </div>
   <div class='ocr_carea' id='block_1_6' title="bbox 111 1312 1127 1384">
    <p class='ocr_par' dir='ltr' id='par_1_8' title="bbox 111 1312 1127 1384">
     <span class='ocr_line' id='line_1_15' title="bbox 111 1312 1127 1384; baseline 0 -20"><span class='ocrx_word' id='word_1_118' title='bbox 111 1312 298 1378; x_wconf 89' lang='grc' dir='ltr'>μούνην</span> <span class='ocrx_word' id='word_1_119' title='bbox 327 1312 506 1372; x_wconf 87' lang='grc' dir='ltr'>λιπών,</span> <span class='ocrx_word' id='word_1_120' title='bbox 538 1319 599 1384; x_wconf 82' lang='grc' dir='ltr'>τῇ</span> <span class='ocrx_word' id='word_1_121' title='bbox 628 1313 815 1378; x_wconf 85' lang='grc' dir='ltr'>οὔνομα</span> <span class='ocrx_word' id='word_1_122' title='bbox 846 1312 905 1378; x_wconf 81' lang='grc' dir='ltr'>ἦν</span> <span class='ocrx_word' id='word_1_123' title='bbox 940 1314 1127 1380; x_wconf 90' lang='grc' dir='ltr'>Γοργώ.</span> 
     </span>
    </p>
   </div>
   <div class='ocr_carea' id='block_1_7' title="bbox 198 1395 1896 1465">
    <p class='ocr_par' dir='ltr' id='par_1_9' title="bbox 198 1395 1896 1465">
     <span class='ocr_line' id='line_1_16' title="bbox 198 1395 1896 1465; baseline 0.002 -17"><span class='ocrx_word' id='word_1_124' title='bbox 198 1395 513 1450; x_wconf 88' lang='grc' dir='ltr'>Ἀπικνέεται</span> <span class='ocrx_word' id='word_1_125' title='bbox 543 1396 583 1448; x_wconf 81' lang='grc' dir='ltr'>δ’</span> <span class='ocrx_word' id='word_1_126' title='bbox 608 1395 677 1448; x_wconf 70' lang='grc' dir='ltr'>ὧν</span> <span class='ocrx_word' id='word_1_127' title='bbox 707 1398 734 1447; x_wconf 91' lang='grc' dir='ltr'>ὁ</span> <span class='ocrx_word' id='word_1_128' title='bbox 756 1397 1119 1465; x_wconf 89' lang='grc' dir='ltr'>Ἀρισταγόρης</span> <span class='ocrx_word' id='word_1_129' title='bbox 1150 1399 1176 1448; x_wconf 89' lang='grc' dir='ltr'>ὁ</span> <span class='ocrx_word' id='word_1_130' title='bbox 1207 1396 1439 1463; x_wconf 86' lang='grc' dir='ltr'>Μιλήτου</span> <span class='ocrx_word' id='word_1_131' title='bbox 1469 1399 1707 1465; x_wconf 91' lang='grc' dir='ltr'>τύραννος</span> <span class='ocrx_word' id='word_1_132' title='bbox 1739 1400 1788 1452; x_wconf 86' lang='grc' dir='ltr'>ἐς</span> <span class='ocrx_word' id='word_1_133' title='bbox 1825 1417 1896 1465; x_wconf 83' lang='grc'>49</span> 
     </span>
    </p>
   </div>
   <div class='ocr_carea' id='block_1_8' title="bbox 113 1479 1852 1803">
    <p class='ocr_par' dir='ltr' id='par_1_10' title="bbox 113 1479 1852 1803">
     <span class='ocr_line' id='line_1_17' title="bbox 113 1479 1790 1553; baseline 0.002 -20"><span class='ocrx_word' id='word_1_134' title='bbox 113 1480 203 1546; x_wconf 80' lang='grc' dir='ltr'>τὴν</span> <span class='ocrx_word' id='word_1_135' title='bbox 222 1479 455 1548; x_wconf 87' lang='grc' dir='ltr'>Σπάρτην</span> <span class='ocrx_word' id='word_1_136' title='bbox 476 1480 786 1546; x_wconf 89' lang='grc' dir='ltr'>Κλεομένεος</span> <span class='ocrx_word' id='word_1_137' title='bbox 811 1481 1015 1550; x_wconf 86' lang='grc' dir='ltr'>ἔχοντος</span> <span class='ocrx_word' id='word_1_138' title='bbox 1039 1482 1128 1546; x_wconf 78' lang='grc' dir='ltr'>τὴν</span> <span class='ocrx_word' id='word_1_139' title='bbox 1148 1481 1326 1550; x_wconf 86' lang='grc' dir='ltr'>ἀρχήν·</span> <span class='ocrx_word' id='word_1_140' title='bbox 1369 1488 1436 1553; x_wconf 78' lang='grc' dir='ltr'>τῷ</span> <span class='ocrx_word' id='word_1_141' title='bbox 1456 1482 1513 1547; x_wconf 79' lang='grc' dir='ltr'>δὴ</span> <span class='ocrx_word' id='word_1_142' title='bbox 1536 1485 1585 1536; x_wconf 84' lang='grc' dir='ltr'>ἐς</span> <span class='ocrx_word' id='word_1_143' title='bbox 1609 1484 1790 1550; x_wconf 90' lang='grc' dir='ltr'>λόγους</span> 
     </span>
     <span class='ocr_line' id='line_1_18' title="bbox 113 1564 1789 1637; baseline 0.002 -21"><span class='ocrx_word' id='word_1_144' title='bbox 113 1564 207 1631; x_wconf 84' lang='grc' dir='ltr'>ἤιε,</span> <span class='ocrx_word' id='word_1_145' title='bbox 240 1565 305 1620; x_wconf 81' lang='grc' dir='ltr'>ὣς</span> <span class='ocrx_word' id='word_1_146' title='bbox 337 1566 717 1631; x_wconf 88' lang='grc' dir='ltr'>Λακεδαιμόνιοι</span> <span class='ocrx_word' id='word_1_147' title='bbox 746 1565 973 1633; x_wconf 88' lang='grc' dir='ltr'>λέγουσι,</span> <span class='ocrx_word' id='word_1_148' title='bbox 1008 1566 1140 1634; x_wconf 82' lang='grc' dir='ltr'>ἔχων</span> <span class='ocrx_word' id='word_1_149' title='bbox 1169 1566 1388 1636; x_wconf 83' lang='grc' dir='ltr'>χάλκεον</span> <span class='ocrx_word' id='word_1_150' title='bbox 1419 1568 1602 1619; x_wconf 87' lang='grc' dir='ltr'>πίνακα</span> <span class='ocrx_word' id='word_1_151' title='bbox 1637 1569 1690 1620; x_wconf 87' lang='grc' dir='ltr'>ἐν</span> <span class='ocrx_word' id='word_1_152' title='bbox 1720 1573 1789 1637; x_wconf 80' lang='grc' dir='ltr'>τῷ</span> 
     </span>
     <span class='ocr_line' id='line_1_19' title="bbox 115 1648 1790 1718; baseline 0.001 -17"><span class='ocrx_word' id='word_1_153' title='bbox 115 1652 206 1718; x_wconf 90' lang='grc' dir='ltr'>γῆς</span> <span class='ocrx_word' id='word_1_154' title='bbox 236 1648 436 1715; x_wconf 85' lang='grc' dir='ltr'>ἀπάσης</span> <span class='ocrx_word' id='word_1_155' title='bbox 466 1651 692 1717; x_wconf 87' lang='grc' dir='ltr'>περίοδος</span> <span class='ocrx_word' id='word_1_156' title='bbox 730 1650 1021 1716; x_wconf 83' lang='grc' dir='ltr'>ἐνετέτμητο</span> <span class='ocrx_word' id='word_1_157' title='bbox 1061 1651 1140 1703; x_wconf 86' lang='grc' dir='ltr'>καὶ</span> <span class='ocrx_word' id='word_1_158' title='bbox 1178 1650 1420 1703; x_wconf 90' lang='grc' dir='ltr'>θάλασσά</span> <span class='ocrx_word' id='word_1_159' title='bbox 1448 1673 1502 1703; x_wconf 91' lang='grc' dir='ltr'>τε</span> <span class='ocrx_word' id='word_1_160' title='bbox 1530 1655 1671 1704; x_wconf 80' lang='grc' dir='ltr'>πᾶσα</span> <span class='ocrx_word' id='word_1_161' title='bbox 1711 1652 1790 1703; x_wconf 90' lang='grc' dir='ltr'>καὶ</span> 
     </span>
     <span class='ocr_line' id='line_1_20' title="bbox 115 1733 1852 1803; baseline 0.003 -17"><span class='ocrx_word' id='word_1_162' title='bbox 115 1734 329 1800; x_wconf 87' lang='grc' dir='ltr'>ποταμοὶ</span> <span class='ocrx_word' id='word_1_163' title='bbox 351 1733 548 1800; x_wconf 88' lang='grc' dir='ltr'>πάντες.</span> <span class='ocrx_word' id='word_1_164' title='bbox 628 1735 981 1800; x_wconf 82' lang='grc' dir='ltr'>ἀπικνεόμενος</span> <span class='ocrx_word' id='word_1_165' title='bbox 1011 1738 1065 1787; x_wconf 81' lang='grc' dir='ltr'>δὲ</span> <span class='ocrx_word' id='word_1_166' title='bbox 1091 1737 1140 1789; x_wconf 85' lang='grc' dir='ltr'>ἐς</span> <span class='ocrx_word' id='word_1_167' title='bbox 1161 1737 1345 1803; x_wconf 71' lang='grc' dir='ltr'>λόγους</span> <span class='ocrx_word' id='word_1_168' title='bbox 1375 1737 1402 1786; x_wconf 90' lang='grc' dir='ltr'>ὁ</span> <span class='ocrx_word' id='word_1_169' title='bbox 1424 1735 1789 1803; x_wconf 89' lang='grc' dir='ltr'>Ἀρισταγόρης</span> <span class='ocrx_word' id='word_1_170' title='bbox 1827 1759 1852 1791; x_wconf 88' lang='lat'><strong>2</strong></span> 
     </span>
    </p>
   </div>
   <div class='ocr_carea' id='block_1_9' title="bbox 40 1817 1861 1918">
    <p class='ocr_par' dir='ltr' id='par_1_11' title="bbox 40 1817 1861 1918">
     <span class='ocr_line' id='line_1_21' title="bbox 40 1817 1861 1918; baseline -0.001 -45"><span class='ocrx_word' id='word_1_171' title='bbox 40 1845 90 1873; x_wconf 92' lang='lat'>20</span> <span class='ocrx_word' id='word_1_172' title='bbox 114 1818 261 1886; x_wconf 86' lang='grc' dir='ltr'>ἔλεγε</span> <span class='ocrx_word' id='word_1_173' title='bbox 296 1817 418 1886; x_wconf 86' lang='grc' dir='ltr'>πρὸς</span> <span class='ocrx_word' id='word_1_174' title='bbox 454 1818 604 1871; x_wconf 84' lang='grc' dir='ltr'>αὐτὸν</span> <span class='ocrx_word' id='word_1_175' title='bbox 637 1819 769 1871; x_wconf 88' lang='grc' dir='ltr'>τάδε·</span> <span class='ocrx_word' id='word_1_176' title='bbox 804 1817 1377 1891; x_wconf 39' lang='grc' dir='ltr'>’Κλεόμενεςγσπουδὴν</span> <span class='ocrx_word' id='word_1_177' title='bbox 1410 1823 1502 1885; x_wconf 81' lang='grc' dir='ltr'>μὲν</span> <span class='ocrx_word' id='word_1_178' title='bbox 1537 1819 1629 1884; x_wconf 81' lang='grc' dir='ltr'>τὴν</span> <span class='ocrx_word' id='word_1_179' title='bbox 1666 1820 1861 1918; x_wconf 54' lang='grc' dir='ltr'>ε’μὴνωΝι</span> 
     </span>
    </p>
   </div>
   <div class='ocr_carea' id='block_1_10' title="bbox 1910 1881 2034 1912">
    <p class='ocr_par' dir='ltr' id='par_1_12' title="bbox 1910 1881 2034 1912">
     <span class='ocr_line' id='line_1_22' title="bbox 1910 1881 2034 1912; baseline -0.016 0"><span class='ocrx_word' id='word_1_180' title='bbox 1910 1881 2034 1912; x_wconf 61' lang='lat' dir='ltr'><strong><em>m</em></strong></span> 
     </span>
    </p>
   </div>
   <div class='ocr_carea' id='block_1_11' title="bbox 112 1884 2034 1988">
    <p class='ocr_par' dir='ltr' id='par_1_13' title="bbox 112 1884 2034 1988">
     <span class='ocr_line' id='line_1_23' title="bbox 112 1884 2034 1988; baseline 0.002 -35"><span class='ocrx_word' id='word_1_181' title='bbox 112 1901 178 1967; x_wconf 76' lang='grc' dir='ltr'>μὴ</span> <span class='ocrx_word' id='word_1_182' title='bbox 219 1902 457 1975; x_wconf 84' lang='grc' dir='ltr'>θωμάσῃς</span> <span class='ocrx_word' id='word_1_183' title='bbox 496 1906 584 1968; x_wconf 88' lang='grc' dir='ltr'>τῆς</span> <span class='ocrx_word' id='word_1_184' title='bbox 622 1904 832 1955; x_wconf 81' lang='grc' dir='ltr'>ἐνθαῦτα</span> <span class='ocrx_word' id='word_1_185' title='bbox 869 1903 1081 1970; x_wconf 80' lang='grc' dir='ltr'>ἀπίξιος·</span> <span class='ocrx_word' id='word_1_186' title='bbox 1128 1905 1190 1955; x_wconf 81' lang='grc' dir='ltr'>τὰ</span> <span class='ocrx_word' id='word_1_187' title='bbox 1229 1906 1325 1973; x_wconf 67' lang='grc' dir='ltr'>γὰρ</span> <span class='ocrx_word' id='word_1_188' title='bbox 1360 1903 1638 1969; x_wconf 88' lang='grc' dir='ltr'>κατήκοντά</span> <span class='ocrx_word' id='word_1_189' title='bbox 1680 1884 2034 1988; x_wconf 40' lang='grc' dir='ltr'>ἐστιμυξιιμῃ</span> 
     </span>
    </p>
   </div>
   <div class='ocr_carea' id='block_1_12' title="bbox 40 1986 1852 2647">
    <p class='ocr_par' dir='ltr' id='par_1_14' title="bbox 40 1986 1852 2647">
     <span class='ocr_line' id='line_1_24' title="bbox 113 1986 1790 2056; baseline 0.002 -18"><span class='ocrx_word' id='word_1_190' title='bbox 113 1991 328 2039; x_wconf 81' lang='grc' dir='ltr'>τοιαῦτα·</span> <span class='ocrx_word' id='word_1_191' title='bbox 374 1986 558 2040; x_wconf 84' lang='grc' dir='ltr'>Ἰώνων</span> <span class='ocrx_word' id='word_1_192' title='bbox 581 1991 758 2041; x_wconf 82' lang='grc' dir='ltr'>παῖδας</span> <span class='ocrx_word' id='word_1_193' title='bbox 782 1988 987 2042; x_wconf 88' lang='grc' dir='ltr'>δούλους</span> <span class='ocrx_word' id='word_1_194' title='bbox 1011 1988 1137 2041; x_wconf 73' lang='grc' dir='ltr'>εἶναι</span> <span class='ocrx_word' id='word_1_195' title='bbox 1166 1988 1272 2041; x_wconf 81' lang='grc' dir='ltr'>ἀντ’</span> <span class='ocrx_word' id='word_1_196' title='bbox 1297 1987 1570 2056; x_wconf 86' lang='grc' dir='ltr'>ἐλευθέρων</span> <span class='ocrx_word' id='word_1_197' title='bbox 1601 1991 1790 2043; x_wconf 86' lang='grc' dir='ltr'>ὄνειδος</span> 
     </span>
     <span class='ocr_line' id='line_1_25' title="bbox 114 2070 1790 2139; baseline 0.002 -17"><span class='ocrx_word' id='word_1_198' title='bbox 114 2071 193 2123; x_wconf 90' lang='grc' dir='ltr'>καὶ</span> <span class='ocrx_word' id='word_1_199' title='bbox 232 2070 388 2139; x_wconf 84' lang='grc' dir='ltr'>ἄλγος</span> <span class='ocrx_word' id='word_1_200' title='bbox 429 2071 671 2138; x_wconf 88' lang='grc' dir='ltr'>μέγιστον</span> <span class='ocrx_word' id='word_1_201' title='bbox 710 2075 803 2138; x_wconf 80' lang='grc' dir='ltr'>μὲν</span> <span class='ocrx_word' id='word_1_202' title='bbox 842 2072 1039 2125; x_wconf 82' lang='grc' dir='ltr'>αὐτοῖσι</span> <span class='ocrx_word' id='word_1_203' title='bbox 1076 2073 1209 2138; x_wconf 86' lang='grc' dir='ltr'>ἡμῖν,</span> <span class='ocrx_word' id='word_1_204' title='bbox 1253 2074 1325 2125; x_wconf 83' lang='grc' dir='ltr'>ἔτι</span> <span class='ocrx_word' id='word_1_205' title='bbox 1366 2076 1420 2126; x_wconf 78' lang='grc' dir='ltr'>δὲ</span> <span class='ocrx_word' id='word_1_206' title='bbox 1461 2079 1558 2125; x_wconf 85' lang='grc' dir='ltr'>τῶν</span> <span class='ocrx_word' id='word_1_207' title='bbox 1597 2079 1790 2126; x_wconf 85' lang='grc' dir='ltr'>λοιπῶν</span> 
     </span>
     <span class='ocr_line' id='line_1_26' title="bbox 112 2154 1852 2226; baseline 0.002 -20"><span class='ocrx_word' id='word_1_208' title='bbox 112 2155 240 2220; x_wconf 84' lang='grc' dir='ltr'>ὑμῖν,</span> <span class='ocrx_word' id='word_1_209' title='bbox 272 2157 376 2226; x_wconf 79' lang='grc' dir='ltr'>ὅσῳ</span> <span class='ocrx_word' id='word_1_210' title='bbox 408 2155 687 2223; x_wconf 89' lang='grc' dir='ltr'>προέστατε</span> <span class='ocrx_word' id='word_1_211' title='bbox 715 2160 803 2221; x_wconf 89' lang='grc' dir='ltr'>τῆς</span> <span class='ocrx_word' id='word_1_212' title='bbox 825 2155 1090 2211; x_wconf 85' lang='grc' dir='ltr'>Ἑλλάδος.</span> <span class='ocrx_word' id='word_1_213' title='bbox 1166 2162 1253 2209; x_wconf 82' lang='grc' dir='ltr'>νῦν</span> <span class='ocrx_word' id='word_1_214' title='bbox 1282 2154 1350 2210; x_wconf 69' lang='grc' dir='ltr'>ὧν</span> <span class='ocrx_word' id='word_1_215' title='bbox 1382 2162 1503 2224; x_wconf 86' lang='grc' dir='ltr'>πρὸς</span> <span class='ocrx_word' id='word_1_216' title='bbox 1535 2162 1660 2210; x_wconf 82' lang='grc' dir='ltr'>θεῶν</span> <span class='ocrx_word' id='word_1_217' title='bbox 1690 2162 1788 2210; x_wconf 87' lang='grc' dir='ltr'>τῶν</span> <span class='ocrx_word' id='word_1_218' title='bbox 1827 2171 1852 2214; x_wconf 89' lang='grc'>3</span> 
     </span>
     <span class='ocr_line' id='line_1_27' title="bbox 40 2237 1785 2309; baseline 0.001 -17"><span class='ocrx_word' id='word_1_219' title='bbox 40 2264 86 2304; x_wconf 79' lang='lat'>25</span> <span class='ocrx_word' id='word_1_220' title='bbox 112 2237 394 2305; x_wconf 86' lang='grc' dir='ltr'>Ἑλληνίων</span> <span class='ocrx_word' id='word_1_221' title='bbox 420 2242 645 2307; x_wconf 88' lang='grc' dir='ltr'>ῥύσασθε</span> <span class='ocrx_word' id='word_1_222' title='bbox 662 2239 840 2294; x_wconf 77' lang='grc' dir='ltr'>Ἴωνας</span> <span class='ocrx_word' id='word_1_223' title='bbox 865 2244 918 2294; x_wconf 85' lang='grc' dir='ltr'>ἐκ</span> <span class='ocrx_word' id='word_1_224' title='bbox 942 2242 1264 2307; x_wconf 87' lang='grc' dir='ltr'>δουλοσύνης,</span> <span class='ocrx_word' id='word_1_225' title='bbox 1289 2241 1469 2309; x_wconf 86' lang='grc' dir='ltr'>ἄνδρας</span> <span class='ocrx_word' id='word_1_226' title='bbox 1500 2243 1785 2308; x_wconf 88' lang='grc' dir='ltr'>ὁμαίμονας.</span> 
     </span>
     <span class='ocr_line' id='line_1_28' title="bbox 114 2323 1787 2394; baseline 0.001 -18"><span class='ocrx_word' id='word_1_227' title='bbox 114 2323 356 2377; x_wconf 82' lang='grc' dir='ltr'>εὐπετέως</span> <span class='ocrx_word' id='word_1_228' title='bbox 396 2327 449 2377; x_wconf 82' lang='grc' dir='ltr'>δὲ</span> <span class='ocrx_word' id='word_1_229' title='bbox 489 2327 605 2390; x_wconf 85' lang='grc' dir='ltr'>ὑμῖν</span> <span class='ocrx_word' id='word_1_230' title='bbox 640 2329 793 2377; x_wconf 84' lang='grc' dir='ltr'>ταῦτα</span> <span class='ocrx_word' id='word_1_231' title='bbox 833 2325 914 2377; x_wconf 74' lang='grc' dir='ltr'>οἶά</span> <span class='ocrx_word' id='word_1_232' title='bbox 955 2347 1009 2378; x_wconf 92' lang='grc' dir='ltr'>τε</span> <span class='ocrx_word' id='word_1_233' title='bbox 1048 2325 1256 2394; x_wconf 85' lang='grc' dir='ltr'>χωρέειν</span> <span class='ocrx_word' id='word_1_234' title='bbox 1291 2328 1415 2378; x_wconf 80' lang='grc' dir='ltr'>ἐστί·</span> <span class='ocrx_word' id='word_1_235' title='bbox 1463 2327 1575 2378; x_wconf 82' lang='grc' dir='ltr'>οὔτε</span> <span class='ocrx_word' id='word_1_236' title='bbox 1611 2348 1705 2393; x_wconf 91' lang='grc' dir='ltr'>γαρ</span> <span class='ocrx_word' id='word_1_237' title='bbox 1740 2329 1787 2378; x_wconf 85' lang='grc' dir='ltr'>οἱ</span> 
     </span>
     <span class='ocr_line' id='line_1_29' title="bbox 113 2407 1787 2476; baseline 0.002 -17"><span class='ocrx_word' id='word_1_238' title='bbox 113 2407 368 2476; x_wconf 91' lang='grc' dir='ltr'>βάρβαροι</span> <span class='ocrx_word' id='word_1_239' title='bbox 403 2407 609 2474; x_wconf 87' lang='grc' dir='ltr'>ἄλκιμοί</span> <span class='ocrx_word' id='word_1_240' title='bbox 642 2411 758 2469; x_wconf 86' lang='grc' dir='ltr'>εἶσι,</span> <span class='ocrx_word' id='word_1_241' title='bbox 795 2411 933 2475; x_wconf 84' lang='grc' dir='ltr'>ὑμεῖς</span> <span class='ocrx_word' id='word_1_242' title='bbox 967 2432 1022 2462; x_wconf 92' lang='grc' dir='ltr'>τε</span> <span class='ocrx_word' id='word_1_243' title='bbox 1060 2412 1124 2463; x_wconf 83' lang='grc' dir='ltr'>τὰ</span> <span class='ocrx_word' id='word_1_244' title='bbox 1165 2413 1217 2464; x_wconf 81' lang='grc' dir='ltr'>ἐς</span> <span class='ocrx_word' id='word_1_245' title='bbox 1254 2410 1342 2462; x_wconf 86' lang='grc' dir='ltr'>τὸν</span> <span class='ocrx_word' id='word_1_246' title='bbox 1379 2411 1601 2476; x_wconf 90' lang='grc' dir='ltr'>πόλεμον</span> <span class='ocrx_word' id='word_1_247' title='bbox 1639 2413 1689 2463; x_wconf 83' lang='grc' dir='ltr'>ἐς</span> <span class='ocrx_word' id='word_1_248' title='bbox 1724 2413 1787 2462; x_wconf 80' lang='grc' dir='ltr'>τὰ</span> 
     </span>
     <span class='ocr_line' id='line_1_30' title="bbox 113 2491 1783 2564; baseline 0.001 -21"><span class='ocrx_word' id='word_1_249' title='bbox 113 2491 328 2558; x_wconf 87' lang='grc' dir='ltr'>μέγιστα</span> <span class='ocrx_word' id='word_1_250' title='bbox 357 2491 561 2557; x_wconf 88' lang='grc' dir='ltr'>ἀνήκετε</span> <span class='ocrx_word' id='word_1_251' title='bbox 592 2494 767 2561; x_wconf 85' lang='grc' dir='ltr'>ἀρετῆς</span> <span class='ocrx_word' id='word_1_252' title='bbox 790 2493 917 2561; x_wconf 88' lang='grc' dir='ltr'>πέρι.</span> <span class='ocrx_word' id='word_1_253' title='bbox 983 2495 1016 2559; x_wconf 89' lang='grc' dir='ltr'>ἥ</span> <span class='ocrx_word' id='word_1_254' title='bbox 1039 2516 1094 2547; x_wconf 92' lang='grc' dir='ltr'>τε</span> <span class='ocrx_word' id='word_1_255' title='bbox 1123 2494 1259 2564; x_wconf 91' lang='grc' dir='ltr'>μάχη</span> <span class='ocrx_word' id='word_1_256' title='bbox 1285 2494 1445 2546; x_wconf 82' lang='grc' dir='ltr'>αὐτῶν</span> <span class='ocrx_word' id='word_1_257' title='bbox 1470 2497 1580 2546; x_wconf 91' lang='grc' dir='ltr'>ε’στι</span> <span class='ocrx_word' id='word_1_258' title='bbox 1602 2493 1783 2559; x_wconf 86' lang='grc' dir='ltr'>τοιήδε,</span> 
     </span>
     <span class='ocr_line' id='line_1_31' title="bbox 113 2573 1788 2647; baseline 0.003 -20"><span class='ocrx_word' id='word_1_259' title='bbox 113 2573 235 2640; x_wconf 78' lang='grc' dir='ltr'>τόξα</span> <span class='ocrx_word' id='word_1_260' title='bbox 266 2578 346 2629; x_wconf 90' lang='grc' dir='ltr'>καὶ</span> <span class='ocrx_word' id='word_1_261' title='bbox 375 2576 529 2645; x_wconf 78' lang='grc' dir='ltr'>αἰχμὴ</span> <span class='ocrx_word' id='word_1_262' title='bbox 559 2576 777 2644; x_wconf 56' lang='grc' dir='ltr'>βραχέα*</span> <span class='ocrx_word' id='word_1_263' title='bbox 823 2577 1117 2644; x_wconf 76' lang='grc' dir='ltr'>ἀναξυρίδας</span> <span class='ocrx_word' id='word_1_264' title='bbox 1148 2581 1201 2630; x_wconf 82' lang='grc' dir='ltr'>δὲ</span> <span class='ocrx_word' id='word_1_265' title='bbox 1233 2578 1437 2645; x_wconf 88' lang='grc' dir='ltr'>ἔχοντες</span> <span class='ocrx_word' id='word_1_266' title='bbox 1475 2579 1708 2647; x_wconf 87' lang='grc' dir='ltr'>ἔρχονται</span> <span class='ocrx_word' id='word_1_267' title='bbox 1736 2581 1788 2632; x_wconf 84' lang='grc' dir='ltr'>ἐς</span> 
     </span>
    </p>
   </div>
   <div class='ocr_carea' id='block_1_13' title="bbox 39 2659 2034 2734">
    <p class='ocr_par' dir='ltr' id='par_1_15' title="bbox 39 2659 2034 2734">
     <span class='ocr_line' id='line_1_32' title="bbox 39 2659 2034 2734; baseline 0.004 -24"><span class='ocrx_word' id='word_1_268' title='bbox 39 2685 91 2725; x_wconf 77' lang='lat'>30</span> <span class='ocrx_word' id='word_1_269' title='bbox 113 2660 201 2714; x_wconf 76' lang='grc' dir='ltr'>τὰς</span> <span class='ocrx_word' id='word_1_270' title='bbox 227 2659 393 2729; x_wconf 90' lang='grc' dir='ltr'>μάχας</span> <span class='ocrx_word' id='word_1_271' title='bbox 418 2662 497 2713; x_wconf 87' lang='grc' dir='ltr'>καὶ</span> <span class='ocrx_word' id='word_1_272' title='bbox 523 2662 801 2734; x_wconf 57' lang='grc' dir='ltr'>κυρβασίας</span> <span class='ocrx_word' id='word_1_273' title='bbox 825 2662 907 2713; x_wconf 84' lang='grc' dir='ltr'>ἐπὶ</span> <span class='ocrx_word' id='word_1_274' title='bbox 930 2669 1047 2734; x_wconf 81' lang='grc' dir='ltr'>τῇσι</span> <span class='ocrx_word' id='word_1_275' title='bbox 1071 2663 1342 2733; x_wconf 81' lang='grc' dir='ltr'>κεφαλῇσι.</span> <span class='ocrx_word' id='word_1_276' title='bbox 1409 2663 1535 2715; x_wconf 81' lang='grc' dir='ltr'>οὕτω</span> <span class='ocrx_word' id='word_1_277' title='bbox 1562 2661 1789 2716; x_wconf 82' lang='grc' dir='ltr'>εὐπετέες</span> <span class='ocrx_word' id='word_1_278' title='bbox 1823 2677 1855 2720; x_wconf 94' lang='grc'>4</span> <span class='ocrx_word' id='word_1_279' title='bbox 1875 2660 2034 2722; x_wconf 60' lang='grc' dir='ltr'>(πηνα</span> 
     </span>
    </p>
   </div>
   <div class='ocr_carea' id='block_1_14' title="bbox 116 2796 1788 3016">
    <p class='ocr_par' dir='ltr' id='par_1_16' title="bbox 116 2796 1788 3016">
     <span class='ocr_line' id='line_1_33' title="bbox 168 2796 1787 2853; baseline 0.003 -17"><span class='ocrx_word' id='word_1_280' title='bbox 168 2810 193 2836; x_wconf 83' lang='lat'>2</span> <span class='ocrx_word' id='word_1_281' title='bbox 224 2796 419 2841; x_wconf 82' lang='grc' dir='ltr'>συνέπετο</span> <span class='ocrx_word' id='word_1_282' title='bbox 442 2798 472 2838; x_wconf 87' lang='lat' dir='ltr'>S</span> <span class='ocrx_word' id='word_1_283' title='bbox 486 2798 524 2837; x_wconf 97' lang='lat' dir='ltr'>V</span> <span class='ocrx_word' id='word_1_284' title='bbox 547 2797 611 2850; x_wconf 84' lang='lat' dir='ltr'><strong>(it.</strong></span> <span class='ocrx_word' id='word_1_285' title='bbox 632 2809 657 2848; x_wconf 88' lang='lat'>5</span> <span class='ocrx_word' id='word_1_286' title='bbox 680 2798 719 2837; x_wconf 94' lang='lat' dir='ltr'><strong>U</strong></span> <span class='ocrx_word' id='word_1_287' title='bbox 740 2799 928 2849; x_wconf 65' lang='lat' dir='ltr'>quoque)</span> <span class='ocrx_word' id='word_1_288' title='bbox 1092 2811 1114 2848; x_wconf 90' lang='lat'><strong>7</strong></span> <span class='ocrx_word' id='word_1_289' title='bbox 1146 2798 1216 2851; x_wconf 83' lang='grc' dir='ltr'>τὸ]</span> <span class='ocrx_word' id='word_1_290' title='bbox 1238 2802 1311 2840; x_wconf 84' lang='grc' dir='ltr'>τοῦ</span> <span class='ocrx_word' id='word_1_291' title='bbox 1333 2799 1363 2839; x_wconf 88' lang='lat' dir='ltr'>S</span> <span class='ocrx_word' id='word_1_292' title='bbox 1378 2799 1417 2852; x_wconf 69' lang='lat' dir='ltr'>Y</span> <span class='ocrx_word' id='word_1_293' title='bbox 1568 2802 1595 2839; x_wconf 91' lang='lat'>8</span> <span class='ocrx_word' id='word_1_294' title='bbox 1625 2802 1787 2853; x_wconf 79' lang='grc' dir='ltr'>αι’γεστ.</span> 
     </span>
     <span class='ocr_line' id='line_1_34' title="bbox 116 2848 1788 2906; baseline 0.002 -15"><span class='ocrx_word' id='word_1_295' title='bbox 116 2852 150 2891; x_wconf 91' lang='lat' dir='ltr'>C</span> <span class='ocrx_word' id='word_1_296' title='bbox 167 2852 302 2892; x_wconf 91' lang='lat' dir='ltr'>PVU</span> <span class='ocrx_word' id='word_1_297' title='bbox 522 2867 549 2902; x_wconf 95' lang='lat'><strong>9</strong></span> <span class='ocrx_word' id='word_1_298' title='bbox 591 2853 722 2905; x_wconf 80' lang='grc' dir='ltr'>ἡρῶον</span> <span class='ocrx_word' id='word_1_299' title='bbox 754 2853 834 2892; x_wconf 86' lang='lat' dir='ltr'>SV</span> <span class='ocrx_word' id='word_1_300' title='bbox 851 2853 888 2892; x_wconf 94' lang='lat' dir='ltr'><strong>U</strong></span> <span class='ocrx_word' id='word_1_301' title='bbox 905 2853 939 2891; x_wconf 87' lang='lat' dir='ltr'>C</span> <span class='ocrx_word' id='word_1_302' title='bbox 974 2848 1070 2906; x_wconf 71' lang='lat' dir='ltr'><em>(ip.)</em></span> <span class='ocrx_word' id='word_1_303' title='bbox 1293 2867 1343 2893; x_wconf 88' lang='lat'>10</span> <span class='ocrx_word' id='word_1_304' title='bbox 1386 2852 1610 2895; x_wconf 84' lang='grc' dir='ltr'>ἱλάσκοντο</span> <span class='ocrx_word' id='word_1_305' title='bbox 1651 2855 1734 2895; x_wconf 90' lang='lat' dir='ltr'>SV</span> <span class='ocrx_word' id='word_1_306' title='bbox 1750 2855 1788 2894; x_wconf 92' lang='lat' dir='ltr'>U</span> 
     </span>
     <span class='ocr_line' id='line_1_35' title="bbox 120 2907 1783 2958; baseline 0.004 -13"><span class='ocrx_word' id='word_1_307' title='bbox 120 2919 169 2945; x_wconf 85' lang='lat'>12</span> <span class='ocrx_word' id='word_1_308' title='bbox 199 2907 445 2955; x_wconf 81' lang='grc' dir='ltr'>ἐβασίλευσε</span> <span class='ocrx_word' id='word_1_309' title='bbox 475 2908 702 2957; x_wconf 88' lang='lat' dir='ltr'><strong>Krueger:</strong></span> <span class='ocrx_word' id='word_1_310' title='bbox 734 2908 1019 2958; x_wconf 84' lang='grc' dir='ltr'>ἐβασίλευε(ν)</span> <span class='ocrx_word' id='word_1_311' title='bbox 1047 2908 1081 2948; x_wconf 89' lang='lat' dir='ltr'>L</span> <span class='ocrx_word' id='word_1_312' title='bbox 1303 2922 1352 2949; x_wconf 88' lang='lat'>21</span> <span class='ocrx_word' id='word_1_313' title='bbox 1388 2911 1479 2951; x_wconf 83' lang='grc' dir='ltr'>ἐστι</span> <span class='ocrx_word' id='word_1_314' title='bbox 1506 2913 1675 2951; x_wconf 80' lang='grc' dir='ltr'>τοιαῦτα</span> <span class='ocrx_word' id='word_1_315' title='bbox 1702 2923 1783 2951; x_wconf 85' lang='lat' dir='ltr'>om.</span> 
     </span>
     <span class='ocr_line' id='line_1_36' title="bbox 117 2961 651 3016; baseline 0.002 -15"><span class='ocrx_word' id='word_1_316' title='bbox 117 2961 198 3002; x_wconf 88' lang='lat' dir='ltr'>SV</span> <span class='ocrx_word' id='word_1_317' title='bbox 361 2977 414 3014; x_wconf 86' lang='lat'>29</span> <span class='ocrx_word' id='word_1_318' title='bbox 442 2965 546 3016; x_wconf 81' lang='grc' dir='ltr'>ἁρχὴ</span> <span class='ocrx_word' id='word_1_319' title='bbox 569 2963 651 3002; x_wconf 86' lang='lat' dir='ltr'>SV</span> 
     </span>
    </p>
   </div>
  </div>
 </body>
</html>
