2132 3340
737 102 1112 151 [ΣΤΟΡΙΩΝ
1171 104 1192 151 1
1836 106 1919 156 IX.
1948 118 1981 169 5

116 239 248 292 kar&
283 239 375 305 μὲν
416 234 634 290 ἔλευσαν
672 234 823 287 αὐτοῦ
866 234 958 299 τὴν
999 239 1226 302 γυναῖκα,
1261 235 1383 286 κατὰ
1428 236 1481 286 δὲ
1526 236 1587 286 τὰ
1627 232 1792 286 τέκνα.

125 326 177 377 ἐς
217 326 271 375 δὲ
310 321 398 387 τὴν
439 325 697 386 Σαλαμῖνα
737 318 988 385 διέβησαν
1026 322 1072 371 οἱ
1115 319 1373 383 Ἀθηναῖοι
1413 320 1524 371 ὧδε·
1570 319 1663 373 ἕως
1703 321 1795 383 μὲν
1833 326 1869 373 6

125 406 487 474 προσεδέκοντο
517 407 572 457 ἐκ
602 408 689 470 τῆς
728 402 1127 468 Πελοποννήσου
1165 403 1381 471 στρατὸν
1415 402 1555 468 ἥξειν
1586 403 1794 470 τιμωρή-

127 490 282 544 σοντά
327 497 440 558 σφι,
479 493 525 542 οἱ
571 492 624 542 δὲ
668 489 844 555 ἔμενον
891 491 945 542 ἐν
989 496 1051 562 τῇ
1092 488 1309 561 Ἀττικῇ·
1363 488 1472 540 ἐπεὶ
1516 490 1569 540 δὲ
1615 490 1660 540 οἱ
1703 491 1795 554 μὲν

78 603 101 643 5
123 576 402 643 μακρότερα
433 575 512 627 καὶ
543 575 854 642 σχολαίτερα
886 575 1099 632 ἐποίεον,
1126 574 1152 623 6
1184 575 1236 624 δὲ
1267 572 1420 625 ἐπιὼν
1452 573 1531 624 καὶ
1563 572 1620 637 δὴ
1652 574 1705 625 ἐν
1735 581 1794 646 τῇ

130 662 342 732 Βοιωτίῃ
385 658 589 727 ἐλέγετο
632 659 772 717 εἶναι,
807 659 934 710 οὕτω
976 657 1034 723 δὴ
1072 655 1501 723 ὑπεξεκομίσαντό
1539 679 1593 710 τε
1632 656 1796 710 πάντα

127 746 206 797 καὶ
237 743 375 796 αὐτοὶ
398 742 645 810 διέβησαν
670 745 721 797 ἐς
743 747 1023 809 Σαλαμῖνα,
1049 744 1100 796 ἐς
1123 741 1474 807 Λακεδαίμονά
1496 764 1550 795 τε
1573 741 1796 807 ἔπεμπον

128 827 375 897 ἀγγέλους
415 827 516 895 ἅμα
555 831 649 894 μὲν
683 827 1037 895 μεμψομένους
1072 832 1206 879 τοῖσι
1243 827 1685 893 Λακεδαιμονίοισι
1720 829 1796 879 ὅτι

127 917 374 981 περιεῖδον
414 913 709 979 ἐσβαλόντα
748 913 836 965 τὸν
875 911 1142 979 βάρβαρον
1185 913 1236 965 ἐς
1274 910 1366 977 τὴν
1407 910 1638 976 Ἀττικὴν
1680 911 1795 964 ἀλλ’

58 1024 106 1052 10
129 997 186 1051 οὗ
213 1001 338 1064 μετὰ
370 997 546 1065 σφέων
575 998 823 1063 ἠντίασαν
854 999 905 1050 ἐς
936 996 1026 1062 τὴν
1059 997 1318 1062 Βοιωτίην,
1351 992 1470 1062 ἅμα
1490 999 1543 1048 δὲ
1573 995 1791 1062 ὑπομνή-

77 1098 80 1101 ’
130 1104 314 1137 σοντας
350 1084 449 1135 ὅσα
485 1089 582 1151 σφι
616 1082 870 1152 ὑπέσχετο
906 1083 933 1133 6
969 1081 1177 1150 Πέρσης
1210 1086 1562 1147 μεταβαλοῦσι
1596 1082 1793 1141 δώσειν,

128 1170 369 1236 προεῖπαί
402 1189 456 1221 τε
495 1169 571 1220 ὅτι
609 1169 651 1220 εἷ
683 1167 751 1234 μὴ
793 1168 1037 1233 ἀμυνεῦσι
1069 1166 1399 1231 Ἀθηναίοισι,
1434 1166 1500 1220 ὡς
1541 1166 1619 1217 καὶ
1644 1166 1803 1218 ἀὐτοί

129 1274 240 1306 τινα
269 1252 496 1320 ἀλεωρὴν
525 1250 838 1319 εὑρήσονται.
914 1253 961 1304 οἱ
982 1253 1080 1319 γὰρ
1103 1251 1161 1316 δὴ
1186 1251 1570 1317 Λακεδαιμόνιοι
1592 1251 1798 1317 ὅρταζόν
1835 1263 1864 1312 7

129 1359 184 1391 τε
211 1341 388 1390 τοῦτον
416 1336 503 1389 τὸν
539 1329 724 1404 χρόνον
756 1337 840 1388 καί
874 1343 973 1404 σφι
1009 1335 1071 1401 ἧν
1098 1335 1372 1394 “Ύ“ακίνθια,
1406 1335 1518 1403 περὶ
1556 1337 1798 1388 πλείστου

59 1448 104 1488 15
129 1421 171 1474 δ’
208 1421 331 1490 ἦγον
366 1423 428 1474 τὰ
463 1425 551 1473 τοῦ
586 1424 702 1474 θεοῦ
737 1421 1021 1488 πορσύνειν·
1069 1419 1171 1486 ἅμα
1207 1423 1262 1473 δὲ
1296 1419 1352 1471 τὸ
1387 1421 1554 1489 τεῖχός
1596 1427 1708 1487 σφι,
1742 1419 1798 1471 τὸ

129 1507 183 1559 ἐν
217 1511 283 1577 τῷ
314 1505 499 1578 Ἰσθμῷ
534 1507 773 1574 ἐτείχεον,
808 1506 887 1558 καὶ
922 1505 1014 1572 ἤδη
1055 1504 1263 1570 ἐπάλξις
1299 1504 1590 1572 ἐλάμβανε,Γ
1650 1505 1715 1558 ὡς
1745 1507 1798 1557 δὲ

128 1591 365 1645 ἀπίκοντο
398 1593 449 1646 ἐς
483 1591 574 1656 τὴν
614 1592 963 1656 Λακεδαίμονα
997 1592 1045 1642 οἱ
1080 1589 1292 1658 ἄγγελοι
1327 1592 1373 1642 οἱ
1410 1588 1496 1642 ἀπ’
1526 1588 1796 1655 Ἀθηνέων,

130 1676 232 1742 ἅμα
261 1677 497 1745 ἀγόμενοι
526 1677 581 1729 ἔκ
612 1698 668 1729 τε
700 1674 951 1744 Μεγάρων
982 1674 1231 1743 ἀγγέλους
1269 1674 1347 1726 καὶ
1387 1675 1442 1726 ἐκ
1479 1674 1794 1735 Πλαταιέων,

129 1761 308 1829 ἔλεγον
338 1761 456 1815 τάδε
485 1762 784 1815 ἐπελθόντες
816 1760 896 1813 ἐπὶ
926 1759 1039 1815 τοὺς
1070 1760 1300 1828 ἐφόρους·
1337 1757 1616 1828 Ἔπεμψαν
1644 1759 1798 1826 ἡμέας
1837 1785 1867 1812 α

58 1870 106 1898 20
129 1846 385 1911 Ἀθηναῖοι
421 1845 660 1914 λέγοντες
699 1847 776 1898 ὅτι
810 1846 928 1911 ἡμῖν
965 1844 1213 1911 βασιλεὺς
1245 1845 1271 1896 6
1303 1843 1494 1910 Μήδων
1528 1849 1673 1897 τοῦτο
1706 1848 1798 1910 μὲν

128 1931 220 1997 τὴν
248 1932 419 2001 χώρην
449 1932 689 1991 ἀποδιδοῖ,
723 1935 865 1982 τοῦτο
903 1933 956 1983 δὲ
989 1929 1280 1999 συμμάχους
1311 1930 1477 1982 ἐθέλει
1507 1930 1584 1983 ἐπ’
1616 1931 1705 2003 ἵσῃ
1743 1952 1799 1982 τε

131 2017 210 2069 καὶ
242 2017 385 2089 ὁμοίῃ
417 2015 730 2083 ποιήσασθαι
760 2015 878 2069 ἄνευ
913 2038 968 2068 τε
999 2005 1150 2068 δόλου
1186 2017 1267 2068 καὶ
1304 2014 1513 2080 ἀπάτης,
1548 2012 1712 2068 ἐθέλει
1744 2018 1798 2068 δὲ

131 2101 210 2153 καὶ
252 2100 416 2167 ἄλλην
454 2102 624 2170 χώρην
663 2101 787 2169 πρὸς
825 2102 884 2173 τῇ
925 2100 1136 2174 ἡμετέρῃ
1182 2102 1386 2160 διδόναι,
1426 2092 1518 2165 ’τὴν
1559 2099 1619 2153 ἂν
1662 2100 1798 2152 αὐτοὶ

130 2187 373 2253 ἑλώμεθα.
448 2187 589 2253 ἡμεῖς
622 2189 676 2239 δὲ
709 2187 810 2238 Δία
845 2208 899 2238 τε
928 2184 1203 2251 Ἑλλήνιον
1238 2184 1556 2240 αἰδεσθέντες
1594 2185 1672 2237 καὶ
1708 2185 1798 2251 τὴν
1837 2205 1861 2236 2

55 2293 104 2334 25
127 2270 353 2324 Ἑλλάδα
381 2270 547 2331 δεινὸν,
572 2271 854 2337 ποιεύμενοι
888 2275 1154 2339 προδοῦναι
1191 2271 1248 2323 οὐ
1286 2270 1650 2337 καταινέσαμεν
1681 2270 1797 2322 ἀλλ’

129 2355 457 2421 ἀπειπάμεθα,
505 2358 679 2423 καίπερ
731 2356 1040 2422 ἀδικεόμενοι
1089 2354 1169 2408 ὑπ’
1213 2354 1478 2420 Ἑλλήνων
1524 2357 1604 2408 καὶ
1650 2377 1795 2407 κατα-

128 2441 473 2507 προδιδόμενοι
502 2439 831 2506 ἐπιστάμενοί
856 2463 911 2494 τε
941 2442 1016 2493 ὅτι
1051 2441 1446 2508 κερδαλεώτερόν
1472 2442 1582 2491 ἐστι
1614 2441 1792 2506 ὁμολο-

127 2523 263 2592 γέειν
305 2526 371 2597 τῷ
413 2524 591 2598 Πέρσῃ
636 2529 836 2592 μᾶλλον
878 2525 910 2592 ἤ
953 2547 1045 2593 περ
1098 2524 1382 2591 πολεμέειν·
1450 2525 1506 2576 οὐ
1549 2527 1642 2591 μὲν
1687 2525 1798 2578 οὐδὲ

183 2675 209 2700 2
253 2663 291 2703 οἱ
327 2675 408 2703 om.
445 2662 478 2701 P
661 2675 686 2713 5
729 2681 777 2704 τε
815 2664 880 2704 καὶ
921 2662 1056 2703 Aldus
1169 2662 1446 2716 σχολαιότερα
1484 2662 1518 2702 C
1542 2662 1572 2702 S
1685 2666 1722 2705 οἶ
1762 2663 1797 2702 C

131 2720 171 2759 ἐς
191 2718 269 2766 τὴν
289 2717 483 2767 Βοιωτίην
505 2717 538 2756 Ρ
553 2718 593 2756 R
608 2717 638 2756 S
652 2719 690 2757 V
821 2731 843 2768 7
876 2718 1058 2770 ἔπεμψαν
1082 2717 1112 2756 S
1252 2719 1278 2756 8
1306 2716 1587 2770 μεμφομένους
1608 2717 1648 2757 Α
1663 2718 1698 2757 Β
1714 2718 1748 2757 C
1763 2718 1798 2758 P

127 2786 156 2823 9
194 2771 431 2820 ἐσβαλόντα
462 2772 535 2813 P0:
578 2773 845 2820 ἐσβάλλοντα
874 2773 907 2811 C
928 2788 937 2813 ε
978 2772 1215 2824 ἐμβαλόντα
1245 2773 1331 2812 rell.
1547 2786 1596 2811 12
1634 2774 1801 2827 προεῖπέ

130 2826 164 2865 C
180 2826 285 2867 RV¹
391 2845 458 2869 ται
480 2829 520 2867 R
684 2841 732 2878 13
762 2827 941 2882 ὅρταζόν
961 2827 995 2866 C
1010 2828 1043 2866 P
1056 2827 1086 2867 S
1101 2828 1138 2866 V
1316 2840 1364 2878 15
1395 2827 1452 2879 δ’]
1476 2829 1524 2878 δὴ
1551 2829 1589 2866 R
1602 2828 1639 2867 V
1749 2830 1798 2869 τὸ

127 2882 267 2934 τεῖχός
288 2891 361 2935 σφι
382 2884 430 2924 τὸ
451 2885 495 2924 ἐν
514 2888 571 2936 τῷ
591 2882 738 2935 Ἰσθμῷ
760 2883 970 2934 ἐτειχέετο
991 2884 1054 2923 καὶ
1075 2886 1150 2932 ἤδη
1171 2882 1348 2932 Madvig
1548 2884 1597 2920 16
1626 2883 1722 2934 ἤδη]
1747 2885 1796 2932 δὴ

129 2936 337 2976 Schaefer
450 2937 632 2991 ἐπάλξεις
654 2938 687 2976 C
704 2938 737 2975 P
753 2937 790 2975 R
807 2938 836 2976 S
852 2938 888 2975 V
1096 2951 1141 2987 17
1174 2939 1244 2978 alt.
1269 2940 1306 2978 οἱ
1325 2951 1405 2978 om.
1433 2939 1462 2975 S
1577 2937 1795 2986 Ἀθηναίων

127 2991 262 3101 CRIEJ
322 2993 361 3032 V
491 3006 539 3043 19
570 2991 655 3043 ἐπὶ]
678 2995 718 3034 ἐς
741 2993 776 3032 R
795 2992 878 3030 SV
1007 3004 1060 3042 25
1090 2991 1365 3042 κατενέσαμεν
1391 2991 1430 3029 R
1563 2994 1617 3031 28
1648 2992 1794 3048 Πέρσει
