2132 3340
698 82 1078 132 ΙΣΤΟΡΙΩΝ
1143 82 1190 132 Η

108 213 292 280 λίμνην
363 210 626 281 παρεξιών,
689 212 740 267 ἐς
798 210 826 264 ὃ
885 213 1089 266 ἀπίκετο
1162 215 1215 268 ἐς
1276 215 1546 282 Δορίσκον.
1636 217 1662 266 6
1722 219 1776 269 δὲ

111 298 362 365 Δορίσκος
390 297 501 360 ἐστὶ
530 299 618 362 τῆς
653 298 874 364 Θρηίκης
904 299 1130 367 αἰγιαλός
1148 320 1203 351 τε
1224 300 1303 352 καὶ
1326 300 1497 352 πεδίον
1525 298 1670 367 μέγα,
1697 303 1776 353 διὰ

107 384 163 435 δὲ
207 381 356 433 αὐτοῦ
397 380 500 449 ῥέει
546 380 766 448 ποταμὸς
807 381 963 449 μέγας
1002 380 1215 449 ”Ἐβρος·
1265 384 1319 436 ἐν
1370 388 1437 454 τῷ
1496 384 1663 453 τεῖχός
1720 407 1776 438 τε

109 463 344 532 ἐδέδμητο
387 463 664 531 βασιλήιον
707 470 852 518 τοῦτο
895 465 954 518 τὸ
999 466 1058 532 δη
1105 468 1356 534 Δορίσκος
1402 467 1653 534 κέκληται,
1693 470 1774 522 καὶ

108 635 298 686 ἐκείνου
325 638 413 687 τοῦ
442 634 626 702 χρόνου
670 635 833 687 ἐπείτε
867 635 947 688 ἐπὶ
979 635 1171 690 Σκύθας
1203 637 1544 704 ἐστρατεύετο.
1634 637 1775 703 ἔδοξε

107 714 177 770 ὧν
216 723 284 789 τῷ
327 716 494 790 Ξέρξῃ
531 719 557 769 6
604 722 766 787 χῶρος
807 718 933 772 εἶναι
980 718 1234 784 ἐπιτήδεος
1275 719 1559 787 ἐνδιατάξαι
1598 743 1652 774 τε
1695 724 1774 775 καὶ

108 800 437 871 ἐξαριθμῆσαι
480 802 570 854 τὸν
614 804 846 870 στρατόν,
880 804 959 856 καὶ
1006 804 1168 858 ἐποίεε
1197 809 1362 858 ταῦτα.
1450 807 1538 860 τὰς
1579 808 1670 872 μὲν
1715 806 1774 872 δὴ

107 884 224 940 νέας
269 888 359 941 τὰς
415 885 583 941 πάσας
640 886 940 954 ἀπικομένας
999 890 1050 942 ἐς
1115 890 1368 956 Δορίσκον
1427 892 1474 942 οἱ
1532 892 1774 960 ναύαρχοι

35 994 83 1024 ιο
109 971 437 1026 κελεύσαντος
510 968 710 1039 Ξέρξεω
783 965 835 1026 ἐς
906 971 994 1025 τὸν
1065 973 1296 1040 αἰγιαλὸν
1366 973 1454 1027 τὸν
1518 975 1776 1045 προσεχέα

109 1056 343 1126 Δορίσκῳ
375 1055 631 1122 ἐκόμισαν,
664 1058 719 1109 ἐν
747 1061 814 1127 τῷ
844 1056 984 1122 Σάλη
1015 1079 1070 1110 τε
1106 1060 1439 1126 Σαμοθρηικίη
1471 1060 1774 1112 πεπόλισται

105 1140 254 1193 πόλις
285 1140 365 1193 καὶ
385 1139 546 1205 Ζώνη,
572 1146 718 1194 τελευ
865 1144 918 1194 δε
938 1141 1027 1194 αὐτ
1061 1146 1084 1158 ”
1105 1145 1141 1179 Σ
1159 1140 1171 1160 '
1500 1145 1586 1196 ὀνο
1625 1166 1772 1210 αστη.

107 1225 134 1275 6
163 1226 218 1276 δὲ
238 1228 401 1293 χῶρος
423 1224 565 1279 οὗτος
594 1224 651 1277 τὸ
674 1224 943 1278 παλαιδν9
912 1247 972 1290 ην
998 1226 1238 1279 Κικόνων.
1305 1229 1357 1282 ἐς
1386 1232 1561 1281 τοῦτον
1581 1228 1668 1282 τὸν
1699 1230 1774 1282 αἷ-

39 1315 46 1320 “
105 1307 285 1376 γιαλὸν
304 1309 642 1377 κατασχόντες
659 1310 748 1363 τὰς
765 1308 880 1364 νέας
901 1308 1161 1379 ἀνέψυχον
1176 1311 1554 1367 ἀνελκύσαντες.
1599 1314 1625 1364 6
1649 1316 1743 1365 δὲ’
1722 1335 1775 1366 εν

37 1415 82 1459 ¹5
105 1393 173 1464 τῷ
197 1394 430 1464 Δορίσκῳ
449 1397 622 1446 τοῦτον
640 1393 727 1446 τὸν
750 1395 932 1462 χρόνον
945 1397 1033 1460 τῆς
1052 1399 1287 1462 στρατιῆς
1306 1396 1513 1464 ἀριθμὸν
1533 1397 1770 1451 ἐποιέετο.

107 1478 235 1530 ὅσον
264 1476 358 1543 μέν
386 1499 474 1530 νυν
504 1478 707 1530 ἕκαστοι
738 1483 979 1547 παρεῖχον
1010 1482 1200 1544 πλῆθος
1231 1482 1283 1535 ἐς
1306 1482 1529 1548 ἀριθμόν,
1562 1482 1650 1534 οὐκ
1670 1482 1772 1551 ἔχω

108 1562 264 1615 εἰπεῖν
287 1561 344 1614 τὸ
373 1560 672 1629 ἀτρεκές(οὗ
704 1565 801 1631 γὰρ
829 1560 1034 1631 λέγεται
1063 1563 1186 1632 πρὸς
1216 1564 1441 1631 οὐδαμῶν
1465 1565 1770 1633 ἀνθρώπων),

109 1646 396 1713 σύμπαντος
443 1649 497 1699 δὲ
543 1651 629 1699 τοῦ
678 1652 895 1714 στρατοῦ
940 1652 1027 1700 τοῦ
1073 1649 1221 1713 πεζοῦ
1269 1649 1326 1701 τὸ
1365 1653 1557 1715 πλῆθος
1609 1650 1770 1718 ἐφάνη

107 1729 452 1798 ἑβδομήκοντα
493 1731 571 1783 καὶ
611 1732 787 1784 ἑκατὸν
828 1731 1076 1799 μυριάδες.
1165 1732 1504 1801 ἐξηρίθμησαν
1535 1737 1587 1787 δὲ
1628 1735 1771 1787 τόνδε

34 1838 85 1868 20
106 1815 194 1868 τὸν
221 1816 424 1884 τρόπον·
471 1817 841 1884 συναγαγόντες
872 1818 923 1871 ἐς
953 1817 1041 1869 ἕνα
1070 1822 1237 1886 χῶρον
1254 1817 1467 1885 μυριάδα
1497 1819 1771 1886 ἀνθρώπων

108 1900 187 1952 καὶ
236 1898 568 1974 συννάξαντες
614 1900 797 1966 ταύτην
847 1901 911 1955 ὡς
956 1900 1181 1967 μάλιστα
1239 1902 1379 1971 εἶχον
1426 1903 1771 2007 περιέγραψαν

107 1982 290 2049 ἔξωθεν
320 1985 517 2037 κύκλον·
562 1985 965 2053 περιγράψαντες
996 1988 1050 2038 δὲ
1079 1986 1159 2038 καὶ
1190 1985 1400 2042 ἀπέντες
1428 1987 1543 2041 τοὺς
1570 1989 1771 2055 μυρίους

106 2068 348 2135 αἱμασιὴν
393 2067 702 2137 περιέβαλον
754 2072 876 2121 κατὰ
927 2069 1014 2122 τὸν
1063 2070 1258 2130 κύκλον,
1307 2072 1439 2138 ὕψος
1486 2070 1770 2136 ἀνήκουσαν

106 2152 246 2220 ἀνδρὶ
295 2155 345 2207 ἐς
392 2153 479 2206 τὸν
526 2154 775 2221 ὀμφαλόν.
868 2154 1051 2219 ταύτην
1110 2157 1164 2207 δὲ
1223 2154 1524 2220 ποιήσαντες
1581 2155 1768 2209 ἄλλους

34 2256 82 2298 25
107 2234 415 2304 ἐσεβίβαζον
473 2239 525 2292 ἐς
581 2238 638 2290 τὸ
698 2238 1213 2305 περιοικοδομημένον,
1262 2239 1410 2308 μέχρι
1468 2240 1525 2290 οὗ
1581 2239 1768 2293 πάντας

106 2321 260 2392 τούτῳ
318 2327 385 2391 τῷ
443 2323 608 2393 τρόπῳ
668 2321 1024 2390 ἐξηρίθμησαν.
1114 2322 1475 2391 ἀριθμήσαντες
1534 2327 1588 2376 δὲ
1648 2327 1768 2376 κατὰ

106 2405 252 2458 ἔθνεα
281 2405 568 2459 διέτασσον.

158 2555 184 2581 2
214 2542 324 2595 ἐστὶ]
348 2544 409 2584 ἐπὶ
432 2542 466 2581 C
660 2556 685 2592 4
716 2542 913 2595 ἐδεάμητο
935 2544 1003 2584 R:
1034 2543 1228 2595 ἐδομέατο
1251 2545 1332 2585 SV
1460 2546 1509 2587 τὸ
1528 2559 1610 2586 om.
1631 2544 1670 2585 A
1684 2545 1718 2585 Β
1734 2545 1769 2584 C

105 2597 132 2636 8
160 2597 236 2638 ἀνα
261 2600 422 2648 ιθμῆσαι
447 2597 515 2638 R:
546 2599 804 2652 ἐναριθμῆσαι
826 2598 856 2638 S
871 2598 908 2637 V
1019 2599 1118 2641 τάδε
1142 2600 1180 2638 R
1197 2599 1279 2640 SV
1447 2613 1492 2639 11
1527 2600 1769 2652 ἐκομίσαντο

107 2650 147 2690 R
162 2651 192 2691 S
357 2665 403 2691 12
433 2656 611 2707 τελευτᾷ
631 2652 751 2692 Stein
846 2652 1008 2708 Σέρειον
1029 2654 1063 2693 C
1080 2654 1158 2693 1³¹:
1188 2654 1231 2695 δὲ
1255 2654 1277 2695 έ
1274 2671 1403 2708 ρρειον
1427 2654 1481 2693 Βι
1573 2655 1771 2705 ὀνομαστί

105 2705 140 2746 C
154 2706 193 2746 R
207 2705 290 2746 SV
478 2719 526 2757 13
555 2694 605 2755 ἣν
626 2720 707 2748 om.
734 2707 773 2745 R
788 2707 818 2747 S
832 2708 869 2746 V
1057 2711 1107 2748 16
1135 2713 1284 2758 πλῆθος
1306 2709 1367 2762 ἐς]
1388 2709 1562 2759 πλήθεος
1585 2709 1618 2748 Ρ
1632 2710 1669 2748 R
1688 2710 1718 2749 S
1732 2710 1769 2748 V

109 2773 159 2812 19
202 2762 516 2815 ἐξηριθμήθησαν
549 2762 588 2801 V
697 2765 843 2804 τοῦτον
880 2763 918 2802 R
937 2762 967 2802 S
982 2763 1021 2802 V
1197 2778 1252 2804 20
1295 2764 1530 2816 συνήγαγόν
1563 2781 1609 2804 τε
1646 2763 1686 2803 Α
1705 2763 1764 2804 B:

158 2815 386 2868 νηγάγοντο
408 2816 442 2857 Ρ
456 2816 490 2856 C
506 2816 606 2868 (ξυν.
614 2816 630 2867 )
745 2819 798 2858 εἷς
823 2816 862 2855 R
1039 2831 1089 2857 21
1123 2817 1389 2871 συννάξαντες
1412 2819 1601 2858 Reiske:
1630 2818 1765 2870 συνάξ.

104 2830 155 2909 Αυ
157 2869 192 2908 Β
209 2870 247 2909 R
263 2869 373 2911 SV:
405 2871 547 2923 συνάψ.
567 2871 646 2910 PC
665 2870 761 2924 (ξυν.
770 2873 786 2922 )
898 2885 949 2910 22
980 2873 1150 2924 ἀφέντες
1173 2874 1211 2912 R
1227 2873 1257 2911 S
1270 2874 1308 2912 V
1415 2885 1467 2923 25
1499 2871 1710 2923 ἐσεβίαζον
1731 2874 1766 2912 C

105 2925 160 2966 εἷς
183 2923 272 2963 ΑΒ
381 2924 838 2979 ,ιιέχριςΑΒΟῙῖΞὯγ
1003 2929 1057 2966 26
1087 2930 1148 2969 καὶ
1174 2928 1281 2969 τὰΒ

1582 3010 1658 3052 12*

1816 83 1887 132 VI
1897 84 1929 134 1.
1958 84 2016 144 58

1814 232 1884 286 59

1796 302 2011 351 baad..

61 574 84 616 5
109 547 352 617 Περσέων
412 548 601 617 φρουρὴ
650 551 704 602 ἐν
763 549 893 621 αὐτῷ
956 549 1251 616 κατεστήκεε
1304 551 1399 605 ὑπὸ
1453 554 1668 621 Δαρείου
1720 553 1780 619 ἐξ

1813 659 1838 692 2

1737 1107 2132 1291 {gs-:w

1914 1206 2132 1251 W

1805 1247 2019 1385 ἕψω

1811 1492 1886 1539 60

1809 1757 1834 1788 2

1788 1901 1989 1971 nuk-'⁸⁹
2008 1890 2132 1960 ψ’

1807 2176 1832 2218 3
