2124 3360
0 331 223 372 '‘Um-'un

174 1269 243 1317 34

178 2099 304 2156 35'

883 111 1308 160 ΗΡΟΔΟΤΟὙ

271 263 423 302 νικας,
459 241 574 294 ἀλλ’
604 244 808 313 οἴχοντο
843 242 1178 295 ἀπολιπόντες
1212 241 1304 306 τὴν
1335 241 1588 310 σφετέρην
1619 243 1720 296 ἔσω
1760 246 1811 298 ἐς
1846 247 1933 296 τὸν

273 326 506 392 Εὔξεινον
543 328 741 384 πόντον,
775 326 855 377 καὶ
894 328 1103 378 ἐνθαῦτα
1139 327 1288 378 πόλιν
1326 328 1668 398 Μεσαμβρίη-ν
1703 330 1930 396 οἵκ-ησαν·

274 414 318 463 οἱ
351 414 402 463 δὲ
435 413 664 464 Φοίνικες
696 410 1093 463 κατακαύσαντες
1128 410 1307 464 ταύτας
1341 413 1430 464 τὰς
1458 412 1624 479 χώρας
1659 414 1748 465 τὰς
1785 433 1929 464 κατα·
1993 445 1995 447 v

273 495 542 562 λεχθείσας
592 494 860 561 τράπονται
909 495 995 546 ἐπί
1040 516 1094 546 τε
1141 496 1497 561 Προκόννησον
1544 495 1623 547 καὶ
1668 495 1930 563 Ἀρτάκην,

273 581 387 646 πυρὶ
411 582 463 632 δὲ
487 581 566 631 καὶ
590 579 771 632 ταύτας
791 574 1045 645 νείμαντες
1063 579 1247 631 ἔπλεον
1266 579 1402 633 αὖτις
1425 581 1476 633 ἐς
1494 579 1583 645 τὴν
1604 581 1934 646 Χερσόνησον

274 662 622 732 ἐξαιρήσοντες
665 667 754 718 τὰς
797 665 1086 717 ἐπιλοίπους
1129 668 1227 716 τῶν
1271 665 1478 723 πολίων,
1524 665 1650 718 ὅσας
1693 666 1934 733 πρότερον

275 749 622 816 προσσχόντες
650 749 707 799 οὐ
744 747 1034 815 κατέσυραν.
1108 748 1189 801 ἐπὶ
1219 750 1272 800 δὲ
1303 747 1514 813 Κύζικον
1546 750 1658 801 οὐδὲ
1694 749 1933 801 ἔπλωσαν

275 831 453 900 ἀρχήν·
517 832 653 884 αὐτοὶ
699 835 795 900 γὰρ
842 832 1103 898 Κυζικηνοὶ
1151 832 1223 884 ἔτι
1269 833 1509 901 πρότερον
1554 837 1641 884 τοῦ
1686 836 1933 886 Φοινίκων

277 917 500 969 ἐσπλόου
539 918 843 984 ἐγεγόνεσαν
883 917 978 969 ὑπὸ
1017 916 1228 982 βασιλέϊ
1265 916 1486 985 Οἰβάρεϊ
1519 923 1587 987 τῷ
1624 917 1932 984 Μεγαβάζου

276 1000 693 1068 ὁμολογήσαντες,
727 1007 793 1071 τῷ
825 1003 879 1054 ἐν
911 1002 1207 1072 Δασκυλείῳ
1239 1000 1462 1072 ὑπάρχῳ.
1535 1005 1623 1066 τῆς
1653 1004 1705 1053 δὲ
1737 1006 1930 1069 Χερσο-

275 1084 445 1150 νήσου,
481 1086 613 1150 πλὴν
637 1087 852 1153 Καρδίης
876 1088 1066 1147 πόλιος,
1092 1089 1180 1141 τὰς
1211 1078 1371 1141 ἄλλας
1400 1085 1568 1141 πάσας
1599 1087 1934 1155 ἐχειρώσαντο

277 1173 323 1223 οἱ
353 1172 662 1247 Φοίνικες.β

363 1247 686 1321 Ἐτυράννευε
716 1259 768 1308 δὲ
800 1255 987 1308 αὐτέων
1015 1255 1165 1324 μέχρι
1193 1256 1618 1324 τότεᾩΜιλτιόιδης
1649 1257 1676 1308 ὃ
1707 1258 1935 1323 Κίμωνος

278 1343 365 1390 τοῦ
406 1341 754 1408 Στησαγόρεω,
795 1339 1105 1406 κτησαμένου
1143 1340 1234 1405 τὴν
1275 1340 1435 1408 ἀρχὴν
1474 1341 1657 1407 ταύτην
1697 1342 1936 1409 πρότερον

280 1423 565 1476 Μιλτιάδεω
612 1429 698 1476 τοῦ
748 1424 987 1492 Κυψέλου
1030 1426 1196 1495 τρόπῳ
1244 1429 1430 1495 τοιῷδε·
1496 1425 1635 1493 εἶχον
1683 1426 1936 1493 Δόλογκοι

281 1508 495 1576 Θρήικες
534 1508 623 1572 τὴν
662 1511 991 1576 Χερσόνησον
1031 1510 1228 1574 ταύτην.
1312 1509 1445 1561 οὗτοι
1486 1508 1554 1561 ὧν
1593 1512 1639 1562 οἱ
1680 1510 1937 1576 Δόλογκοι

279 1591 568 1647 πιεσθέντες
612 1593 813 1664 πολέμῳ
859 1593 956 1645 ὑπὸ
995 1593 1276 1660 Ἀψινθίων
1323 1595 1373 1647 ἐς
1426 1594 1663 1661 Δελφοὺς
1702 1594 1937 1661 ἔπεμψαν

279 1677 391 1731 τοὺς
420 1677 670 1743 βασιλέας
700 1679 810 1745 περὶ
840 1682 926 1729 τοῦ
957 1677 1180 1743 πολέμου
1208 1677 1566 1746 χρησομένους.
1639 1678 1669 1743 ἡ
1694 1681 1747 1730 δὲ
1772 1680 1934 1743 Πυθίη

281 1769 378 1828 σφι
410 1763 576 1813 ἀνεῖλε
608 1762 831 1826 οἰκιστὴν
864 1761 1141 1830 ἐπάγεσθαι
1171 1763 1251 1815 ἐπὶ
1281 1762 1372 1827 τὴν
1400 1763 1567 1830 χώρην
1596 1767 1771 1815 τοῦτον
1793 1761 1846 1817 ὃς
1875 1761 1937 1814 ἄν

280 1853 444 1912 σφεας
490 1842 729 1900 ἀπιόντας
775 1849 827 1899 ἐκ
875 1851 969 1899 τοῦ·
1008 1850 1113 1914 ἱροῦ
1157 1852 1347 1914 πρῶτος
1395 1847 1475 1898 ἐπὶ
1522 1845 1679 1911 ξείνια
1726 1845 1935 1918 καλέσῃ.

281 1930 438 1983 ἰόντες
478 1932 530 1982 δὲ
571 1933 617 1982 οἱ
660 1932 912 1998 Δόλογκοι
947 1930 1035 1995 τὴν
1082 1931 1188 1998 ἱρὴν
1233 1933 1347 1983 ὁδὸν
1388 1932 1467 1982 διὰ
1503 1929 1720 1982 Φωκέων
1757 1951 1814 1982 τε
1857 1930 1937 1982 καὶ

282 2018 509 2066 Βοιωτῶν
548 2013 714 2079 ἤισαν·
762 2016 847 2067 καί
882 2022 1047 2083 σφεας
1087 2015 1151 2067 ὡς
1191 2014 1349 2068 οὐδεὶς
1388 2014 1580 2074 ἐκάλεε,
1620 2013 1938 2081 ἐκτρέπονται

283 2097 360 2150 επ’
392 2097 657 2163 Ἀθηνέων.
732 2101 786 2151 ἐν
816 2101 869 2151 δὲ
905 2107 1023 2172 τῇσι
1053 2099 1296 2170 Ἀθήνῃσι
1325 2103 1588 2163 τηνικαῦτα
1617 2097 1724 2166 εἶχε
1756 2100 1848 2163 μὲν
1878 2096 1938 2149 τὸ

1955 594 1984 650 ⁵·

1961 1025 2012 1055 10

1961 1448 2008 1492 15

1960 1869 2010 1898 20

281 2185 380 2233 πᾶν
401 2182 575 2249 κράτος
599 2184 985 2250 Πεισίστρατος,
1007 2185 1130 2250 ἀτὰρ
1155 2182 1450 2234 ἐδυνάστευέ
1472 2204 1530 2248 γε
1554 2182 1633 2233 καὶ
1657 2180 1937 2244 Μιλτιάδης
1968 2240 1970 2242 ,

282 2265 605 2333 ὁ,Κυψέλου,
650 2267 743 2318 ἐὼν
784 2269 938 2332 οἰκίης
977 2267 1424 2334 τεθριπποτρόφου,
1467 2267 1528 2316 τὰ
1566 2268 1657 2331 μὲν
1698 2264 1938 2316 ἀνέκαθεν

281 2349 366 2402 ἀπ’
391 2351 573 2401 Αἰακοῦ
594 2371 648 2402 τε
674 2351 752 2401 καὶ
776 2352 983 2417 Αἰγίνης
1004 2350 1238 2418 γεγονώς,
1259 2352 1321 2409 τὰ
1345 2352 1398 2402 δὲ
1419 2349 1633 2416 νεώτερα
1656 2348 1934 2414 Ἀθηναῖος,

282 2435 495 2485 Φιλαίου
523 2438 610 2484 τοῦ
645 2436 855 2488 Αἴαντος
889 2435 1079 2493 παιδός,
1124 2433 1394 2501 γενομένου
1432 2433 1627 2500 πρώτου
1665 2435 1751 2497 τῆς
1782 2433 1938 2498 οἰκίης

340 2586 357 2612 1
382 2571 604 2626 σφετέρην]
622 2571 744 2613 πόλιν
761 2572 795 2611 Ρ
809 2572 846 2610 R
862 2572 892 2612 S
906 2573 943 2611 V
1019 2574 1114 2613 εἵσω
1130 2571 1170 2610 Α
1185 2571 1218 2610 Β
1232 2572 1266 2611 C
1378 2585 1403 2610 2
1425 2570 1548 2612 πάλιν
1559 2571 1599 2610 V
1674 2569 1938 2618 Θηλυμβρίην

279 2627 317 2665 Α
333 2626 367 2665 Β
384 2626 417 2665 C
565 2642 740 2675 ωικησαν
759 2626 799 2664 Α
813 2627 847 2665 Β
863 2627 896 2666 C
1093 2640 1118 2676 3
1148 2625 1543 2677 καταλειφθείσας-Α
1558 2626 1592 2663 Β
1607 2625 1641 2664 C
1834 2638 1858 2672 4
1888 2640 1935 2663 τε

280 2695 362 2720 om.
387 2681 420 2719 P
435 2681 473 2719 R
490 2681 519 2719 S
533 2680 571 2718 V
756 2710 759 2712 -
789 2693 813 2730 5
845 2682 1000 2721 ἔπλωον
1026 2681 1064 2718 R
1080 2681 1109 2720 S
1123 2681 1160 2719 V
1378 2681 1405 2718 6
1433 2673 1626 2732 πρότερον
1647 2692 1725 2718 om.
1753 2678 1786 2716 P
1803 2678 1839 2714 R
1856 2678 1886 2716 S
1901 2677 1938 2715 V

283 2749 304 2784 7
336 2735 588 2788 προσχόντες
614 2735 645 2773 L
774 2737 800 2773 8
830 2736 915 2775 ἔτεϊ
937 2736 1104 2774 Dobree
1233 2749 1259 2784 9
1290 2735 1444 2775 ἔστι-λου
1463 2734 1503 2771 Α
1518 2733 1552 2771 Β
1568 2733 1625 2772 C:
1659 2733 1688 2772 ἔ.
1713 2731 1855 2772 τούτου
1876 2731 1936 2769 P:

281 2790 426 2831 τούτου
449 2790 479 2828 ἔ.
503 2788 540 2826 R
558 2803 566 2826 τ
598 2807 635 2829 τ.
663 2790 786 2830 ἔπλου
809 2789 890 2827 SV
1001 2790 1160 2841 ἐγεγόν.
1178 2792 1252 2830 ὑπὸ
1268 2795 1362 2837 βασ.
1383 2800 1466 2826 om.
1489 2787 1526 2825 R
1542 2787 1571 2826 S
1585 2787 1623 2825 V
1738 2799 1786 2835 13
1807 2788 1937 2826 αὐτῶν

282 2844 322 2881 Α
340 2844 374 2881 Β
389 2844 422 2881 C
608 2857 655 2892 14
685 2844 881 2896 πρότερον
905 2857 985 2882 om.
1010 2844 1040 2883 S
1216 2857 1270 2882 22
1298 2846 1349 2884 ὧς
1368 2854 1450 2881 om.
1477 2841 1559 2881 SV
1671 2840 1936 2893 ἐκτρέπονται

285 2898 318 2936 Ρ
331 2898 370 2935 R
386 2898 415 2936 S
428 2898 465 2934 V
647 2911 700 2947 23
728 2897 927 2947 Ἀθηνέων
946 2897 987 2936 Α
1005 2898 1121 2937 solus
1139 2912 1149 2937 τ
1179 2898 1318 2939 -ναίων
1337 2895 1427 2936 rell.
1594 2908 1647 2945 24
1674 2912 1726 2947 γε
1748 2894 1909 2933 Reiske
1927 2908 1938 2932 τ

283 2969 330 2992 τε
349 2952 388 2989 A
404 2951 437 2989 B
454 2952 486 2989 C
505 2966 513 2990 :
542 2965 623 2991 om.
648 2952 736 2991 rell.
963 2954 1018 2992 26
1045 2953 1263 3005 Αἰγινήτης
1282 2952 1317 2991 C
1509 2963 1559 3000 27
1589 2949 1734 2990 Φιλέου
1754 2948 1788 2987 Ρ
1803 2949 1840 2987 R
1857 2948 1886 2986 S
1900 2948 1937 2986 V

283 3007 442 3060 πρώτης
465 3006 504 3044 R
520 3006 549 3045 S
564 3006 602 3045 V
712 3007 864 3056 ταύτης
883 3009 959 3056 τῆς
981 3007 1020 3046 R

1960 2284 2011 2327 ²5
