2132 3340
53 94 169 143 VII.
197 107 284 155 154

189 1670 277 1721 Ι55

938 94 1366 142 ΗΡΟΔΟΤΟὙ

324 221 612 289 Παντάρεος
662 221 1056 287 τελευτήσαντος
1107 224 1194 276 τὸν
1239 226 1374 289 βίον,
1423 225 1477 280 ὃς
1524 224 1850 293 ἐτυράννευσε
1893 230 1984 292 μὲν

324 305 482 371 Γέλης
512 309 637 359 ἑπτὰ
667 307 795 367 ἔτεα,
829 306 1046 360 ἀπέθανε
1069 310 1122 361 δὲ
1142 308 1239 361 ὑπὸ
1268 310 1541 376 Σαβύλλου
1564 310 1739 378 ἀνδρὸς
1770 309 1981 382 Γελῴου,

323 392 534 443 ἐνθαῦτα
564 390 914 458 ἀναλαμβάνει
953 392 1044 457 τὴν
1073 394 1379 462 μουναρχίην
1408 393 1764 466 Ἱπποκράτης,
1786 395 1980 449 Κλεάν-

322 478 438 541 δρου
469 476 564 527 ἐὼν
588 477 850 543 ἀδελφεός.
927 477 1132 546 ἔχοντος
1155 480 1209 530 δὲ
1232 477 1583 546 Ἱπποκράτεος
1611 479 1700 544 τὴν
1719 482 1983 547 τυραννίδα

323 560 349 610 6
391 558 579 619 Γέλων,
622 562 717 613 ἐὼν
759 562 987 626 Τηλίνεω
1027 567 1114 614 τοῦ
1154 562 1432 630 ἱροφάντεω
1474 564 1738 631 ἀπόγονος,
1777 570 1982 618 πολλῶν

321 643 428 709 μετ’
451 644 624 697 ἄλλων
649 646 728 697 καὶ
747 644 1086 712 Αἰνησιδήμου
1105 651 1190 699 τοῦ
1211 649 1466 700 Παταίκου
1484 647 1601 702 †3s†
1624 648 1684 714 ἧν
1708 650 1982 717 δορυφόρος

322 728 688 797 Ἱπποκράτεος.
776 732 900 795 μετὰ
960 733 1013 783 δὲ
1070 731 1127 783 οὗ
1188 732 1386 785 πολλὸν,
1442 734 1624 801 χρόνον
1682 732 1744 784 δι’
1802 733 1981 801 ἀρετὴν

2007 585 2030 626 5

321 813 573 881 ἀπεδέχθη
614 814 780 879 πάσης
816 818 903 880 τῆς
939 816 1091 867 ἵππου
1127 816 1255 868 εἶναι
1289 818 1555 885 ἵππαρχος·
1602 817 1981 884 πολιορκέοντος
2024 829 2026 831 ’

319 899 414 964 γὰρ
470 897 820 966 Ἱπποκράτεος
894 902 1273 954 Καλλιπολίτας
1344 923 1398 953 τε
1459 901 1536 953 καὶ
1611 899 1828 967 Ναξίους
1902 903 2011 956 καὶ

320 983 633 1050 Ζαγκλαίους
662 1005 717 1036 τε
749 984 828 1036 καὶ
859 985 1155 1038 Λεοντίνους
1188 986 1266 1036 καὶ
1297 985 1419 1052 πρὸς
1450 987 1783 1053 Συρηκοσίους
1814 1007 1868 1039 τε
1898 987 1980 1040 καὶ

317 1071 416 1118 τῶν
458 1067 735 1135 βαρβάρων
780 1069 997 1137 συχνοὺς
1040 1069 1164 1136 ἀνὴρ
1209 1071 1444 1137 ἐφαίνετο
1485 1072 1540 1122 ἐν
1579 1070 1802 1123 τούτοισι
1845 1076 1982 1124 τοῖσι

317 1150 588 1217 πολέμοισι
618 1153 711 1204 ἐὼν
735 1153 761 1203 6
786 1151 957 1205 Γέλων
986 1155 1350 1220 λαμπρότατος.
1424 1159 1523 1207 τῶν
1546 1157 1599 1207 δὲ
1624 1154 1766 1208 εἶπον
1789 1156 1980 1208 πολίων

316 1235 521 1289 πασέων
571 1237 704 1301 πλὴν
757 1237 1111 1304 Συρηκουσέων
1155 1238 1356 1305 οὐδεμία
1399 1239 1627 1307 ἀπέφυγε
1670 1240 1980 1305 δουλοσύνην

317 1321 439 1387 πρὸς
495 1320 862 1388 Ἱπποκράτεος.
974 1325 1304 1389 Συρηκοσίους
1363 1326 1416 1376 δὲ
1474 1325 1734 1390 Κορίνθιοί
1785 1346 1841 1376 τε
1899 1326 1978 1378 καὶ

316 1408 608 1471 Κερκυραῖοι
631 1407 903 1473 ἐρρύσαντο
921 1406 1059 1478 μάχῃ
1084 1407 1398 1462 ἑσσωθέντας
1423 1408 1503 1460 ἐπὶ
1527 1413 1730 1478 ποταμῷ
1751 1408 1975 1480 Ἐλώρῳ·

317 1490 588 1555 ἐρρύσαντο
633 1493 687 1542 δὲ
731 1491 867 1542 οὗτοι
910 1493 991 1544 ἐπὶ
1038 1493 1227 1545 τοισίδε
1269 1491 1685 1557 καταλλάξαντες,
1727 1492 1804 1545 ἐπ’
1844 1492 1882 1564 ᾧ
1922 1515 1978 1547 τε

315 1573 633 1642 Ἱπποκράτεϊ
655 1574 943 1642 Καμάριναν
963 1578 1295 1643 Συρηκοσίους
1315 1581 1631 1643 παραδοῦναι·
1657 1578 1976 1645 Συρηκοσίων

315 1660 368 1709 δὲ
399 1657 458 1722 ἧν
491 1658 751 1726 Καμάρινα
779 1659 835 1710 τὸ
865 1661 1091 1728 ἀρχαῖον.
1166 1661 1230 1714 ὥς
1260 1665 1314 1714 δὲ
1339 1662 1417 1713 καὶ
1438 1660 1769 1728 Ἱπποκράτεα
1798 1682 1971 1730 τυραν-

316 1743 563 1795 νεύσαντα
592 1746 682 1795 ἴσα
719 1745 834 1796 ἔτεα
872 1749 939 1813 τῷ
981 1746 1211 1815 ἀδελφεῷ
1250 1745 1517 1815 Κλεάνδρῳ
1559 1744 1810 1812 κατέλαβε
1851 1747 1973 1799 ἀπο-

316 1831 485 1879 θανεῖν
510 1827 632 1894 πρὸς
663 1827 987 1901 πόλι“Ύ“βλῃ,
1015 1829 1445 1896 στρατευσάμενον
1468 1831 1550 1883 ἐπὶ
1580 1830 1694 1884 τοὺς
1717 1830 1970 1890 Σικελούς,

2006 1012 2056 1040 10

2003 1429 2050 1472 15

2000 1826 2051 1879 '20

315 1913 441 1962 οὕτω
478 1911 538 1977 δὴ
578 1914 604 1963 6
646 1907 817 1965 Γέλων
861 1918 926 1982 τῷ
971 1915 1107 1983 λόγῳ
1152 1913 1404 1982 τιμωρέων
1447 1919 1581 1966 τοῖσι
1624 1913 1974 1981 Ἱπποκράτεος
2021 1930 2028 1935 ’

316 1997 461 2049 παισὶ
520 1996 764 2068 Εὐκλείδῃ
817 2019 871 2050 τε
923 1997 1002 2049 καὶ
1055 1997 1338 2069 Κλεάνδρῳ,
1393 1998 1451 2050 οὐ
1500 1998 1824 2065 βουλομένων
1874 2004 1973 2050 τῶν

313 2080 592 2149 πολιητέων
638 2082 889 2146 κατηκόων
934 2082 1007 2133 ἔτι
1054 2082 1194 2143 εἶναι,
1241 2088 1307 2152 τῷ
1355 2082 1499 2152 ἔργῳ,
1550 2083 1614 2137 ὣς
1665 2081 1972 2150 ἐπεκράτησε

311 2164 451 2237 μάχῃ
494 2171 592 2218 τῶν
638 2171 859 2236 Γελῳων,
893 2188 1016 2234 ηρχε
1061 2187 1206 2220 αυτος
1250 2166 1599 2234 αποστερήσας
1643 2168 1756 2221 τοὺς
1798 2166 1968 2219 Ἱππο-

315 2248 516 2315 κράτεος
547 2253 741 2303 παῖδας.
827 2252 952 2315 μετὰ
992 2253 1044 2302 δὲ
1074 2256 1216 2302 τοῦτο
1242 2251 1314 2305 ,τὸ
1353 2252 1537 2318 εὕρημα
1574 2251 1687 2305 τοὺς
1727 2252 1973 2318 γαμόρους

315 2332 644 2399 καλεομένους
663 2339 760 2386 τῶν
770 2336 1087 2401 Συρηκοσίων
1106 2336 1412 2389 ἐκπεσόντας
1430 2336 1528 2387 ὑπό
1545 2357 1598 2387 τε
1617 2340 1701 2386 τοῦ
1719 2333 1871 2400 δήμου
1893 2335 1972 2386 καὶ

311 2423 409 2469 τῶν
441 2417 703 2485 σφετέρων
734 2419 941 2477 δούλων,
977 2418 1291 2484 καλεομένων
1322 2423 1375 2472 δὲ
1410 2420 1717 2486 Κυλλυρίων,
1742 2421 1769 2470 6
1799 2418 1972 2471 Γέλων

371 2570 389 2595 1
422 2556 654 2609 Πανδάρεως
676 2557 735 2595 C:
767 2556 969 2611 Πατάρεος
994 2557 1032 2595 R
1050 2572 1058 2597 :
1090 2557 1292 2610 Παταρέος
1314 2558 1347 2596 Ρ
1363 2556 1442 2596 SV
1555 2571 1581 2606 3
1612 2556 1810 2608 λαμβάνει
1834 2556 1970 2597 RSV

311 2625 337 2661 4
376 2613 572 2663 ἀδελφεὸς
603 2613 677 2652 ε’ών
705 2612 841 2651 ABC
998 2624 1024 2662 5
1062 2614 1306 2666 ἱεροφάντεω
1336 2611 1375 2649 Α
1392 2612 1428 2650 Β
1593 2614 1620 2651 6
1658 2614 1793 2652 Αἶνεσ.
1829 2611 1868 2650 R
1887 2610 1970 2651 SV

311 2669 515 2708 Παταΐκοῦ
536 2666 624 2705 ΑΒ
640 2667 674 2705 C
688 2666 721 2705 P
863 2666 946 2718 [bs]
971 2666 1132 2707 Reiske
1150 2681 1159 2706 :
1190 2666 1289 2708 υἱέος
1311 2667 1431 2706 Stein
1633 2668 1659 2705 8
1688 2666 1907 2718 ἀπεδείχθη
1929 2665 1969 2704 Α

309 2735 337 2771 9
364 2721 461 2774 γὰρ]
485 2720 530 2761 δὲ
552 2721 586 2759 C
766 2734 816 2759 10
844 2734 906 2772 pr.
928 2739 975 2762 τε
996 2722 1044 2772 C,
1070 2722 1141 2761 alt.
1164 2721 1301 2760 RSV
1322 2735 1404 2761 om.
1598 2734 1646 2759 12
1675 2719 1889 2772 πολέμοισι
1911 2720 1966 2760 S:

309 2775 601 2826 πολεμίοισι(ν>
623 2776 716 2816 rell.
741 2778 753 2786 ⁹
864 2789 912 2826 13
941 2775 1124 2828 πασέων]
1147 2775 1327 2817 τουτέων
1345 2775 1386 2814 Α
1401 2775 1436 2814 Β
1451 2776 1484 2814 C
1499 2776 1531 2814 P
1643 2775 1810 2816 -κοσίων
1831 2774 1870 2813 R
1886 2775 1916 2814 S
1930 2774 1970 2813 V

310 2829 493 2883 ἀπέφυγε
514 2830 633 2869 Eltz:
664 2830 842 2884 πέφευγε
865 2831 898 2868 L
1078 2833 1127 2870 16
1156 2830 1219 2882 δὲ]
1242 2830 1287 2872 δὲ
1307 2832 1371 2872 καὶ
1395 2831 1428 2870 C
1539 2833 1678 2871 τοῖσδε
1699 2829 1734 2868 L
1842 2846 1966 2871 κατα-

309 2884 501 2936 λέξαντες
519 2885 553 2923 Ρ
567 2886 606 2924 R
621 2885 651 2924 S
664 2886 703 2924 V
786 2903 834 2926 τε
856 2899 935 2925 om.
955 2886 993 2923 R
1128 2899 1174 2935 17
1200 2884 1426 2939 Καμάρῖναν
1446 2885 1484 2923 R
1650 2897 1699 2935 19
1720 2884 1966 2938 Κασσάνδρῳ

308 2938 348 2977 Α
362 2939 396 2977 Β
417 2954 426 2978 :
457 2938 673 2993 Κασάνδρῳ
688 2940 723 2978 C
890 2953 942 2990 27
974 2941 1197 2993 Κιλλυρίων
1216 2940 1257 2979 Α
1274 2955 1283 2980 :
1314 2939 1550 2993 Κυλληρίων
1571 2939 1607 2977 Β

1997 2264 2046 2311 2'5
