2132 3340
777 101 1155 151 ΙΣΤΟΡΙΩΝ
1217 102 1267 150 Θ

184 236 482 290 ἀπολιπόντι
525 236 638 290 τοὺς
686 233 995 306 συμμάχους.
1082 232 1236 286 ταῦτά
1278 255 1332 287 τε
1375 232 1476 300 ἅμα
1520 233 1727 301 ἠγόρευε
1772 237 1852 288 καὶ

183 320 365 387 πέμπει
396 322 476 374 ἐπὶ
505 320 595 387 τὴν
625 320 712 373 νέα
741 320 830 385 τὴν
854 317 1178 384 Ἀδειμάντου
1207 318 1431 371 τάλαντα
1461 320 1694 387 ἀργυρίου
1723 322 1850 387 τρία.

183 406 322 458 οὗτοί
361 427 414 458 τε
459 405 516 470 δὴ
558 404 836 473 πληγέντες
879 405 1086 471 δώροισι
1130 403 1554 469 ἀναπεπεισμένοι
1598 403 1729 469 ἦσαν
1771 406 1851 457 καὶ

181 495 314 542 τοῖσι
374 491 629 556 Εὐβοεῦσι
685 487 999 557 ἐκεχάριστο,
1062 487 1207 543 αὐτός
1265 510 1320 540 τε
1383 489 1409 539 ὁ
1469 488 1851 554 Θεμιστοκλέης

133 600 154 640 5
181 573 424 642 ἐκέρδηνε,
465 573 710 627 ἐλάνθανε
750 577 803 627 δὲ
843 576 905 625 τὰ
943 574 1098 625 λοιπὰ
1143 573 1288 642 ἔχων,
1333 572 1448 624 ἀλλ’
1488 573 1762 638 ἠπιστέατο
1804 577 1850 626 οἱ

178 660 553 725 μεταλαβόντες
576 659 762 711 τούτων
785 663 884 710 τῶν
913 657 1181 727 χρημάτων
1207 659 1382 710 ἐκτῶν
1405 657 1658 723 Ἀθηνέων
1681 660 1850 711 ἐλθεῖν

182 743 263 796 ἐπὶ
292 749 358 813 τῷ
389 745 526 814 λόγῳ
557 744 710 813 τούτῳ
743 739 821 809 [τὰ
851 738 1113 811 χρήματα].

263 829 408 880 Οὕτω
446 827 503 893 δὴ
543 826 832 893 κατέμεινάν
863 849 917 879 τε
955 828 1008 879 ἐν
1038 835 1098 900 τῇ
1131 826 1327 898 Εὐβοίῃ
1360 828 1438 879 καὶ
1475 826 1847 895 ἐναυμάχησαν.

181 911 378 979 ἐγένετο
424 915 478 965 δὲ
524 914 634 965 ὦδε·
700 912 864 965 ἐπείτε
914 911 971 976 δὴ
1020 913 1072 965 ἐς
1117 914 1207 965 τὰς
1255 910 1474 979 Ἀφέτας
1521 912 1633 978 περὶ
1680 914 1849 977 δείλην

107 1023 155 1051 10
179 998 369 1064 πρωίην
405 997 670 1065 γινομένην
706 997 919 1049 ἀπίκατο
956 999 1002 1049 οἱ
1039 995 1311 1064 βάρβαροι,
1345 997 1614 1062 πυθόμενοι
1649 999 1740 1062 μὲν
1776 997 1849 1050 ἔτι

179 1083 258 1134 καὶ
282 1076 520 1150 πρότερον
539 1082 650 1149 περὶ
673 1081 730 1133 τὸ
749 1081 1070 1148 Ἀρτεμίσιον
1094 1079 1386 1149 ναυλοχέειν
1409 1080 1525 1135 νέας
1547 1081 1849 1147 Ἑλληνίδας

177 1167 368 1234 ὀλίγας,
401 1167 512 1219 τότε
542 1169 594 1218 δὲ
624 1166 762 1218 αὐτοὶ
795 1166 997 1225 ἰδόντες,
1023 1166 1265 1232 πρόθυμοι
1296 1164 1428 1230 ἦσαν
1458 1165 1770 1234 ἐπιχειρέειν,
1805 1169 1852 1220 εἴ

178 1271 273 1305 κως
303 1251 465 1304 ἕλοιεν
496 1250 661 1305 αὐτάς.
738 1253 791 1302 ἐκ
821 1253 914 1316 μὲν
944 1250 1002 1315 δὴ
1034 1254 1123 1316 τῆς
1153 1251 1321 1315 ἀντίης
1353 1249 1662 1317 προσπλέειν
1692 1251 1749 1304 οὕ
1780 1252 1846 1303 κώ

177 1342 276 1403 σφι
306 1336 470 1389 ἐδόκεε
500 1339 656 1388 τῶνδε
686 1336 864 1396 εἵνεκα,
890 1334 956 1401 μή
990 1357 1085 1389 κως
1117 1336 1302 1388 ἰδόντες
1335 1338 1382 1388 οἱ
1402 1333 1657 1401 ’Έλληνες
1687 1358 1844 1404 προσ-

102 1446 150 1487 15
175 1418 420 1474 πλέοντας
457 1422 507 1475 ἐς
538 1419 703 1488 φυγὴν
736 1418 1010 1488 ὁρμήσειαν
1041 1419 1321 1488 φεύγοντάς
1356 1441 1411 1472 τε
1447 1420 1666 1487 εὐφρόνη
1698 1443 1844 1473 κατα-

173 1503 431 1578 λαμβάνῃ·
495 1505 573 1557 καὶ
620 1505 836 1571 ἔμελλον
883 1507 1032 1569 δῆθεν
1079 1503 1427 1570 ἐκφεύξεσθαι,
1476 1505 1576 1558 ἔδει
1625 1508 1679 1558 δὲ
1724 1509 1848 1572 μηδὲ

0 1606 145 1641 W
173 1590 433 1661 πυρφόρον
463 1594 530 1660 τῷ
562 1591 764 1642 ἐκείνων
792 1590 930 1659 λόγῳ
963 1590 1250 1657 ἐκφυγόντα
1281 1588 1649 1656 περιγενέσθαι.
1724 1590 1847 1657 πρὸς

173 1678 327 1725 ταῦτα
358 1672 427 1727 ὧν
450 1673 567 1726 τάδε
592 1673 945 1742 ἐμηχανέοντο·
991 1679 1091 1726 τῶν
1115 1679 1240 1726 νεῶν
1263 1673 1468 1726 πασέων
1492 1676 1847 1741 ἀποκρίναντες

158 1759 429 1822 ’διηκοσίας
458 1757 795 1826 περιέπεμπον
819 1757 1003 1824 ἔξωθεν
1028 1758 1256 1818 Σκιάθου,
1285 1758 1349 1812 ὡς
1378 1758 1441 1810 ἂν
1469 1758 1536 1824 μὴ
1560 1760 1846 1827 ὀφθείησαν

99 1865 150 1893 20
172 1841 266 1894 ὑπὸ
302 1848 400 1895 τῶν
431 1844 685 1909 πολεμίων
714 1842 1074 1911 περιπλέουσαι
1105 1843 1329 1909 Εὔβοιαν
1362 1842 1486 1895 κατά
1515 1865 1571 1896 τε
1603 1843 1846 1912 Καφηρέα

175 1926 255 1978 καὶ
290 1927 402 1994 περὶ
438 1927 712 1995 Γεραιστὸν
749 1929 799 1981 ἐς
834 1927 921 1980 τὸν
954 1928 1190 1994 Εὔριπον,
1229 1928 1310 1980 ἵνα
1345 1927 1403 1992 δὴ
1435 1927 1761 1995 περιλάβοιεν
1797 1932 1844 1981 οἱ

171 2013 264 2076 μὲν
301 2012 466 2084 χταύτῃ
517 2013 809 2078 ἀπικόμενοι
862 2012 940 2064 καὶ
992 2009 1272 2079 φράξαντες
1325 2011 1485 2065 αὐτῶν
1535 2012 1628 2078 τὴν
1678 2014 1843 2065 ὀπίσω

173 2094 429 2162 φέρουσαν
464 2096 597 2156 ὁδόν,
630 2102 782 2164 σφεῖς
818 2099 870 2148 δὲ
909 2097 1239 2162 ἐπισπόμενοι
1274 2094 1334 2160 ἐξ
1364 2098 1605 2162 ἐναντίης.
1691 2102 1845 2150 ταῦτα

171 2179 574 2246 βουλευσάμενοι
613 2180 908 2247 ἀπέπεμπον
948 2186 1048 2233 τῶν
1087 2186 1213 2234 νεῶν
1251 2182 1339 2234 τὰς
1376 2181 1666 2250 ταχθείσας,
1703 2183 1844 2235 αὐτοὶ

99 2286 148 2329 25
172 2263 258 2316 οὐκ
296 2266 350 2317 ἐν
379 2266 476 2336 νόῳ
513 2265 716 2335 ἔχοντες
750 2265 929 2331 ταύτης
965 2268 1052 2330 τῆς
1087 2264 1272 2333 ἡμέρης
1307 2271 1444 2318 τοῖσι
1465 2264 1697 2333 ’Έλλησι
1732 2268 1840 2320 ε’πι-

225 2414 251 2441 2
281 2401 373 2444 νέαν
393 2402 428 2443 C
448 2416 458 2442 :
487 2405 562 2453 νῆα
583 2402 623 2442 R
638 2403 668 2443 S
682 2403 720 2443 V
855 2402 953 2456 τὴν]
974 2407 1046 2445 τοῦ
1068 2403 1123 2443 P1
1312 2416 1339 2455 3
1365 2402 1433 2456 τε]
1455 2402 1500 2445 δὲ
1522 2404 1557 2446 C
1690 2404 1840 2449 πάντες

170 2455 259 2497 ΑΒ
274 2457 356 2497 CP
483 2469 524 2509 ‘5
556 2458 765 2509 ἐκέρδανεν
786 2457 827 2497 R
843 2458 923 2498 SV
1059 2460 1088 2497 6
1116 2457 1314 2507 Ἀθηνέων
1335 2458 1536 2499 Bekker:
1563 2459 1784 2508 Ἀθηναίων
1804 2461 1840 2500 L

172 2523 195 2560 7
225 2514 277 2553 τὰ
296 2512 487 2566 χρήματα
505 2525 586 2552 om.
612 2513 654 2552 R
668 2512 750 2553 SV
859 2526 887 2563 9
915 2514 964 2563 δὴ
987 2526 1068 2553 om.
1096 2513 1135 2551 R
1153 2513 1234 2553 SV
1343 2514 1436 2555 τοὺς
1460 2514 1501 2554 R
1611 2513 1840 2567 Ἀφετάςν

174 2578 225 2605 10
251 2567 475 2619 ’γενομένην
498 2567 537 2605 R
553 2567 583 2606 S
597 2567 637 2606 V
762 2580 806 2606 11
838 2569 887 2609 τὸ
902 2581 985 2608 om.
1003 2567 1043 2606 A
1059 2567 1093 2606 B
1110 2568 1144 2606 C
1229 2570 1324 2617 νῆας
1341 2568 1383 2607 R
1398 2568 1480 2609 SV
1609 2581 1658 2607 12
1687 2567 1808 2611 τότε.
1822 2597 1835 2610 .

170 2620 324 2663 ἰδόντες
345 2634 428 2662 orn.
453 2621 493 2659 R
509 2621 592 2661 SV
787 2634 836 2672 13
865 2624 993 2663 -πλώ-
1015 2622 1055 2661 R
1069 2622 1151 2662 SV
1347 2635 1396 2672 14
1428 2624 1555 2665 εἵνεκε
1578 2623 1618 2663 R
1756 2641 1839 2667 πως

170 2675 384 2716 ABCP:
413 2689 496 2716 om.
523 2676 660 2716 RSV
790 2677 1004 2730 προσπλώ-
1028 2677 1165 2716 RSV
1354 2689 1402 2727 15
1433 2678 1650 2727 καταλάβῃ
1672 2677 1836 2719 RSV:

170 2730 311 2778 -λᾶβοι
329 2731 363 2770 Ρ
478 2733 528 2771 16
556 2730 768 2784 φεύξεσθαι
790 2731 911 2771 Stein
1027 2745 1074 2781 17
1105 2731 1222 2784 λόχω
1244 2732 1283 2770 R
1298 2731 1381 2772 SV
1495 2733 1545 2771 18
1574 2736 1679 2782 νηῶν
1701 2733 1740 2772 R
1756 2733 1840 2773 SV

170 2784 358 2827 ἁπασέων
378 2786 491 2835 vulg.
676 2800 725 2838 19
754 2786 1027 2840 περιέπεμψαν
1048 2787 1120 2838 ἔξω
1143 2786 1183 2825 R
1198 2787 1281 2827 SV
1391 2786 1630 2841 ὀφθέωσι(ν)
1652 2787 1687 2826 Ρ
1701 2787 1741 2827 R
1755 2788 1840 2828 SV

169 2853 223 2877 20
252 2842 379 2882 ιπλώ-
401 2841 440 2880 R
455 2841 538 2882 SV
676 2854 724 2880 21
758 2843 843 2895 περὶ
867 2854 947 2881 om.
975 2841 1014 2881 R
1030 2842 1112 2881 SV
1223 2843 1419 2895 Γερεστὸν
1441 2841 1524 2882 SV
1660 2856 1714 2882 22
1740 2842 1836 2895 μὲν]

169 2893 244 2943 μὲν
263 2896 312 2943 δὴ
336 2896 374 2935 R
393 2896 475 2936 SV
677 2910 730 2947 23
772 2897 998 2948 ἐξεναντίας
1022 2897 1062 2936 R
1081 2898 1111 2937 S
1127 2897 1166 2937 V
1367 2910 1419 2946 24
1450 2898 1526 2947 τὴν
1548 2896 1588 2938 R
1735 2902 1841 2950 νηῶν

173 2948 308 2990 RSV

1896 105 2037 158 vm.
2061 119 2096 171 5

1886 1269 1912 1300 2

1885 1605 1915 1655 ⁷
1936 1683 1939 1684 ι
