2132 3340
746 101 1129 151 ιΣτοΡιΩΝ
1193 101 1241 149 Η
1870 63 2102 167 V11.225

157 235 358 306 Ξέρξεώ
398 258 453 289 τε
489 234 547 300 δὴ
594 235 683 291 δύο,
724 235 966 302 ἀδελφεοὶ
1012 236 1223 286 ἐνθαῦτα
1267 234 1507 286 πίπτουσι
1550 234 1827 302 μαχόμενοι
1866 251 1966 302 225

155 319 283 389 (καὶ)
311 323 435 387 ὑπὲρ
464 325 550 373 τοῦ
580 324 754 386 νεκροῦ
783 324 869 370 τοῦ
900 320 1160 371 Λεωνίδεω
1193 318 1437 385 Περσέων
1467 340 1520 370 τε
1552 318 1632 370 καὶ
1665 323 1823 372 Λακε-

156 407 424 472 δαιμονίων
465 404 686 470 ὠθισμὸς
727 405 920 471 ἐγίνετο
959 404 1183 463 πολλός,
1214 405 1264 456 ἐς
1300 402 1327 453 ὃ
1364 403 1542 455 τοῦτόν
1581 425 1636 456 τε
1676 405 1825 476 ἀρετῇ

155 494 202 544 οἱ
245 489 499 556 ’Έλληνες
549 488 879 556 ὑπεξείρυσαν
932 489 1011 540 καὶ
1063 486 1342 556 ἐτρέψαντο
1400 488 1516 542 τοὺς
1575 490 1827 543 ἐναντίους

107 601 131 642 5
155 575 395 644 τετράκις.
483 579 629 627 τοῦτο
665 576 719 626 δὲ
757 571 1062 638 συνεστήκεε
1096 572 1246 641 μέχρι
1276 573 1332 624 οῦ
1363 575 1409 625 οἱ
1448 572 1542 626 σὺν
1574 573 1826 647 Ἐπιάλτῃ

155 659 503 729 παρεγένοντο.
594 658 660 713 ὣς
695 660 750 711 δὲ
784 659 990 713 τούτους
1026 658 1165 723 ἥκειν
1202 659 1446 710 ἐπύθοντο
1482 661 1528 711 οἱ
1552 657 1823 724 οΈλληνες,
1863 680 1889 713 2

156 747 383 798 ἐνθεῦτεν
423 743 514 810 ἤδη
556 746 831 811 ἑτεροιοῦτο
870 741 928 796 τὸ
963 748 1142 797 νεῖκος·
1189 742 1241 797 ἔς
1283 764 1337 795 τε
1380 745 1476 811 γὰρ
1520 743 1578 795 τὸ
1624 743 1825 797 στεινὸν

155 833 242 895 τῆς
278 831 394 882 ὁδοῦ
434 829 714 898 ἀνεχώρεον
754 828 917 881 ὀπίσω
960 828 1041 880 καὶ
1080 827 1520 896 παραμειψάμενοι
1561 828 1618 880 τὸ
1657 833 1825 898 τεῖχος

154 915 390 968 ἐλθόντες
434 915 597 978 ἵζοντο
642 913 723 965 ἐπὶ
767 912 855 965 τὸν
899 911 1122 965 κολωνὸν
1166 911 1349 967 πάντες
1392 911 1539 967 ἁλέες
1583 916 1629 966 οἱ
1674 913 1824 966 ἄλλοι

85 1021 133 1050 10
155 998 290 1065 πλὴν
322 999 587 1064 Θηβαίων.
662 998 688 1049 6
719 1000 773 1051 δὲ
803 998 1024 1052 κολωνός
1055 999 1166 1050 ἐστι
1198 999 1253 1051 ἐν
1282 998 1342 1070 τῇ
1373 999 1552 1068 ἐσόδῳ,
1587 999 1706 1050 ὅκου
1735 1002 1823 1051 νῦν
1869 1047 1890 1057 ,

155 1085 183 1136 6
211 1084 404 1137 λίθινος
437 1082 568 1136 λέων
599 1083 782 1149 ἕστηκε
817 1082 1173 1155 ἐπὶ-Λεωνίδῃ.
1262 1083 1317 1135 ἐν
1361 1082 1517 1152 τούτῳ
1555 1082 1721 1150 σφέας
1764 1084 1832 1154 τῷ
1860 1055 2132 1149 {mm

0 1167 61 1222 ko
154 1169 301 1239 χώρῳ
346 1166 679 1234 ἀλεξομένους
716 1167 880 1236 μαχαί
907 1188 1011 1240 ῃσι,
1051 1171 1186 1220 τοῖσι
1226 1167 1389 1220 αὐτῶν
1431 1167 1708 1236 ἐτύγχανον
1750 1168 1825 1220 ἔτι

154 1257 458 1321 περιεοῦσαι,
494 1253 572 1304 καὶ
602 1252 747 1322 χερσχ
791 1273 818 1304 κ
853 1251 869 1304 ὶ
900 1252 1123 1318 στόμασι
1152 1251 1452 1320 κατέχωσαν
1482 1253 1528 1304 οἳ
1563 1252 1823 1319 βάρβαροι
1859 1242 2132 1324 muts—kausa

153 1337 454 1405 βάλλοντες,
501 1339 548 1389 οἱ
586 1339 679 1403 μὲν
717 1334 779 1401 ἐξ
816 1337 1041 1402 ἐναντίης
1080 1337 1413 1403 ἐπισπόμενοι
1453 1337 1533 1389 καὶ
1571 1336 1629 1389 τὸ
1670 1336 1824 1405 ἔρυμα
1894 1311 2117 1355 '‘⁸⁸⁰‘'

83 1443 129 1485 15
154 1427 242 1475 τοῦ
290 1423 484 1491 τείχεος
534 1422 910 1491 συγχώσαντες,
964 1424 1012 1475 οἱ
1063 1424 1117 1475 δὲ
1169 1422 1519 1490 περιελθόντες
1575 1421 1824 1475 πάντοθεν

89 1519 91 1522 ’
154 1507 472 1575 περισταδόν.

237 1591 640 1658 Λακεδαιμονίων
691 1593 745 1644 δὲ
798 1591 876 1643 καὶ
928 1590 1200 1644 Θεσπιέων
1250 1591 1489 1644 τοιούτων
1538 1590 1822 1660 γενομένων
1860 1598 1964 1647 226

154 1676 286 1742 ὅμως
313 1675 517 1744 λέγεται
547 1675 672 1744 ἀνὴρ
701 1675 905 1744 ἄριστος
940 1675 1181 1744 γενέσθαι
1212 1676 1524 1744 Σπαρτιήτης
1558 1676 1821 1742 Διηνέκης·

153 1760 242 1814 τὸν
270 1761 385 1814 τόδε
415 1761 547 1829 φασὶ
580 1763 738 1814 εἰπεῖν
765 1760 822 1813 τὸ
845 1759 962 1814 ἔπος
986 1761 1102 1828 πρὶν
1131 1757 1161 1826 ἢ
1195 1761 1468 1827 συμμεῖξαί
1494 1769 1658 1830 σφεας
1688 1766 1824 1814 τοῖσι

81 1866 132 1896 20
159 1844 399 1910 Μήδοισι,
437 1846 719 1912 πυθόμενον
755 1845 879 1913 πρός
914 1866 999 1898 τευ
1032 1850 1132 1898 τῶν
1165 1847 1451 1915 Τρηχινίων
1489 1846 1553 1900 ὡς
1591 1849 1743 1899 ἐπεὰν
1779 1849 1824 1898 οἱ

154 1929 410 1999 βάρβαροι
439 1931 631 1983 ἀπίωσι
659 1931 721 1983 τὰ
750 1928 1042 1996 τοξεύματα,
1069 1928 1333 1996 τὸνῆλιον
1361 1928 1457 1983 ὑπὸ
1490 1936 1577 1982 τοῦ
1607 1930 1825 1996 πλήθεος

90 2004 94 2009 ’
155 2018 254 2068 τῶν
273 2016 459 2068 ὀϊστῶν
482 2015 872 2082 ἀποκρύπτουσι·
917 2019 1131 2067 τοσοῦτο
1153 2018 1346 2080 πλῆθος
1365 2016 1527 2068 αὐτῶν
1552 2015 1694 2068 εἶναι·
1737 2016 1824 2069 τὸν
1864 2037 1890 2069 2

155 2102 209 2152 δὲ
241 2099 327 2152 οὐκ
359 2098 675 2168 ἐκπλαγέντα
704 2100 926 2152 τούτοισι
958 2101 1132 2160 εἰπεῖν,
1158 2101 1213 2152 ἐν
1235 2101 1418 2172 ἀλογίῃ
1444 2100 1738 2166 ποιεύμενον
1769 2105 1823 2152 τὸ

155 2189 254 2237 τῶν
279 2182 467 2250 Μήδων
497 2187 704 2249 πλῆθος,
733 2183 798 2238 ὣς
820 2182 984 2243 πάντα
1007 2191 1105 2252 σφι
1128 2185 1292 2253 ἀγαθὰ
1315 2187 1341 2236 6
1362 2186 1633 2253 Τρηχίνιος
1664 2182 1825 2248 ξεῖνος

81 2287 128 2330 25
157 2268 419 2337 ἀγγέλλοι,
452 2270 497 2322 εἷ
526 2269 941 2337 ἀποκρυπτόντων
970 2273 1069 2321 τῶν
1093 2267 1282 2334 Μήδων
1311 2273 1398 2322 τὸν
1421 2270 1566 2334 ἥλιον
1589 2269 1684 2321 ὑπὸ
1709 2276 1825 2343 σκιῇ

157 2353 328 2407 ἔσοιτο
368 2352 491 2421 πρὸς
528 2352 705 2408 αὐτοὺς
739 2353 770 2419 ἡ
799 2351 935 2421 μάχη
976 2354 1055 2406 καὶ
1097 2353 1184 2406 οὐκ
1223 2355 1276 2406 ἐν
1314 2354 1458 2424 ἡλίῳ.
1546 2359 1698 2406 ταῦτα
1731 2356 1823 2420 μὲν
1884 2375 1887 2376 ’

213 2506 231 2532 1
274 2494 322 2543 δὴ
354 2505 435 2534 orn.
470 2492 509 2532 R
533 2492 564 2532 S
584 2492 623 2532 V
732 2491 978 2545 μαχεόμενοι
1010 2491 1052 2531 R
1071 2491 1103 2532 S
1125 2492 1164 2531 V
1327 2505 1353 2531 2
1391 2493 1457 2534 καὶ
1487 2493 1582 2533 add.
1615 2492 1825 2546 Schaefer

156 2547 201 2590 δὲ
220 2548 261 2588 R
275 2548 358 2588 SV
549 2560 576 2598 3
608 2546 771 2601 ἐγένετο
793 2548 827 2587 C
843 2548 876 2586 P
1062 2560 1088 2598 4
1117 2546 1405 2602 ὖπερεξέρυσαν
1427 2547 1467 2586 Α
1484 2548 1518 2586 Β
1533 2547 1566 2586 C
1590 2547 1820 2600 (-ἐρρυσαν)

155 2613 182 2652 5
227 2602 373 2658 μέχρις
415 2602 455 2641 R
482 2603 519 2641 V
742 2615 763 2651 7
815 2604 1065 2656 ἑτεροιοῦντο
1109 2602 1150 2640 R
1179 2602 1210 2641 S
1232 2602 1272 2641 V
1434 2613 1544 2644 ’νικος
1598 2601 1700 2641 ΡἨ
1729 2602 1759 2642 S
1783 2603 1829 2641 V·

154 2659 181 2697 8
228 2659 452 2712 ἆνεχῶρεεν
496 2657 536 2696 R
556 2657 595 2697 V
836 2670 884 2697 12
932 2660 1030 2712 τῇσι
1070 2657 1110 2697 Α
1133 2657 1168 2696 Β
1191 2657 1225 2696 C
1471 2667 1520 2705 15
1569 2656 1746 2698 πάντοθε
1787 2657 1822 2696 C

159 2713 209 2751 18
251 2714 412 2767 ἄριστος
453 2713 551 2765 ἀνὴρ
594 2711 628 2750 Ρ
651 2713 688 2751 R
713 2711 743 2751 S
766 2711 804 2749 V
970 2711 1164 2762 Διηνέκυς
1204 2713 1242 2751 R
1460 2724 1509 2761 19
1557 2716 1744 2764 συμμιξαι
1790 2713 1823 2751 L

155 2779 209 2806 20
239 2767 474 2819 πειθόμενον
509 2767 646 2807 RSV
812 2779 860 2806 21
899 2767 1044 2808 ἀπίωσι
1077 2767 1263 2807 Dindorf
1275 2781 1284 2806 :
1319 2765 1466 2820 ἆφίωσι
1498 2766 1636 2805 SVR
1669 2766 1823 2819 (-o·o=)t

157 2822 322 2864 ἀπιέωσι
347 2822 388 2861 Α
403 2823 438 2862 Β
453 2822 488 2862 C
503 2822 537 2862 E
553 2822 587 2861 P
764 2834 818 2860 22
846 2825 1046 2863 τοσοῦτον
1067 2822 1102 2860 Ε
1117 2821 1157 2860 R
1177 2835 1186 2861 ε
1214 2821 1392 2863 τοσοῦτό
1411 2838 1451 2862 τι
1474 2821 1532 2865 P:
1563 2821 1761 2862 τοσοῦτόν
1779 2839 1821 2863 τι

159 2876 264 2917 SV:
295 2881 468 2920 τοσοῦτο
489 2878 538 2920 τὸ
556 2876 821 2918 Valckenaer
948 2890 1001 2927 23
1030 2876 1230 2927 τούτοισι]
1254 2879 1377 2918 τοῦτο
1400 2875 1439 2913 R
1454 2875 1546 2915 SV·
1665 2888 1717 2926 24
1739 2880 1823 2918 τῶν

158 2944 239 2971 om.
262 2931 301 2970 A
318 2931 353 2971 B
372 2932 406 2972 C
424 2931 459 2972 P
639 2944 692 2984 25
722 2934 895 2986 ἄγγελοι
916 2931 978 2972 C:
1009 2931 1183 2986 ἄγγε’λοι
1206 2931 1270 2974 R:
1301 2930 1556 2985 ἀπαγγέλλοι
1581 2929 1615 2969 Ε
1664 2958 1665 2961 =
1739 2934 1834 2986 τῶν-

158 2999 240 3027 om.
263 2986 356 3027 RV
