2132 3340
701 38 1077 126 lEVTOPIQN
1138 78 1188 126 H
1819 87 1930 137 v11.
1960 99 2030 150 34

115 209 280 265 ἐκεῖνα
317 205 478 260 πάντα
519 207 598 260 καὶ
634 206 870 260 διέλυσε.’
941 208 1006 262 ὡς
1049 208 1091 260 δ’
1138 209 1345 262 ἐπύθετο
1391 207 1599 277 Ξέρξης,
1644 210 1780 261 δεινὰ
1818 224 1885 276 35

115 292 402 358 ποιεύμενος
425 290 510 343 τὸν
533 290 919 357 Ἑλλήσποντον
944 291 1180 346 ἐκέλευσε
1203 294 1490 360 τριηκοσίας
1521 291 1782 345 ἐπικέσθαι

116 375 322 443 μάστιγι
355 377 552 443 πληγὰς
585 375 663 428 καὶ
696 381 913 428 κατεῖναι
944 378 995 430 ἐς
1031 376 1088 429 τὸ
1119 375 1341 445 πέλαγος
1371 376 1562 430 πεδέων
1595 377 1777 444 ζεῦγος.

116 459 206 526 ἤδη
239 462 293 512 δὲ
323 458 512 525 ἤκουσα
544 459 607 513 ὡς
640 460 720 512 καὶ
751 459 954 528 στιγέας
985 459 1086 526 ἅμα
1115 460 1339 513 τούτοισι
1371 460 1641 529 ἀπέπεμψε
1674 463 1779 514 στί·

69 564 92 605 5
117 543 294 609 ξοντας
332 543 420 596 τὸν
458 542 863 608 Ἑλλήσποντον.
953 539 1245 597 Ιἐνετέλλετο
1282 549 1335 598 δὲ
1376 544 1445 597 ὧν
1483 547 1779 612 ῥαπίζοντας
1818 561 1844 594 2

116 627 286 696 λέγειν
315 627 555 695 βάρβαρά
585 649 639 681 τε
671 630 749 681 καὶ
780 627 1060 680 ἀτάσθαλα·
1109 628 1181 680 Ἷὶ
1213 629 1388 697 πικρὸν
1418 631 1562 696 ὕδωρ,
1596 631 1778 682 δεσπό-

117 735 204 778 της
239 734 316 764 τοι
348 713 488 777 δίκην
525 714 738 765 ἐπιτιθεῖ
768 711 932 778 τήνδε,
966 715 1041 765 ὅτι
1077 735 1161 778 μιν
1197 714 1439 778 ἠδίκησας
1476 713 1619 766 οὐδὲν
1659 713 1781 780 πρὸς

117 798 315 849 ἐκείνου·
349 796 515 848 ἄδικον
559 798 734 849 παθόν.
826 797 904 849 καὶ
949 797 1196 862 βασιλεὺς
1235 801 1328 863 μὲν
1369 796 1561 865 Ξέρξης
1601 797 1778 864 διαβή-

118 883 266 933 σεταί
291 903 367 940 σε,
393 879 452 945 ἤν
484 902 538 934 τε
569 881 636 932 σύ
665 903 723 948 γε
758 882 924 953 βούλῃ
961 881 1023 947 ἤν
1053 903 1107 934 τε
1136 881 1220 947 μή·
1285 883 1369 935 σοὶ
1401 884 1454 934 δὲ
1486 884 1608 933 κατὰ
1639 884 1780 947 δίκην

43 983 92 1012 ιο
115 965 210 1032 ἄρα
239 965 396 1019 οὐδεὶς
426 966 696 1033 ἀνθρώπων
729 966 833 1018 θύει
865 966 930 1020 ὡς
961 967 1094 1018 ἐόντι
1131 966 1210 1018 καὶ
1242 970 1432 1037 θολερῷ
1467 966 1544 1018 καὶ
1577 969 1779 1037 ἁλμυρῷ

116 1055 336 1120 ποταμῷ.
409 1047 499 1114 τήν
529 1072 583 1102 τε
613 1050 670 1114 δὴ
702 1042 1296 1102 θάλασσαν’ἐνετέλλετο
1327 1052 1549 1102 τούτοισι
1581 1052 1779 1116 ζημιοῦν
1817 1066 1844 1111 3
1882 1093 1886 1097 .
1926 1094 1929 1098 .

117 1135 196 1187 καὶ
225 1132 335 1186 τῶν
353 1134 677 1186 ἐπεστεώτων
713 1142 773 1207 τῇ
812 1134 940 1200 ζεύξι
971 1140 1058 1186 τοῦ
1086 1134 1476 1200 Ἑλλησπόντου
1505 1136 1780 1201 ἀποταμεῖν

114 1220 202 1273 τὰς
237 1217 477 1286 κεφαλάς.
568 1219 647 1270 καὶ
682 1221 728 1271 οἱ
761 1222 853 1284 μὲν
892 1223 1042 1270 ταῦτα
1078 1220 1276 1271 ἐποίεον
1311 1225 1447 1272 τοῖσι
1484 1214 1779 1286 προσέκειτο
1818 1227 1888 1287 36

116 1303 235 1367 αὕτη
266 1303 296 1368 ἡ
328 1302 504 1371 ἄχαρις
534 1302 665 1368 τιμή,
698 1305 787 1357 τὰς
818 1305 870 1356 δὲ
901 1302 1051 1374 ἄλλοι
1082 1303 1427 1372 ἀρχιτέκτονες
1459 1303 1784 1370 ἐζεύγνυσαν*

66 1407 89 1447 5
114 1387 417 1455 ἐζεύγνυσαν
447 1390 502 1440 δὲ
531 1390 642 1439 ὧδε·
689 1387 1105 1455 πεντηκοντέρους
1133 1388 1211 1440 καὶ
1235 1387 1462 1455 τριήρεας
1494 1387 1774 1448 συνθέντες,

113 1471 209 1523 ὑπὸ
246 1474 357 1538 μὲν
385 1471 475 1536 τὴν
520 1472 640 1539 πρὸς
684 1477 770 1524 τοῦ
808 1471 1046 1537 Εὐξείνου
1088 1474 1286 1524 Πόντου
1322 1471 1564 1537 ἑξήκοντά
1604 1494 1657 1525 τε
1699 1474 1778 1525 καὶ

114 1558 415 1623 τριηκοσίας,
448 1556 544 1608 ὑπὸ
575 1560 629 1609 δὲ
658 1556 749 1621 τὴν
780 1556 953 1623 ἑτέρην
983 1558 1440 1624 τεσσερεσκαίδεκα
1470 1557 1550 1608 καὶ
1580 1579 1773 1623 τριηκο-

115 1641 244 1699 σίας,
285 1646 372 1692 τοῦ
417 1643 510 1706 μὲν
560 1642 756 1693 Πόντου
807 1642 1115 1714 ἐπικαρσίας,
1158 1646 1244 1692 τοῦ
1289 1644 1341 1693 δὲ
1389 1641 1777 1705 Ἑλλησπόντου
1798 1633 2132 1735 ἀκνῖφὲζνῖ

115 1725 237 1776 κατὰ
265 1725 401 1792 ῥόον,
426 1726 509 1777 ἵνα
539 1725 828 1796 ἀνακωχεύῃ
852 1724 939 1776 τὸν
969 1726 1116 1777 τόνον
1147 1731 1245 1777 τῶν
1277 1727 1464 1778 ὅπλων·
1512 1724 1776 1779 συνθέντες
1815 1748 1842 1794 2ι
1860 1723 2132 1793 som-3194&

113 1811 166 1861 δὲ
196 1809 411 1876 ἀγκύρας
447 1813 662 1874 κατῆκαν
700 1808 1013 1876 περιμήκεας,
1048 1811 1136 1863 τᾶς
1171 1813 1263 1874 μὲν
1300 1809 1422 1877 πρὸς
1457 1814 1543 1860 τοῦ
1579 1781 2132 1875 Πόντουῗῑογὸῖιωά

112 1895 199 1957 τῆς
227 1891 397 1960 ἑτέρης
425 1899 525 1944 τῶν
555 1892 750 1958 ἀνέμων
775 1895 961 1945 εἵνεκεν
984 1898 1082 1944 τῶν
1113 1894 1303 1945 ἔσωθεν
1335 1894 1661 1958 ἐκπνεόντων,
1688 1897 1776 1958 τῆς

113 1978 166 2028 δὲ
198 1975 368 2044 ἑτέρης
397 1976 518 2044 πρὸς
550 1977 767 2044 ἑσπέρης
797 2000 852 2030 τε
889 1978 967 2029 καὶ
1004 1983 1090 2029 τοῦ
1122 1979 1331 2044 Αἰγαίου
1365 1978 1574 2044 ζεφύρου
1605 1999 1660 2030 τε
1691 1979 1771 2029 καὶ
1849 2048 1852 2051 ⁴
2111 1995 2120 1999 ‘

111 2057 258 2119 νότου
308 2063 486 2114 εἵνεκα.
596 2061 862 2113 διέκπλοον
913 2065 967 2124 δὲ
1016 2062 1303 2129 ὑπόφαυσιν
1357 2061 1625 2127 κατέλιπον
1675 2067 1775 2113 τῶν
1803 2048 2132 2133 &bmo‘ffl

111 2144 512 2212 πεντηκοντέρων
542 2146 623 2197 καὶ
654 2140 917 2214 Ἰ’τριχοΰΊζ
952 2147 1034 2197 ἵνα
1074 2147 1151 2198 καὶ
1190 2148 1239 2199 ἐς
1268 2145 1354 2197 τὸν
1388 2146 1586 2197 Πόντον
1616 2145 1708 2217 ἔχῃ
1746 2147 1772 2195 ὁ
2130 2140 2132 2146 ’

38 2255 86 2298 ²5
111 2231 423 2296 βουλόμενος
462 2229 636 2282 πλέειν
681 2231 909 2282 πλοίοισι
953 2235 1189 2282 λεπτοῖσι
1233 2230 1313 2281 καὶ
1359 2232 1412 2281 ἐκ
1448 2235 1536 2280 τοῦ
1574 2230 1772 2281 Πόντου

112 2312 220 2379 ἔξω.
289 2319 441 2366 ταῦτα
472 2317 525 2367 δὲ
556 2313 856 2380 ποιήσαντες
889 2314 1168 2366 κατέτεινον
1200 2316 1254 2366 ἐκ
1284 2317 1375 2380 γῆς
1406 2318 1772 2380 στρεβλοῦντες
1811 2330 1838 2373 3

0 2399 274 2472 ωςόνο-ισι
312 2398 560 2464 ξυλίνοισι
596 2401 656 2450 τὰ
693 2400 841 2458 ὅπλα,
882 2398 1044 2460 οὐκέτι
1081 2399 1234 2467 χωρὶς
1272 2397 1478 2465 ἑκάτερα
1516 2395 1769 2460 τάξαντες,
1804 2396 2094 2471 Wssfiussn.

164 2549 190 2575 2
220 2535 381 2578 ἐκέλευε
404 2537 438 2575 C
631 2549 656 2585 3
687 2540 816 2577 πεδῶν
838 2536 876 2574 R
892 2536 973 2575 SV
1167 2547 1191 2584 5
1221 2536 1269 2584 δὴ
1293 2535 1326 2573 Ρ
1342 2535 1379 2572 R
1396 2534 1476 2574 S'V
1553 2578 1557 2580 ,
1665 2537 1693 2574 6
1721 2537 1774 2577 τὰ

111 2590 294 2645 βάρβαρά.
314 2590 353 2629 R
369 2591 399 2630 S
412 2590 449 2628 V
559 2591 744 2631 τάσθαλα
766 2591 805 2629 R
992 2604 1014 2640 7
1046 2607 1109 2632 σοι
1132 2591 1166 2629 E
1183 2591 1219 2629 R
1235 2590 1265 2628 S
1279 2589 1316 2627 V
1481 2590 1507 2627 8
1536 2591 1670 2630 παθὼν
1691 2589 1789 2628 SV-

109 2660 137 2697 9
174 2645 243 2698 σε]
277 2649 321 2687 δε
354 2645 394 2684 R
583 2659 632 2684 10
672 2650 820 2697 θολερῷ
852 2644 1029 2686 Eldick:
1069 2649 1220 2697 δολερῷ
1253 2645 1286 2682 L
1479 2657 1521 2683 11
1563 2644 1631 2695 τε]
1662 2643 1706 2685 δὲ
1737 2645 1771 2683 C

115 2713 164 2740 12
195 2703 326 2742 ἐπιστ.
351 2700 389 2738 R
405 2700 442 2739 V
569 2699 691 2753 ζεύξει
711 2699 750 2738 Α
765 2700 800 2738 Β
816 2700 850 2739 C
863 2699 897 2738 E
913 2700 952 2738 R
966 2699 1004 2739 V
1191 2711 1237 2747 13
1268 2698 1347 2739 οῖσι
1370 2699 1403 2737 C
1525 2697 1772 2751 προσεκέετο

113 2755 152 2794 R
175 2755 205 2794 S
225 2755 264 2794 V
508 2768 554 2805 17
605 2756 679 2795 ὑπὸ
701 2784 710 2794 .
735 2785 744 2794 .
771 2785 781 2794 .
805 2754 1038 2808 τριηκοσίας
1078 2767 1159 2795 om.
1206 2754 1242 2792 R
1259 2754 1339 2793 SV
1523 2769 1690 2805 τεσσαρ.
1733 2752 1774 2791 Α

114 2822 163 2859 19
191 2809 438 2862 ἆνακωχεύει
460 2809 529 2849 R:
558 2826 650 2850 -ωσι
674 2809 833 2847 Reiske
946 2808 1101 2860 ὅπλων]
1126 2808 1258 2849 πόνων
1280 2807 1330 2846 Ct
1464 2820 1518 2846 20
1547 2808 1774 2856 κατήκασιν

112 2864 151 2903 R
174 2865 205 2904 S
227 2864 304 2916 [V]
360 2891 403 2915 v0
473 2865 687 2916 ἐπιμήκεας
718 2865 752 2902 C
904 2902 914 2908 ,
1001 2876 1053 2902 22
1093 2862 1259 2915 ζεφύρου
1289 2874 1556 2910 anonymus:
1596 2864 1708 2915 εὔρου
1739 2862 1773 2900 L

110 2932 162 2969 23
192 2918 391 2972 ὑπόφασιν
418 2920 452 2958 C
609 2931 661 2967 24
690 2920 813 2979 τριχῆ
837 2917 867 2957 S
884 2916 959 2970 [V]
982 2931 991 2956 :
1020 2916 1213 2970 τριηρέων
1231 2930 1357 2957 anon.
1379 2930 1389 2956 ς
1419 2916 1610 2970 τριηρέων
1630 2919 1774 2970 τριχοῦ

114 2974 269 3014 Petau:
299 2973 492 3028 τριηρέων
513 2976 630 3026 διχοῦ
651 2973 812 3013 comeci
981 2983 1033 3020 25
1063 2970 1226 3012 πλόοισι
1251 2972 1287 3009 R
1302 2971 1341 3009 V
