2132 3340
759 96 1139 147 ΙΣΤΟΡΙΩΝ
1199 98 1250 146 Θ

168 227 352 282 ἔδοσαν
394 227 697 293 νησιωτέων,
745 228 831 281 οὐκ
876 226 978 296 ἔχω
1023 227 1196 280 εἰπεῖν·
1285 226 1439 279 δοκέω
1484 226 1540 279 δέ
1583 249 1719 281 τινας
1764 228 1843 279 καὶ

167 313 354 368 ἄλλους
382 317 553 367 δοῦναι
585 313 664 365 καὶ
694 312 752 364 οὐ
780 311 982 366 τούτους
1017 311 1245 378 μούνους.
1319 312 1478 364 καίτοι
1509 313 1846 378 Καρυστίοισί

1887 97 2027 148 VIII.
2058 111 2132 148 112

1878 334 1905 378 3

166 419 226 466 γε
255 399 397 450 οὐδὲν
425 398 602 450 τούτου
625 397 790 450 εἵνεκα
810 401 899 449 τοῦ
922 401 1070 448 κακοῦ
1092 396 1351 464 ὑπερβολὴ
1377 396 1592 464 ἐγένετο·
1656 395 1840 464 Πάριοι
1861 397 2031 467 aulo-«2

167 484 220 534 δὲ
245 481 601 548 Θεμιστοκλέα
623 480 850 550 χρήμασι
874 479 1174 547 ιλασᾴμενοι
1192 479 1433 549 διέφυγον
1455 481 1512 533 τὸ
1537 480 1837 548 στράτευμα.
1867 474 2132 549 vbi-&⁴3⁴3

118 589 140 628 5
167 565 548 633 Θεμιστοκλέης
575 565 668 633 μέν
691 588 778 619 νυν
802 564 900 631 ἐξ”
903 570 1098 633 Ανδρου
1129 565 1413 633 ὁρμώμενος
1443 565 1676 653 χρήματα
1706 568 1840 633 παρὰ

165 651 451 717 νησιωτέων
482 653 657 703 ἐκτᾶτο
686 650 847 724 λάθρη
878 656 978 703 τῶν
1007 650 1181 703 ἄλλων
1213 656 1525 718 στρατηγῶν.

246 738 313 789 Οἱ
350 735 392 789 δ’
423 735 553 804 ἀμφὶ
592 734 840 804 Ξέρξην’
819 736 1117 803 επισχόντες
1153 737 1331 803 ὀλίγας
1365 735 1552 803 ’ἡμέρας
1587 738 1713 802 μετὰ
1748 736 1839 802 τὴν

163 821 442 889 ναυμαχίην
479 819 752 886 ἐξήλαυνον
791 822 842 874 ἐς
880 820 1127 875 Βοιωτοὺς
1163 820 1254 886 τὴν
1285 819 1438 885 αὐτὴν
1476 821 1608 873 ὁδόν.
1699 820 1839 887 ἔδοξε

162 907 257 973 γὰρ
284 907 548 976 Μαρδονίῳ
581 905 682 971 ἅμα
710 908 802 971 μὲν
830 904 1127 973 προπέμψαι
1158 903 1401 971 βασιλέα,
1435 904 1537 971 ἅμα
1567 908 1621 959 δὲ
1651 906 1835 973 ἀνωρίη

93 1015 140 1044 10
163 989 291 1043 εἶναι
329 995 416 1042 τοῦ
456 990 592 1044 ἔτεος
627 989 910 1056 πολεμέειν,
948 990 1236 1059 χειμερίσαι
1274 1012 1329 1042 τε
1368 989 1572 1056 ἄμεινον
1614 990 1742 1043 εἶναι
1781 993 1836 1044 ἐν

163 1077 450 1148 Θεσσαλίῃ,
479 1077 557 1128 καὶ
589 1076 759 1128 ἔπειτα
789 1074 891 1141 ἅμα
920 1080 986 1145 τῷ
1019 1075 1127 1142 ἔαρι
1156 1078 1426 1142 πειρᾶσθαι
1455 1079 1543 1140 τῆς
1567 1080 1832 1129 Πελοπον-

159 1158 333 1225 νήσου.
398 1160 462 1215 ὡς
485 1163 538 1213 δὲ
562 1161 774 1213 ἀπίκατο
795 1161 845 1214 ἐς
864 1158 954 1224 τὴν
976 1161 1295 1225 Θεσσαλίην,
1320 1162 1530 1212 ἐνθαῦτα
1550 1162 1835 1227 Μαρδόνιος

160 1243 423 1312 ἐξελέγετο
455 1246 679 1312 πρώτους
706 1247 799 1310 μὲν
822 1243 936 1298 τοὺς
960 1243 1165 1312 Πέρσας
1195 1243 1387 1299 πάντας
1415 1245 1530 1300 τοὺς
1562 1245 1836 1300 ἀθανάτους

161 1329 504 1396 καλεομένους,
538 1329 671 1394 πλὴν
700 1328 964 1395 ’Ὑδάρνεος
993 1334 1079 1381 τοῦ
1117 1334 1401 1397 στρατηγοῦ
1429 1329 1591 1395 (οὗτος
1622 1332 1726 1397 γὰρ.
1749 1331 1835 1383 οὐκ

87 1436 134 1477 15
159 1413 257 1482 ἔφη
288 1416 563 1482 λείψεσθαι
592 1413 872 1480 βασιλέος),
897 1416 1023 1479 μετὰ
1055 1416 1108 1466 δὲ
1131 1420 1230 1467 τῶν
1253 1414 1427 1466 ἄλλων
1450 1414 1697 1482 Περσέων
1720 1415 1835 1470 τοὺς

158 1500 540 1568 θωρηκοφόρους
571 1499 651 1551 καὶ
679 1498 770 1564 τὴν
800 1499 952 1552 ἵππον
983 1498 1073 1564 τὴν
1100 1501 1290 1567 χιλίην,
1326 1500 1404 1551 καὶ
1436 1498 1638 1564 Μήδους
1667 1522 1722 1553 τε
1754 1502 1833 1553 καὶ

159 1583 322 1638 Σάκας
358 1584 437 1637 καὶ
469 1586 736 1651 Βακτρίους
770 1605 824 1636 τε
863 1583 941 1635 καὶ
972 1583 1172 1642 Ἰνδούς,
1208 1584 1288 1636 καὶ
1323 1583 1411 1637 τὸν
1441 1585 1595 1648 πεζὸν
1627 1585 1705 1637 καὶ
1741 1585 1833 1650 τὴν

157 1669 326 1722 ἵππον.
413 1674 568 1722 ταῦτα
614 1691 705 1736 μεν
750 1669 896 1722 ἔθνεα
943 1670 1040 1721 ὅλα
1087 1670 1265 1730 εἵλετο,
1314 1671 1369 1721 ἐκ
1415 1671 1469 1722 δε
1516 1674 1614 1722 τῶν
1659 1670 1831 1723 ἄλλων

157 1753 438 1824 συμμάχων
479 1753 741 1822 ἐξελέγετο
783 1752 887 1806 κατ’
931 1754 1147 1821 ὀλίγους,
1188 1759 1323 1806 τοῖσι
1369 1753 1501 1807 εἴδεά
1540 1776 1595 1807 τε
1638 1757 1907 1840 ὑπῆρχεωυ

1877 756 1957 803 113

1870 1686 1895 1730 3

1914 1788 2132 1864 „yffi-‘uu

0 1845 134 1895 ’ἽΖΟ
156 1839 402 1910 διαλέγων
434 1840 512 1892 καὶ
545 1841 587 1892 εἰ
616 1838 783 1892 τέοισί
805 1860 853 1890 τι
882 1838 1107 1907 χρηστὸν
1138 1841 1347 1912 συνῄδεε
1378 1839 1730 1905 πεποιημένον·
1777 1863 1831 1893 εν
1844 1844 2132 1888 amodo-2²⁶⁴

1839 1894 2096 1932 &Mu
2105 1900 2132 1918 u

157 1927 210 1977 δὲ
242 1929 485 1977 πλεῖστον
507 1924 649 1978 ἔθνος
673 1923 879 1992 Πέρσας
904 1923 1117 1994 αἱρεετο,
1139 1923 1318 2000 ἄνδρας
1343 1926 1819 1995 στρεπτοφόρους
1775 1948 1830 1979 τε
1848 1939 1956 1982 ou<
1961 1940 2132 2003 '⁴4⁹⁰ss

0 1979 626 2088 ι,ἔῃῗὲςκαὶΑζ-ζιιοφόρους,
661 2010 742 2062 ἐπὶ
771 2013 824 2063 δὲ
857 2008 1074 2074 Μήδους.
1157 2009 1293 2061 οὗτοι
1323 2013 1376 2063 δὲ
1399 2013 1589 2074 πλῆθος
1619 2013 1711 2076 μὲν
1742 2011 1829 2062 οὐκ

156 2093 435 2149 ἐλάσσονες
485 2094 617 2160 ἦσαν
668 2100 767 2147 τῶν
815 2093 1075 2162 Περσέων,
1125 2095 1263 2167 ῥώμῃ
1295 2097 1348 2147 δὲ
1395 2094 1633 2159 ἥσσονες·
1696 2096 1828 2148 ὥστε

156 2178 449 2245 σύμπαντας
479 2178 742 2247 τριήκοντα
769 2179 1005 2246 μυριάδας
1026 2178 1266 2247 γενέσθαι
1289 2178 1383 2231 σὺν
1408 2182 1627 2232 ἱππεῦσι.
1697 2182 1751 2233 ἐν
1776 2183 1827 2233 δὲ
1866 2197 1945 2244 114

82 2282 130 2323 25
154 2263 308 2334 τούτῳ
340 2270 407 2335 τῷ
438 2266 618 2335 χρόνῳ,
648 2267 702 2317 ἐν
729 2270 797 2335 τῷ
829 2265 1116 2331 Μαρδόνιός
1146 2286 1199 2317 τε
1230 2263 1320 2329 τὴν
1353 2264 1591 2332 στρατιὴν
1616 2264 1827 2332 διέκρινε

156 2348 235 2400 καὶ
280 2347 473 2416 Ξέρξης
517 2349 577 2415 ἣν
615 2350 728 2416 περὶ
768 2350 1087 2414 Θεσσαλίην,
1134 2349 1441 2418 χρηστήριον
1485 2350 1726 2415 ἐληλύθεε
1771 2353 1826 2402 ἐκ

154 2433 380 2501 Δελφῶν
398 2435 853 2500 Λακεδαιμονίοισι,
877 2433 1074 2501 Ξέρξην
1098 2434 1280 2486 αἰτέειν
1300 2436 1436 2489 δίκας
1459 2439 1546 2487 τοῦ
1565 2437 1824 2488 Λεωνίδεω

214 2587 231 2613 1
266 2574 370 2615 εἶπαι
393 2573 432 2612 R
448 2574 530 2614 SV
716 2588 742 2624 3
770 2591 820 2626 ’γε
842 2587 924 2614 om.
950 2574 984 2613 P
999 2573 1038 2612 R
1054 2573 1085 2613 S
1098 2574 1136 2612 V
1261 2573 1350 2614 οὐδὲ
1372 2573 1427 2612 Αι
1556 2576 1681 2616 εἵνεκε
1703 2575 1743 2613 R
1757 2576 1796 2614 V
1814 2590 1824 2615 t

156 2645 245 2670 -κεν
266 2629 297 2668 S
409 2657 423 2674 .
476 2642 501 2678 4
533 2629 685 2682 ἔφυγον
703 2629 744 2667 Α
758 2630 792 2667 Β
807 2629 841 2667 C
1018 2640 1043 2678 5
1073 2628 1310 2681 ὃρμεόμενος
1333 2628 1367 2666 Ρ
1383 2629 1421 2667 R
1437 2629 1466 2667 S
1481 2630 1519 2667 V
1536 2643 1545 2667 :
1574 2630 1766 2680 -εώμενος
1787 2631 1822 2670 C

153 2686 181 2723 6
223 2682 392 2724 ἐκτέατο
426 2683 466 2722 Α
487 2683 520 2721 Β
544 2684 602 2723 C:
650 2683 815 2724 ἐκτέετο
851 2683 941 2723 rell.
1126 2696 1147 2732 7
1194 2683 1336 2736 Ξέρξεα
1372 2683 1455 2722 PR
1474 2684 1555 2722 SV
1676 2684 1824 2738 ἡμέρας

155 2739 299 2790 ὀλίγας
318 2738 359 2777 Α
372 2739 407 2776 Β
601 2752 628 2790 9
656 2740 735 2792 ’γὰρ
755 2739 819 2780 καὶ
842 2739 876 2777 C
1017 2739 1186 2791 ἆνωρίην
1208 2738 1241 2776 Ρ
1256 2738 1294 2776 R
1311 2739 1341 2778 S
1354 2739 1392 2777 V
1579 2751 1627 2777 12
1658 2740 1824 2781 ἀπίκετο

159 2793 196 2832 R
212 2794 292 2832 SV
311 2808 320 2833 :
350 2793 544 2835 ἀπικέατο
567 2793 600 2832 Ρ
786 2806 835 2844 13
863 2794 1058 2834 vobs-om.
1083 2794 1116 2832 C
1132 2794 1166 2832 P
1295 2793 1453 2847 Πέρσας
1473 2792 1645 2844 πάντας]
1665 2796 1824 2848 μυρίους

155 2847 309 2902 Πέρσας
341 2848 381 2886 R
399 2848 484 2887 SV
681 2862 729 2899 15
768 2850 968 2900 λήψεσθαι
996 2848 1045 2887 C¹
1067 2849 1104 2886 R
1122 2849 1160 2886 V
1356 2862 1402 2898 17
1438 2867 1485 2890 τε
1514 2863 1596 2889 om.
1631 2849 1720 2888 PR
1740 2850 1825 2889 SV

159 2904 208 2941 18
212 2866 371 2956 ρἵππον]
385 2905 519 2953 ἄλλην
533 2905 656 2945 ἵππον
670 2903 711 2942 Α
724 2904 759 2942 Β
775 2904 808 2942 C
823 2904 856 2942 P
948 2903 950 2905 '
969 2905 1108 2945 εἵλατο
1122 2904 1162 2943 R
1178 2904 1207 2943 S
1221 2904 1258 2942 V
1370 2905 1509 2946 ἄλλων
1524 2917 1606 2944 om.
1622 2903 1661 2943 A
1675 2904 1710 2943 Β
1725 2905 1759 2944 C
1776 2904 1823 2944 Pt

155 2970 210 2997 20
239 2959 276 3000 εἴ
293 2957 425 3000 τέοισί
443 2975 490 2999 τε
512 2958 575 3011 C.
605 2963 641 3000 εἵ
658 2958 700 3000 τί
719 2961 754 3000 οἱ
776 2957 815 2997 R
830 2958 861 2999 S
875 2958 913 2998 V
980 3005 985 3010 .
1025 2959 1206 3000 ‹ruveffia-
1223 2957 1263 2997 A
1277 2958 1312 2997 Β
1330 2959 1363 2998 C
1379 2959 1418 2998 R
1433 2958 1514 2998 SV
1622 2958 1726 3001 ’ἐν-Α
1740 2960 1792 2999 Βι
1813 2974 1822 3000 :

158 3004 202 3054 ἐν
223 3011 258 3051 C
272 3006 307 3052 P
470 3024 524 3053 22
553 3013 601 3055 τὸ
620 3015 771 3064 πλῆθος
791 3010 831 3053 Α
845 3011 880 3053 Β
897 3012 930 3053 C
1018 3026 1023 3030 ¹
1097 3025 1148 3064 27
1180 3012 1326 3068 Ξέρξεα
1346 3011 1386 3053 R
1400 3012 1482 3054 SV
1822 3010 1826 3013 ’
