2124 3334
57 129 118 176 V.
144 131 242 178 106

874 128 1326 187 ‘HPOAOTOT

219 271 245 315 3
283 256 492 323 ὑστέρης
523 258 739 322 σεωυτὸν
764 260 815 311 ἐν
840 260 969 330 αἰτίῃ
1003 265 1148 330 σχῇς.
1223 257 1331 310 εἶπε
1362 257 1482 324 πρὸς
1513 262 1664 308 ταῦτα
1684 256 1936 311 Ἱστιαῖος·
1991 276 1994 277 ’

151 1957 243 2007 107

152 2281 244 2327 108

285 345 520 401 Βασιλεῦ,
561 347 694 394 κοῖον
735 340 984 409 ἐφθέγξαο
1026 342 1160 406 ἔπος,
1200 343 1286 407 ἐμὲ
1325 346 1603 407 βουλεῦσαι
1636 345 1843 408 ,πρῆγμα
1881 343 1936 394 ἐκ

283 430 370 476 τοῦ
401 427 490 477 σοί
521 448 568 477 τι
597 422 625 490 ἢ
656 425 785 492 μέγα
814 422 843 490 ἢ
877 425 1086 492 σμικρὸν
1123 426 1306 491 ἔμελλε
1336 426 1560 492 λυπηρὸν
1595 424 1934 493 ἀνασχήσειν;

281 511 335 560 τί
360 509 403 560 δ’
434 508 495 560 ἂν
527 509 860 575 ἐπιδιζήμενος
890 516 1078 575 ποιοῖμι
1107 515 1272 570 ταῦτα,
1305 515 1390 561 τεῦ
1419 514 1471 562 δὲ
1505 509 1672 573 ἐνδεὴς
1704 510 1823 570 ἐών;
1868 514 1936 579 τῷ

284 592 415 660 πάρα
443 596 532 658 μὲν
564 593 724 645 πάντα
753 596 850 646 ὅσα
880 617 973 661 περ
1004 597 1102 654 σοι’,
1138 593 1336 646 πάντων
1367 598 1420 647 δὲ
1449 594 1571 661 πρὸς
1603 592 1692 644 σέο
1722 599 1933 658 βουλευ-
1961 614 1984 655 5
2031 622 2034 625 ·

281 676 449 740 μάτων
482 678 740 730 ἐπακούειν
770 677 1011 743 ἀξιεῦμαι.
1099 679 1215 730 ἀλλ’
1244 680 1380 746 ε’ίπερ
1411 700 1458 729 τι
1488 682 1707 733 τοιοῦτον
1737 679 1842 730 οἷον
1873 678 1937 729 σὺ

281 762 476 827 εἴρηκας
515 760 732 827 πρήσσει
773 763 798 812 ὁ
839 761 954 827 ἐμὸς
996 764 1274 829 ἐπίτροπος,
1308 764 1416 813 ἴσθι
1455 761 1603 814 αὐτὸν
1639 761 1715 813 ἐπ’
1756 764 1939 813 ἑωυτοῦ

280 845 567 910 βαλόμενον
613 845 935 913 πεπρηχέναι.
1025 845 1185 914 ἀρχὴν
1226 849 1278 898 δὲ
1321 846 1481 913 ἔγωγε
1524 845 1636 897 οὐδὲ
1680 844 1938 910 ἐνδέκομαι

280 928 364 980 τὸν
393 930 566 995 λόγον,
591 930 717 983 ὅκως
745 951 793 981 τι
824 929 1077 994 Μιλήσιοι·
1102 930 1179 981 καὶ
1209 931 1235 980 ὁ
1261 931 1376 994 ἐμὸς
1407 931 1670 996 ἐπίτροπος
1699 930 1938 996 νεώτερον

281 1011 569 1078 πρήσσουσι
592 1015 703 1080 περὶ
728 1012 991 1080 πρήγματα
1014 1016 1074 1065 τὰ
1098 1013 1180 1065 σά·
1225 1015 1267 1065 εἰ
1286 1012 1328 1064 δ’
1346 1013 1441 1080 ἄρα
1462 1035 1512 1065 τι
1529 1017 1721 1064 τοιοῦτο
1740 1018 1939 1066 ποιεῦσι

283 1096 361 1148 καὶ
410 1097 473 1149 σὺ
521 1101 576 1148 τὸ
630 1097 714 1150 ἐὸν
765 1096 994 1162 ἀκήκοας,
1045 1095 1082 1148 ὦ
1127 1102 1362 1163 βασιλεῦ,
1412 1096 1539 1163 μάθε
1585 1099 1690 1149 οἷον
1735 1100 1938 1164 πρῆγμα

283 1180 503 1248 ἐργάσαο
545 1184 630 1247 ἐμὲ
666 1181 765 1234 ἀπὸ
796 1181 1060 1247 θαλάσσης
1090 1181 1419 1235 ἀνάσπαστον
1455 1181 1685 1247 ποιήσας.
1765 1180 1938 1236 Ἴωνες

281 1268 375 1332 γὰρ
406 1267 573 1318 οἴκασι
604 1269 719 1332 ἐμεῦ
758 1265 817 1331 ἐξ
852 1268 1127 1334 ὀφθαλμῶν
1163 1274 1261 1334 σφι
1296 1265 1565 1333 γενομένου
1598 1269 1805 1331 ποιῆσαι
1839 1270 1938 1318 τῶν

283 1349 439 1401 πάλαι
479 1351 646 1418 ἵμερον
689 1350 843 1419 εἶχον·
892 1349 1009 1416 ἐμέο
1049 1350 1091 1402 δ’
1128 1349 1189 1402 ἂν
1231 1352 1398 1404 ἐόντος
1441 1352 1494 1403 ἐν
1535 1349 1696 1422 Ἰωνίῃ
1737 1349 1939 1416 οὐδεμία

281 1435 426 1488 πόλις
455 1435 739 1499 ὑπεκίνησε.
827 1439 914 1487 νῦν
944 1432 1012 1487 ὧν
1036 1435 1101 1488 ὡς
1131 1436 1284 1504 τάχος
1313 1434 1440 1502 ἄφες
1468 1456 1531 1500 με
1561 1437 1858 1501 πορευθῆναι
1887 1436 1940 1488 ἐς

1965 1032 2015 1061 10

1964 1452 2012 1494 Ι5

281 1518 488 1583 Ἰωνίην,
522 1520 602 1570 ἵνα
631 1541 709 1570 τοι
741 1519 875 1571 κεῖνά
904 1540 958 1571 τε
988 1518 1149 1571 πάντα
1180 1521 1459 1586 καταρτίσω
1484 1521 1535 1573 ἐς
1557 1518 1712 1571 τώυτὸ
1743 1520 1822 1571 καὶ
1851 1523 1939 1571 τὸν
1983 1536 1986 1540 ’

283 1602 511 1667 Μιλήτου
532 1605 798 1670 ἐπίτροπον
816 1608 989 1655 τοῦτον
1008 1603 1093 1655 τὸν
1112 1608 1265 1655 ταῦτα
1282 1602 1702 1672 μηχανησάμενον
1722 1605 1935 1671 ἐγχειρί-

283 1690 425 1739 θετον
456 1692 672 1753 παραὸῶ.
760 1693 911 1739 ταῦτα
940 1691 993 1739 δὲ
1026 1689 1148 1739 κατὰ
1177 1688 1293 1740 νόον
1322 1687 1408 1740 τὸν
1433 1687 1525 1739 σὸν
1556 1687 1769 1752 ποιήσας
1800 1687 1939 1741 θεοὺς

283 1771 525 1836 ἐπόμνυμι
554 1771 668 1825 τοὺς
696 1772 999 1836 βασιληίους
1029 1771 1094 1837 μὴ
1132 1774 1222 1836 μὲν
1254 1772 1493 1839 πρότερον
1524 1772 1824 1823 ἐκδύσεσθαι
1849 1768 1940 1823 ’τὸν

282 1855 414 1922 ἔχων
456 1858 638 1907 κιθῶνα
679 1854 1027 1921 καταβήσομαι
1067 1858 1117 1908 ἐς
1152 1855 1361 1920 Ἰωνίην,
1400 1857 1515 1922 πρὶν
1550 1854 1611 1906 ἄν
1649 1877 1728 1906 τοι
1768 1856 1940 1922 Σαρδὼ

283 1941 438 2002 νῆσον
469 1938 558 2003 τὴν
587 1941 831 2006 μεγίστην
862 1940 1185 2006 δασμοφόρον
1214 1939 1424 2005 ποιήσω.
1512 1938 1746 1992 Ἱστιαῖος
1767 1942 1857 2005 μὲν
1880 1938 1939 2003 δὴ

281 2021 447 2089 λέγων
477 2028 629 2074 ταῦτα
659 2023 914 2089 διέβαλλε,
952 2028 1162 2089 Δαρεῖος
1200 2027 1253 2076 δὲ
1290 2024 1514 2075 ἐπείθετο
1551 2023 1635 2074 καί
1665 2044 1749 2088 μιν
1786 2024 1938 2082 ἀπίει,

283 2105 645 2170 ἐντειλάμενος,
673 2109 822 2159 ἐπεὰν
846 2109 906 2158 τὰ
929 2107 1183 2175 ὑπέσχετό
1213 2109 1259 2160 οἱ
1283 2106 1516 2160 ἐπιτελέα
1545 2105 1748 2179 ποιήσῃ,
1781 2128 1936 2174 παρα-

283 2191 516 2255 γίνεσθαί
542 2193 587 2242 οἱ
618 2193 781 2243 ὀπίσω
813 2193 863 2244 ἐς
893 2193 954 2242 τὰ
983 2196 1166 2243 Σοῦσα.

365 2273 455 2325 Ἐν
491 2272 527 2343 ᾧ
554 2277 607 2326 δὲ
635 2275 664 2338 ἡ
695 2275 906 2340 ἀγγελίη
945 2297 999 2326 τε
1029 2275 1139 2339 περὶ
1168 2280 1268 2326 τῶν
1299 2276 1518 2341 Σαρδίων
1550 2277 1683 2340 παρὰ
1716 2273 1942 2340 βασιλέα

284 2355 424 2421 ἀνήιε
469 2358 548 2408 καὶ
591 2363 800 2424 Δαρεῖος
839 2360 902 2409 τὰ
942 2358 1053 2425 περὶ
1092 2358 1150 2409 τὸ
1190 2357 1338 2422 τόξον
1378 2357 1592 2423 ποιήσας
1630 2358 1849 2427 Ἱστιαίῳ
1890 2359 1941 2410 ἐς

283 2442 464 2507 λόγους
488 2440 610 2506 ἧλθε
634 2442 713 2493 καὶ
735 2441 969 2495 Ἱστιαῖος
988 2441 1310 2509 μεμε-τιμένος
1332 2443 1426 2494 ὑπὸ
1454 2444 1667 2508 Δαρείου
1693 2443 1941 2507 ἐκομίζετο

343 2590 360 2615 1
394 2579 565 2618 σεαυτὸν
586 2577 624 2615 Α
640 2578 674 2616 Β
689 2578 726 2616 V
837 2579 935 2631 ἔχῃς
955 2578 1042 2616 ΑΒ
1063 2592 1071 2617 :
1103 2578 1211 2630 ἔχεις
1234 2578 1267 2616 C
1447 2591 1471 2627 3
1502 2577 1553 2618 σύ
1574 2578 1655 2617 SV
1765 2579 1943 2630 λυπηρὸν

287 2632 460 2682 ἔμελλεν
481 2632 562 2671 SV
577 2633 614 2671 U
763 2646 788 2682 4
821 2632 981 2683 ἐπιδειζ.
1008 2633 1042 2670 Β
1155 2633 1325 2682 ποιέοιμι
1349 2633 1382 2671 Ρ
1397 2633 1476 2672 SV
1491 2633 1529 2671 U
1668 2644 1693 2681 5
1722 2649 1796 2683 περ
1815 2633 1859 2673 σί
1877 2633 1915 2670 V
1932 2647 1942 2671 ε

286 2687 457 2737 πέρσησι
475 2687 506 2725 S
616 2688 643 2725 6
662 2686 722 2738 τι]
740 2704 803 2728 τοι
818 2688 851 2726 C
964 2699 986 2737 7
1008 2687 1256 2739 vrpr'ymrewV
1270 2687 1309 2726 U
1421 2689 1554 2727 ἑωυτῶ
1575 2686 1606 2725 S
1618 2686 1656 2724 V
1763 2688 1790 2725 8
1810 2692 1936 2734 βαλλ.

284 2740 324 2778 Α
338 2741 372 2779 Β
389 2742 419 2780 S
431 2741 467 2779 V
483 2741 521 2779 U
688 2740 944 2791 πεποιηκέναι
973 2741 1013 2779 Α
1026 2742 1060 2779 Β
1077 2741 1110 2779 C
1334 2754 1385 2780 10
1413 2745 1567 2782 ποιεῦσι
1596 2743 1781 2782 τοιοῦτον
1805 2741 1835 2780 S
1848 2742 1886 2780 V
1901 2740 1940 2779 U

289 2807 339 2843 13
367 2795 511 2842 ἥκασιν
528 2794 608 2834 SV
774 2807 823 2844 15
851 2813 901 2844 με
922 2797 1020 2847 ἄφες
1042 2795 1075 2833 Ρ
1088 2795 1118 2834 S
1132 2795 1168 2833 V
1184 2795 1222 2834 U
1336 2798 1377 2836 ἐς
1395 2808 1476 2834 orn.
1501 2795 1531 2834 S
1545 2795 1583 2833 V
1732 2796 1782 2833 16
1810 2793 1945 2836 ἐκεῖνά

287 2849 317 2887 S
330 2848 368 2886 V
384 2849 423 2887 U
534 2850 775 2900 καταρτήσω
793 2850 834 2888 Α
847 2850 882 2888 Β
897 2850 930 2888 C
946 2850 979 2888 P
1125 2861 1176 2900 19
1206 2849 1441 2890 ἐκδύσεσθαι
1468 2849 1665 2898 Krueger
1681 2863 1692 2888 :
1719 2854 1886 2890 -σασθαι
1907 2849 1942 2887 L

285 2915 339 2942 20
367 2903 678 2954 χιτῶναὸνῐ]
792 2903 1014 2944 ‹rmABC
1197 2916 1246 2942 21
1279 2903 1642 2953 &hom-ABCP
1825 2905 1943 2952 2402

287 2970 368 2996 om.
392 2957 431 2994 A
446 2957 479 2994 B
497 2957 529 2995 C
668 2969 720 3006 25
751 2974 798 2997 τε
818 2959 906 3010 περὶ
929 2970 1012 2997 om.
1033 2956 1073 2995 A
1088 2957 1123 2995 B
1137 2957 1170 2995 C
1282 2961 1452 3004 βασιλεῖ
1468 2957 1548 2996 SV
1564 2957 1602 2995 U
1741 2969 1791 3006 27
1821 2974 1940 3008 μεμε·

286 3010 447 3062 τιμένος
469 3011 519 3048 P‘
538 3024 548 3049 ε
575 3011 850 3062 μεμετημένος
871 3010 921 3050 Ρ1
937 3012 1016 3051 SV
1032 3011 1070 3051 U
1089 3024 1099 3050 τ
1127 3010 1411 3062 μεμετειμένος
1431 3011 1470 3049 Α
1485 3011 1519 3049 Β
1536 3011 1569 3049 C
1670 3042 1674 3045 .

1965 1876 2016 1906 20
