2132 3340
114 62 290 124 1X72

947 59 1376 108 ΗΡΟΔΟΤΟὙ

335 191 552 258 ματίσθη
599 189 856 254 τοξεύματι
896 192 956 241 τὰ
998 188 1200 257 πλευρά.
1289 191 1367 242 καὶ
1409 190 1467 254 δὴ
1510 193 1555 242 οἱ
1595 193 1687 256 μὲν
1731 189 1993 259 ἐμάχοντο,

338 277 363 325 ὁ
401 275 440 326 δ’
479 274 880 341 ἐξενηνειγμένος
924 274 1254 326 ἐδυσθανάτεέ
1295 296 1350 325 τε
1396 275 1474 325 καὶ
1520 274 1666 341 ἔλεγε
1712 274 1832 342 πρὸς
1863 275 1999 341 ’Api—2

337 380 558 424 μνηστον
589 358 742 425 ἄνδρα
776 358 1034 409 Πλαταιέα
1059 360 1115 410 οὐ
1145 358 1316 423 μέλειν
1341 361 1386 410 οἱ
1418 359 1493 410 ὅτι
1524 358 1617 425 πρὸ
1640 362 1727 423 τῆς
1749 358 1998 412 Ἑλλάδος

339 441 659 514 ἀποθνῄσκει,
693 443 808 493 ἀλλ’
840 445 915 494 ὅτι
954 443 1037 494 οὐκ
1080 442 1328 511 ἐχρήσατο
1363 451 1424 516 τῇ
1464 444 1594 512 χειρὶ
1635 443 1714 494 καὶ
1749 444 1825 494 ὅτι
1855 443 1997 495 οὐδέν

340 529 454 579 ἐστί
490 530 534 579 οἱ
577 526 971 594 ἀποδεδεγμένον
1013 528 1160 595 ἔργον
1201 531 1382 579 ἑωυτοῦ
1423 527 1561 592 ἄξιον
1600 526 1998 594 προθυμευμένου
2023 551 2045 592 5

339 611 694 676 ἀποδέξασθαι.
771 611 1048 676 Ἀθηναίων
1080 615 1132 664 δὲ
1162 612 1362 678 λέγεται
1394 612 1715 677 εὐδοκιμῆσαι
1751 611 1998 679 Σωφάνης

339 698 365 746 ὁ
398 696 696 764 Εὐτυχίδεω,
729 698 784 748 ἐκ
822 695 973 761 δήμου
1013 699 1336 760 Δεκελεῆθεν,
1373 695 1634 748 Δεκελέων
1664 699 1717 748 δὲ
1753 701 1850 748 τῶν
1888 718 1998 757 κοτε

341 780 696 848 ἐργασαμένων
728 781 873 848 ἔργον
905 779 1154 848 χρήσιμον
1180 783 1229 834 ἐς
1252 785 1337 832 τὸν
1362 780 1522 832 πάντα
1547 782 1746 848 χρόνον,
1774 780 1838 835 ὡς
1861 781 1998 832 αὐτοὶ

339 865 592 930 Ἀθηναῖοι
644 863 867 932 λέγουσι.
958 866 1022 919 ὡς
1066 868 1159 932 γὰρ
1205 865 1261 930 δὴ
1314 865 1370 916 τὸ
1415 864 1570 917 πάλαι
1623 867 1745 916 κατὰ
1787 864 1999 930 Ἑλένης

343 948 541 1014 κομιδὴν
588 951 885 1016 Τυνδαρίδαι
936 949 1189 1015 ἐσέβαλον
1238 952 1287 1003 ἐς
1335 952 1428 1016 γῆν
1478 949 1569 1014 τὴν
1620 949 1852 1014 Ἀττικὴν
1905 949 1999 1002 σὺν

2027 970 2076 999 10

342 1039 555 1100 στρατοῦ
585 1032 766 1098 πλήθεϊ
797 1035 875 1085 καὶ
908 1035 1187 1086 ἀνίστασαν
1217 1034 1330 1087 τοὺς
1366 1033 1560 1099 δήμους,
1587 1034 1674 1085 οὐκ
1706 1034 1888 1087 εἰδότες
1919 1034 2033 1086 ἵνα“

340 1116 623 1182 ὑπεξέκειτο
666 1119 695 1183 ἡ
736 1117 935 1183 Ἑλένη,
979 1119 1093 1170 τότε
1136 1117 1345 1185 λέγουσι
1388 1118 1500 1172 τοὺς
1547 1117 1813 1181 Δεκελέας,
1856 1120 1902 1170 οἱ
1947 1121 2000 1171 δὲ

341 1202 491 1254 αὐτὸν
524 1202 748 1254 Δέκελον
779 1203 1060 1270 ἀχθόμενόν
1100 1224 1154 1254 τε
1191 1211 1250 1275 τῇ
1293 1202 1493 1267 Θησέος
1532 1204 1651 1268 ὕβρι
1693 1203 1771 1254 καὶ
1811 1203 1997 1267 δειμαί-

343 1309 492 1339 νοντα
522 1287 633 1354 περὶ
664 1286 803 1358 πάσῃ
832 1295 892 1359 τῇ
924 1287 1201 1352 Ἀθηναίων
1231 1287 1384 1358 χώρῃ,
1413 1284 1788 1353 ἐξηγησάμενόν
1818 1293 1914 1353 σφι
1943 1285 2000 1337 τὸ

342 1375 440 1424 πᾶν
465 1376 667 1438 πρῆγμα
693 1370 1072 1438 κατηγήσασθαι
1093 1372 1174 1423 ἐπὶ
1196 1373 1284 1424 τὰς
1303 1371 1558 1438 Ἀφίδνας,
1580 1373 1669 1424 τὰς
1693 1370 1749 1434 δὴ
1769 1371 1998 1430 Τιτακός,

345 1457 438 1507 ἐὼν
469 1456 742 1524 αὐτόχθων,
785 1459 1134 1520 καταπροδιδοῖ
1159 1456 1508 1526 Τυνδαρίδῃσι.
1582 1459 1715 1506 τοῖσι
1755 1457 1807 1506 δὲ
1844 1459 1998 1506 Δεκε-

343 1545 489 1592 λεῦσι
535 1542 587 1592 ἐν
636 1539 837 1610 Σπάρτῃ
885 1539 984 1591 ἀπὸ
1031 1541 1204 1591 τούτου
1252 1544 1338 1590 τοῦ
1384 1539 1529 1606 ἔργου
1574 1541 1773 1603 ἀτελείη
1821 1559 1876 1590 τε
1922 1538 2001 1590 καὶ

344 1625 575 1691 προεδρίη
615 1623 857 1675 διατελέει
895 1626 945 1677 ἐς
985 1624 1097 1674 τόδε
1137 1624 1231 1675 αἰεὶ
1274 1627 1344 1675 ἔτι
1387 1625 1553 1682 ἐοῦσα,
1587 1624 1712 1674 οὕτω
1752 1623 1883 1674 ὥστε
1921 1622 2002 1674 καὶ

345 1711 396 1761 ἐς
420 1713 504 1760 τὸν
525 1709 744 1773 πόλεμον
768 1708 854 1760 τὸν
877 1709 1086 1773 ὕστερον
1106 1713 1346 1759 πολλοῖσι
1369 1703 1505 1759 ἔτεσι
1527 1707 1713 1771 τούτων
1733 1707 2003 1774 γενόμενον

344 1792 663 1856 Ἀθηναίοισί
694 1814 748 1844 τε
779 1793 858 1844 καὶ
896 1794 1374 1856 Πελοποννησίοισι,
1410 1791 1686 1856 σινομένων
1715 1790 1805 1855 τὴν
1841 1790 2002 1855 ἄλλην

344 1876 575 1940 Ἀττικὴν
643 1877 1058 1941 Λακεδαιμονίων,
1109 1875 1358 1940 Δεκελέης
1420 1875 1713 1943 ἀπέχεσθαι.
1829 1875 2003 1926 τούτου

346 1965 432 2011 τοῦ
473 1959 625 2025 δήμου
665 1962 759 2012 ἐὼν
791 1962 816 2010 ὁ
853 1959 1100 2027 Σωφάνης
1136 1961 1214 2012 καὶ
1252 1961 1550 2026 ἀριστεύσας
1586 1961 1697 2011 τότε
1726 1958 2002 2023 Ἀθηναίων

300 2066 302 2069 ·
347 2044 507 2108 διξοὺς
537 2045 719 2110 λόγους
749 2044 1050 2111 λεγομένους
1081 2044 1203 2112 ἔχει,
1229 2048 1313 2095 τὸν
1337 2047 1427 2109 μὲν
1458 2044 1522 2097 ὡς
1554 2046 1607 2095 ἐκ
1636 2049 1722 2095 τοῦ
1755 2044 2003 2112 ζωστῆρος

236 626 301 679 73

275 884 302 916 2

279 1475 304 1519 3

239 1885 304 1935 74

0 2134 171 2191 umis·-

0 2461 276 2519 „uu-‘vd'
285 2484 312 2516 2

346 2134 432 2180 τοῦ
494 2129 710 2194 θώρηκος
769 2129 949 2195 ἐφόρεε
1007 2127 1196 2199 χαλκέῃ
1257 2129 1409 2192 ἁλέσι
1467 2128 1730 2194 δεδεμένην
1787 2127 2002 2194 ἄγκυραν

350 2211 599 2280 σιδηρέην,
626 2211 714 2276 τὴν
745 2213 869 2265 ὅκως
899 2212 1138 2264 πελάσειε
1169 2213 1521 2277 ἀπικνεόμενος
1550 2217 1682 2264 τοῖσι
1714 2213 2002 2276 πολεμίοισι

348 2295 652 2362 βαλέσκετο,
680 2297 759 2347 ἵνα
783 2295 840 2359 δή
870 2318 954 2361 μιν
980 2300 1025 2348 οἱ
1049 2296 1281 2361 πολέμιοι
1307 2298 1628 2350 ἐκπίπτοντες
1652 2298 1704 2347 ἐκ
1727 2299 1813 2360 τῆς
1836 2293 2005 2360 τάξιος

348 2384 673 2445 μετακινῆσαι
702 2379 768 2445 μὴ
801 2381 1044 2453 δυναίατο·
1090 2379 1352 2447 γινομένης
1377 2383 1428 2431 δὲ
1453 2384 1615 2448 φυγῆς
1645 2385 1742 2431 τῶν
1765 2379 2002 2431 ἐναντίων

349 2463 574 2538 ἐδέδοκτο
604 2463 694 2528 τὴν
725 2463 941 2531 ἄγκυραν
972 2465 1295 2529 ἀναλαβόντα
1319 2465 1442 2515 οὕτω
1466 2465 1674 2516 διώκειν.
1748 2464 1890 2516 οὗτος
1911 2464 2003 2527 μὲν

402 2614 427 2638 2
472 2598 778 2652 ἐξενηνεγμένος
819 2599 857 2637 R
881 2600 910 2638 S
932 2600 970 2638 V
1142 2618 1188 2640 τε
1230 2613 1309 2638 om.
1355 2599 1393 2637 R
1416 2600 1445 2638 S
1465 2599 1504 2637 V
1668 2598 1932 2650 Ἀείμνηστον
1970 2598 2002 2638 S

348 2668 373 2704 3
402 2654 570 2706 μέλλειν
592 2655 625 2692 Β
645 2655 679 2691 R
701 2654 782 2692 SV
931 2667 955 2702 4
986 2654 1264 2702 ἆποθνήισκειν
1285 2655 1317 2692 C
1462 2667 1483 2702 7
1517 2657 1561 2694 ἐκ
1582 2667 1663 2694 om.
1688 2654 1717 2693 S
1737 2668 1747 2693 ε
1777 2655 1852 2694 ἐὼν
1876 2652 2001 2692 Koen

349 2713 578 2758 Δεκελῆθεν
609 2709 817 2747 PRSV:
857 2708 900 2748 δὲ
931 2712 1126 2757 κεκλῆθεν
1156 2708 1189 2747 C
1337 2725 1437 2748 ποτε
1468 2708 1500 2746 L
1710 2722 1758 2747 12
1797 2709 1822 2757 ἡ
1853 2720 1933 2746 om.
1967 2707 2001 2746 C

353 2777 402 2812 13
432 2765 630 2804 Δεκελεὸν
654 2763 692 2800 R
710 2763 738 2801 S
752 2763 789 2801 V
894 2774 942 2812 15
972 2762 1158 2814 Ἀφνίδας
1182 2762 1221 2800 R
1236 2762 1266 2800 S
1281 2762 1318 2800 V
1402 2763 1449 2810 δή
1470 2780 1510 2802 τι
1532 2764 1650 2804 κακὸς
1670 2763 1706 2800 V
1794 2775 1847 2800 20
1874 2777 2000 2802 σινεο·

348 2818 478 2869 μένων
502 2818 540 2856 R
559 2818 588 2856 S
604 2818 640 2855 V
750 2829 798 2854 21
831 2816 1081 2868 ἂπέσχεσθαι
1104 2816 1155 2854 V1
1172 2818 1226 2866 (ἲ)
1338 2829 1389 2854 22
1419 2820 1490 2856 τοῦ
1509 2829 1588 2856 om.
1612 2817 1667 2855 A¹
1782 2829 1834 2865 24
1858 2814 2001 2856 ἁλύσει

348 2872 390 2910 Α
412 2873 446 2911 Β
469 2873 502 2911 C
527 2873 557 2912 S
580 2873 614 2910 V
779 2883 831 2920 25
873 2869 1191 2920 ἀπικνεομένοισι
1221 2870 1259 2908 V
1279 2884 1287 2908 :
1328 2870 1667 2922 ἆπικνεουμένοισι
1691 2871 1730 2909 R
1840 2872 1937 2917 τῆσι
1961 2868 2001 2905 R

349 2929 404 2966 26
433 2927 695 2975 βαλλέσκετο
718 2926 751 2964 Ρ
877 2925 1143 2976 ἐμπίπτοντες
1167 2924 1377 2964 Richards
1554 2927 1606 2964 28
1636 2925 1799 2966 δέδοκτο
1822 2924 1859 2961 Α
1874 2922 1955 2961 BC
1969 2921 2003 2960 P

351 2981 485 3032 οὗτος]
511 2984 613 3022 οὕτω
635 2981 670 3019 Β

2028 1390 2076 1432 ¹5

2029 1812 2080 1841 20

2029 2233 2077 2274 25
