2132 3340
39 92 175 142 v111.
199 105 270 154 29
938 89 985 136 H
1005 88 1368 137 ΡοΔοΤοΎ

314 222 562 289 ἀργυρίου,
596 222 674 274 καὶ
710 222 825 287 ὑμῖν
861 221 1199 286 ὑποδεκόμεθα
1234 223 1295 271 τὰ
1332 219 1534 275 ἐπιόντα
1571 220 1652 272 ἐπὶ
1682 219 1771 284 τὴν
1807 221 1974 289 χώρην

204 325 271 372 3ο
314 306 637 373 ἀποτρέψειν.
726 306 879 357 ταῦτά
917 313 1013 373 σφι
1059 305 1435 372 ἐπαγγέλλοντο
1470 308 1516 357 οἱ
1558 307 1840 357 Θεσσαλοί.
1927 309 1974 359 οἱ

313 393 407 458 γὰρ
438 389 636 444 Φωκέες
664 395 835 455 μοῦνοι
865 395 963 442 τῶν
994 390 1144 461 ταύτῃ
1176 390 1447 456 ἀνθρώπων
1477 389 1560 440 οὐκ
1595 389 1835 454 ἐμήδιζον,
1870 390 1974 442 κατ’

313 475 444 526 ἄλλο
480 477 571 540 μὲν
607 474 764 533 οὐδέν,
801 475 864 528 ὡς
902 475 1001 541 ἐγὼ
1038 475 1460 540 συμβαλλόμενος
1498 460 1728 540 εὑρίσκω,
1765 475 1886 525 κατὰ
1921 477 1975 527 δὲ

249 579 275 611 2
312 558 369 610 τὸ
409 558 557 627 ἔχθος
600 563 656 610 τὸ
702 563 1010 610 Θεσσαλῶν.
1098 560 1142 610 εἰ
1187 560 1239 609 δὲ
1291 558 1558 609 Θεσσαλοὶ
1607 560 1668 609 τὰ
1710 557 1975 622 Ἑλλήνων
1999 582 2021 622 5

312 642 477 708 ηὖξον,
517 643 581 697 ὡς
617 643 726 707 ἐμοὶ
763 642 968 702 δοκέειν,
1006 641 1235 708 ἐμήδιζον
1277 642 1338 693 ἂν
1378 645 1424 694 οἱ
1465 641 1679 695 Φωκέες·
1742 664 1788 693 οι
1823 647 1974 694 ταῦτα

313 726 768 794 ἐπαγγελλομένων
812 731 1103 779 Θεσσαλῶν
1139 727 1251 778 οὔτε
1293 726 1473 777 δώσειν
1507 726 1708 793 ἔφασαν
1745 724 1973 793 χρήματα

0 770 294 897 ''taxus‘’
312 811 550 879 παρέχειν
596 810 652 862 τέ
699 818 796 880 σφι
831 815 1170 863 Θεσσαλοῖσι
1217 811 1396 877 ὁμοίως
1443 811 1674 876 μηδίζειν,
1719 812 1760 861 εἰ
1805 809 1973 875 ἄλλως

0 938 178 994 Qut
152 897 599 965 νθ’*ῗ-’Ἱβρυλοίατσ
647 895 762 946 ἀλλ’
809 895 895 946 οὐκ
940 896 1150 947 ἔσεσθαι
1197 896 1393 948 ἑκόντες
1441 916 1565 946 ειναι
1610 895 1843 961 προδόται
1885 897 1972 958 τῆς

220 991 272 1038 31
310 979 573 1033 Ἑλλάδος.
661 979 830 1044 ἐπειδὴ
875 982 927 1031 δὲ
972 981 1342 1048 ἀνηνείχθησαν
1386 979 1521 1030 οὗτοι
1561 981 1608 1030 οἱ
1647 979 1807 1045 λόγοι,
1845 978 1971 1029 οὕτω
2001 1001 2048 1029 ιο

312 1064 369 1129 δὴ
403 1067 448 1116 οἱ
481 1064 750 1116 Θεσσαλοὶ
783 1063 1121 1132 κεχολωμένοι
1158 1068 1292 1115 τοῖσι
1329 1067 1560 1114 Φωκεῦσι
1598 1061 1827 1129 ἐγένοντο
1856 1062 1972 1129 ἡγε-

310 1149 459 1213 μόνες
488 1153 555 1218 τῷ
586 1147 832 1218 βαρβάρῳ
868 1152 955 1212 τῆς
992 1149 1121 1199 ὁδοῦ.
1212 1150 1265 1199 ἐκ
1294 1149 1387 1212 μὲν
1418 1146 1476 1210 δὴ
1507 1149 1593 1211 τῆς
1621 1147 1894 1215 Τρηχινίης
1923 1148 1975 1199 ἐς

344 1232 357 1247 S
571 1234 584 1251 Ι
700 1234 713 1251 5
768 1231 780 1251 Ι
1064 1235 1086 1246 Λ
1203 1234 1217 1248 x
1431 1232 1444 1250 Ι
1544 1245 1549 1252 ,
1631 1231 1644 1248 Ι
1916 1230 1931 1247 Χ
2085 1223 2095 1234 ⁸

311 1254 401 1296 την
444 1236 643 1299 Δωριδα
692 1238 966 1297 εσεβαλον·
1028 1253 1115 1296 της
1162 1254 1259 1299 γαρ
1302 1235 1525 1298 Δωριδος
1572 1251 1737 1298 χωρης
1783 1234 1975 1295 ποᾰων
2002 1229 2132 1290 δῧψ

313 1316 509 1370 στεινὸς
538 1317 690 1388 ταύτῃ
717 1317 1003 1374 κατατείνει,
1031 1316 1095 1369 ὡς
1125 1315 1386 1382 τριήκοντα
1417 1317 1633 1366 σταδίων
1662 1313 1885 1380 μάλιστά
1916 1336 1974 1386 κῃ

313 1401 466 1467 εῧρος,
501 1403 722 1466 κείμενος
750 1399 936 1466 μεταξὺ
966 1403 1051 1464 τῆς
1081 1421 1134 1451 τε
1168 1401 1395 1464 Μηλίδος
1427 1401 1505 1450 καὶ
1536 1400 1760 1451 Φωκίδος
1789 1399 1972 1466 χώρης,
2005 1419 2047 1447 1r

310 1486 343 1549 ἥ
378 1507 472 1551 περ
508 1484 569 1549 ἦν
603 1485 660 1535 τὸ
698 1485 913 1537 παλαιὸν
952 1484 1187 1550 Δρυοπίς·
1245 1484 1275 1549 ἡ
1317 1486 1369 1535 δὲ
1406 1484 1542 1551 χώρη
1581 1485 1700 1547 αὕτη
1736 1482 1846 1533 ἐστὶ
1881 1504 1973 1547 μη-

312 1571 548 1635 τρόπολις
587 1568 821 1635 Δωριέων
856 1573 955 1620 τῶν
991 1570 1044 1619 ἐν
1083 1566 1475 1636 Πελοποννήσῳ.
1564 1567 1746 1631 ταύτην
1781 1565 1850 1618 ὧν
1886 1565 1974 1630 τὴν

315 1655 515 1720 Δωρίδα
545 1656 638 1720 γῆν
662 1653 747 1704 οὐκ
773 1654 1004 1704 ἐσίναντο
1029 1653 1340 1717 ἐσβαλόντες
1365 1654 1410 1703 οἱ
1433 1651 1701 1718 βάρβαροι·
1749 1650 1976 1716 ἐμήδιζόν

199 1738 275 1802 ι32
312 1759 366 1789 τε
396 1740 491 1804 γὰρ
523 1738 601 1788 καὶ
633 1737 717 1788 οὐκ
749 1738 913 1788 ἐδόκεε
947 1740 1288 1788 Θεσσαλοῖσι.
1376 1736 1440 1788 ὡς
1471 1739 1524 1786 δὲ
1555 1737 1607 1786 ἐκ
1638 1738 1724 1798 τῆς
1757 1735 1976 1800 Δωρίδος

315 1824 366 1875 ἐς
410 1821 499 1885 τὴν
545 1822 746 1872 Φωκίδα
791 1820 1065 1886 ἐσέβαλον,
1114 1820 1288 1873 αὐτοὺς
1342 1822 1432 1884 μὲν
1478 1819 1590 1872 τοὺς
1634 1817 1838 1871 Φωκέας
1890 1817 1976 1868 οὐκ
2003 1838 2051 1866 20

315 1905 553 1973 αἱρέουσι.
629 1908 674 1956 οἱ
704 1907 795 1970 μὲν
825 1907 921 1972 γὰρ
950 1909 1048 1955 τῶν
1073 1903 1288 1955 Φωκέων
1314 1906 1362 1955 ἐς
1393 1905 1452 1954 τὰ
1476 1903 1600 1969 ἄκρα
1629 1907 1714 1953 τοῦ
1738 1906 1974 1968 Παρνησ-

316 1994 409 2040 σοΰ
446 1988 705 2054 ἀνέβησαν
739 1989 867 2052 (ἔστι
913 1991 965 2040 δὲ
1011 1989 1089 2040 καὶ
1134 1987 1363 2051 ἐπιτηδέη
1406 1985 1644 2051 δέξασθαι
1680 1987 1856 2051 ὅμιλον
1891 1989 1977 2035 τοῦ

317 2078 626 2139 Παρνησσοῦ
663 2074 693 2138 ἡ
737 2072 924 2139 κορυφὴ
969 2069 1043 2136 (ἡ)
1087 2073 1209 2123 κατὰ
1252 2070 1431 2123 Νέωνα
1472 2072 1620 2122 πόλιν
1662 2068 1856 2134 κειμένη
1898 2067 1975 2120 ἐπ’

0 2157 244 2208 Qua-w
316 2160 514 2221 ἑωυτῆς,
548 2156 761 2223 Τιθορέα
801 2158 987 2221 οὔνομα
1031 2155 1167 2226 αὐτῇ·
1216 2157 1267 2208 ἐς
1307 2155 1395 2218 τὴν
1435 2154 1492 2218 δὴ
1537 2155 1855 2221 ἀνηνείκαντο
1898 2152 1975 2203 καὶ

13 2215 276 2296 ἫὝ2
316 2241 454 2292 αὐτοὶ
485 2238 805 2306 ἀνέβησαν).χ
825 2243 871 2293 οἱ
901 2243 954 2292 δὲ
981 2244 1190 2292 πλεῦνες
1220 2239 1382 2289 αὐτῶν
1413 2241 1462 2291 ἐς
1493 2236 1604 2289 τοὺς
1635 2238 1846 2300 Ὀζόλας
1877 2240 1972 2287 Λο-
2001 2252 2048 2294 25

318 2325 461 2391 κροὺς
485 2324 855 2390 ἐξεκομίσαντο,
885 2326 935 2377 ἐς
952 2322 1259 2389 ’Ἄμφισσαν
1290 2323 1439 2373 πόλιν
1469 2321 1558 2385 τὴν
1588 2323 1710 2386 ὑπὲρ
1738 2325 1824 2371 τοῦ
1856 2324 1972 2387 Κρι-

375 2473 393 2499 1
427 2459 687 2512 ἐπιδεκόμεθα
709 2459 748 2498 R
765 2459 846 2500 SV
985 2458 1151 2499 ἐπιόντα
1171 2471 1252 2498 om.
1280 2457 1318 2495 R
1339 2459 1419 2497 SV
1610 2470 1634 2494 2
1666 2454 1813 2509 ἐπηγγ.
1835 2457 1874 2495 Α
1889 2457 1922 2495 Β
1941 2457 1975 2496 C

315 2530 341 2566 4
373 2517 502 2558 ἄλλον
523 2515 564 2554 R
741 2526 766 2565 5
796 2514 868 2554 alt.
889 2514 958 2565 τὸ]
982 2518 1065 2554 τῶν
1086 2513 1116 2551 S
1282 2514 1308 2550 6
1337 2511 1466 2553 δοκέει
1489 2512 1518 2550 S
1630 2512 1668 2552 οἳ
1688 2525 1767 2550 om.
1792 2511 1830 2549 A
1845 2512 1879 2550 Β
1894 2512 1927 2550 C
1943 2512 1976 2550 Ρ

318 2584 339 2620 7
371 2575 623 2623 ἐπαγγελομ.
647 2569 682 2609 C
901 2570 927 2613 8
955 2585 1000 2608 τε
1028 2566 1223 2618 παρέχειν
1246 2566 1334 2605 ΑΒ
1350 2567 1433 2605 CP
1574 2566 1691 2618 σφίσι
1713 2566 1819 2604 coni.
1849 2566 1973 2605 Stcin

320 2639 370 2664 10
409 2627 493 2666 ἐπεὶ
528 2624 572 2666 δὲ
607 2626 655 2673 δὴ
692 2623 731 2662 R
750 2622 834 2663 SV
999 2620 1282 2673 ἆνηνέχθησαν
1313 2621 1347 2658 C
1580 2633 1623 2658 11
1655 2623 1852 2660 Φωκεεῦσι
1882 2619 1973 2658 ΑΒ

318 2681 502 2732 ἐγίνοντο
520 2679 559 2717 R
575 2679 605 2719 S
619 2679 658 2718 V
763 2690 810 2716 12
830 2677 1030 2731 Τρηχίνης
1048 2675 1087 2713 R
1203 2688 1249 2724 14
1270 2675 1486 2725 τριάκοντα
1501 2675 1586 2712 RV
1651 2680 1655 2683 ’
1700 2687 1747 2722 15
1771 2674 1976 2722 Μηλιάδος

316 2735 404 2772 ΑΒ
425 2734 507 2772 CP
671 2733 735 2773 καὶ
763 2735 838 2781 τῆς
869 2732 899 2771 S
1113 2731 1162 2768 16
1199 2729 1277 2781 ἦ(ιῖ
1310 2747 1383 2783 περ
1414 2731 1447 2768 L
1613 2728 1809 2781 Δρυοπίης
1839 2728 1976 2767 RSV

321 2790 370 2827 18
402 2788 682 2836 ἐσβαλλόντες
704 2786 737 2825 C
921 2799 976 2824 20
1005 2787 1237 2832 ἐσέβαλλον
1259 2784 1293 2822 Β
1309 2784 1342 2822 C
1524 2796 1571 2821 21
1606 2786 1818 2835 Παρνησοῦ
1838 2782 1877 2820 Α
1893 2783 1926 2835 β
1940 2783 1974 2821 C

316 2855 369 2881 22
400 2842 630 2891 ἀνέβησαν.
653 2873 662 2882 .
679 2844 949 2910 .Παρνησσοῦ
981 2842 1140 2891 (mnu-013
1169 2839 1283 2877 AC:
1313 2841 1444 2879 -νισοῦ
1465 2837 1521 2888 Β)
1550 2851 1629 2877 om.
1663 2837 1701 2874 R
1867 2848 1919 2884 23
1949 2836 1974 2884 ἦ

317 2898 412 2936 add.
437 2896 588 2946 Pingel
710 2908 761 2945 24
792 2894 964 2945 Τιθωρέα
986 2895 1022 2932 R
1041 2894 1069 2932 S
1084 2894 1121 2931 V
1230 2895 1307 2941 τὴν
1327 2892 1624 2941 διᾶνηνείκαντο
1645 2890 1683 2928 R
1809 2893 1863 2929 26
1874 2890 1974 2942 ’'Ap-

318 2961 441 3002 φισαν
463 2951 496 2990 C
611 2951 828 3004 Κρισσαίου
855 2950 892 2986 R
909 2951 938 2987 S
953 2950 989 2987 V
