2132 3340
725 86 978 134 ιΣΤοιη
994 86 1098 133 ΩΝ
1162 86 1210 134 H
1841 89 1955 138 vn.
1982 90 2050 151 38

141 221 287 288 ἔλεγε
327 218 460 272 τάδε·
520 217 594 269 9Ω
642 223 879 279 δὲσποτα,
918 220 1133 287 χρηίσας
1177 218 1238 270 ἄν
1289 239 1336 270 τι
1384 224 1475 271 σεῦ
1521 221 1799 285 βουλοίμην

140 309 326 373 τυχεῖν,
360 302 416 355 τὸ
454 304 538 356 σοὶ
572 305 665 368 μὲν
703 303 928 369 ἐλαφρὸν
963 302 1204 377 τυγχάνει
1236 303 1318 355 ἐὸν
1355 304 1656 371 ὑποργῆσαι,
1690 305 1798 370 ἐμοὶ

139 391 193 441 δὲ
233 387 362 455 μέγα
397 388 683 454 γενόμενον.
773 386 965 454 Ξέρξης
1009 390 1061 439 δὲ
1107 391 1205 440 πᾶν
1247 391 1443 453 μᾶλλον
1488 388 1671 440 δοκέων
1713 411 1798 454 μιν
1835 408 1862 442 2

138 473 369 542 χρηίσειν
398 468 428 536 ἢ
460 471 515 523 τὸ
547 470 738 536 ἐδεήθη,
771 472 870 538 ἔφη
908 494 960 523 τε
997 471 1302 539 ὑποργήσειν
1343 473 1420 524 καὶ
1453 471 1510 536 δὴ
1543 474 1797 539 ἀγορεύειν

89 581 112 622 5
138 556 335 609 ἐκέλευε
382 558 495 608 ὅτευ
543 556 718 607 δεόιτο.
808 557 835 606 6
886 559 937 623 δὲ
990 558 1152 608 ἐπείτε
1196 562 1349 608 ταῦτα
1399 556 1598 621 ἤκουσε,
1653 557 1797 625 ἔλεγε

137 640 397 709 θαρσήσας
428 639 561 692 τάδε·
599 640 671 691 “KQ
703 640 938 700 δέσποτα,
974 640 1286 709 τυγχάνουσί
1315 663 1399 706 μοι
1431 645 1601 694 παῖδες
1632 643 1796 696 ἐόντες

137 725 299 785 πέντε,
336 728 420 778 καί
446 732 610 793 σφεας
648 724 1024 790 καταλαμβάνει
1061 725 1249 779 πάντας
1287 724 1387 791 ἅμα
1418 725 1501 776 σοὶ
1534 727 1793 793 στρατεύε-

137 813 256 862 σθαι
292 811 374 863 ἐπὶ
410 809 497 874 τὴν
533 809 776 861 Ἑλλάδα.
867 810 929 861 σὺ
975 809 1043 869 δέ,
1091 808 1128 860 ὦ
1174 815 1411 875 βασιλεῦ,
1458 812 1543 875 ἐμὲ
1588 813 1638 865 ἐς
1681 813 1795 864 τόδε
1832 828 1860 874 3

134 895 329 960 ἡλικίης
357 895 543 959 ἥκοντα
566 896 782 960 οἰκτίρας
807 900 902 946 τῶν
926 916 1009 959 μοι
1040 896 1230 946 παίδων
1263 895 1350 946 ἕνα
1381 894 1676 960 παράλυσον
1707 899 1795 961 τῆς

63 1005 112 1033 ιο
136 983 369 1046 στρατιῆς
400 978 485 1030 τὸν
515 979 881 1045 πρεσβύτατον,
915 981 995 1030 ἵνα
1026 978 1174 1029 αὐτοῦ
1202 1000 1256 1030 τε
1289 981 1404 1044 ἐμεῦ
1435 980 1512 1031 καὶ
1543 985 1641 1032 τῶν
1670 1002 1791 1047 χρη-

131 1062 301 1128 μάτων
329 1062 358 1136 ᾖ
391 1064 690 1129 μελεδωνός.
776 1063 889 1115 τοὺς
925 1065 977 1113 δὲ
1017 1062 1264 1129 τέσσερας
1299 1063 1421 1130 ἄγευ
1456 1063 1557 1129 ἅμα
1593 1071 1793 1134 σεωυτῷ

102 1196 103 1199 ,
134 1147 212 1199 καὶ
243 1146 433 1214 πρηξας
461 1149 522 1199 τὰ
544 1146 700 1200 νοέεις
724 1168 1024 1211 νοστησειας
1045 1148 1226 1199 ὀπίσω.
1303 1146 1456 1213 κάρτα
1485 1169 1538 1199 τε
1569 1149 1791 1214 ἐθυμώθη
1832 1157 1903 1206 39

132 1233 159 1282 6
191 1231 383 1299 Ξέρξης
412 1232 491 1283 καὶ
522 1232 761 1298 ἀμείβετο
791 1233 997 1283 τοισίδε·
1035 1229 1109 1282 Ω
1143 1234 1257 1283 κακὲ
1282 1231 1526 1298 ἄνθρωπε,
1553 1233 1616 1284 σὺ
1647 1235 1789 1284 ἐτόλ-

129 1338 296 1382 μησας
355 1318 471 1382 ἐμεῦ
529 1316 923 1383 στρατευομένου
973 1315 1123 1367 αὐτοῦ
1174 1317 1257 1368 ἐπὶ
1301 1315 1392 1380 τὴν
1443 1315 1668 1368 Ἑλλάδα
1712 1317 1792 1368 καὶ

58 1427 106 1470 ¹5
130 1400 339 1468 ἄγοντος
371 1406 548 1454 παῖδας
579 1401 725 1466 ἐμοὺς
750 1401 828 1452 καὶ
859 1400 1135 1466 ἀδελφεοὺς
1161 1402 1240 1453 καὶ
1265 1401 1478 1465 οἰκηίους
1503 1401 1581 1453 καὶ
1613 1403 1792 1469 φίλους

129 1483 420 1551 μνήσασθαι
468 1487 579 1553 περὶ
629 1485 718 1537 σέο
767 1486 956 1544 παιδός,
998 1486 1091 1537 ἐὼν
1144 1484 1260 1551 ἐμὸς
1305 1475 1625 1545 δοῦλος,’τὸν
1663 1490 1792 1554 χρῆν

130 1572 358 1643 πανοικίῃ
396 1570 518 1643 αὐτῇ
559 1572 618 1642 τῇ
649 1571 841 1637 γυναικὶ
881 1569 1213 1630 συνέπεσθαι;
1278 1571 1330 1622 εὖ
1367 1592 1454 1622 νυν
1490 1570 1592 1622 τόδ’
1625 1570 1797 1635 ἐξεπί-ἲ

131 1677 309 1714 στασο,
350 1655 415 1709 ὡς
452 1655 507 1707 ἐν
541 1661 674 1706 τοῖσι
712 1655 806 1706 ὠσὶ
841 1660 940 1707 τῶν
978 1655 1250 1721 ἀνθρώπων
1287 1654 1437 1707 οἰκέει
1467 1656 1493 1705 6
1529 1656 1695 1720 θυμός,
1735 1654 1791 1710 ὃς

128 1741 324 1807 χρηστὰ
353 1742 445 1805 μὲν
476 1740 692 1793 ἀκούσας
723 1738 928 1807 τέρψιος
958 1738 1222 1804 ἐμπιπλέει
1251 1739 1307 1791 τὸ
1338 1744 1496 1805 σῶμα,
1523 1741 1792 1792 ὑπεναντία

27 1819 106 1878 ’κο
129 1826 180 1875 δὲ
211 1824 434 1876 τούτοισι
464 1824 681 1877 ἀκούσας
712 1823 940 1875 ἀνοιδέει.
1008 1825 1089 1875 ὅτε
1100 1823 1204 1889 μέν
1233 1845 1321 1876 νυν
1351 1826 1548 1891 χρηστὰ
1579 1846 1791 1888 ποιησας
1828 1838 1854 1871 2

129 1907 271 1974 ἔτερα
301 1913 504 1960 τοιαῦτα
535 1907 869 1975 ἐπηγγέλλεο,
905 1907 1224 1979 εὐεργεσίῃσι
1259 1905 1571 1973 βασιλέα·οὐ
1602 1930 1786 1975 καυχη-
1855 1960 2048 2005 “w
2061 1953 2132 2000 du

129 2013 243 2043 σεαι
271 1989 669 2063 ὑπερβαλέσθαι·
728 1991 895 2044 ἐπείτε
927 1995 979 2043 δε
1011 1994 1061 2045 ἐς
1091 1992 1148 2043 τὸ
1178 1991 1527 2059 ἀναιδέστερον
1558 1971 2073 2059 ἐτράπευ,“ξζμωμ,

127 2075 219 2141 τὴν
248 2079 340 2142 μὲν
371 2075 514 2142 ἀξίην
547 2076 603 2127 οὐ
639 2075 883 2143 λάμψεαι,
920 2075 1127 2128 ἐλάσσω
1160 2079 1213 2128 δὲ
1243 2098 1330 2140 της
1360 2074 1514 2140 ἀξίης.
1608 2078 1667 2128 σὲ
1697 2079 1788 2141 μὲν

127 2162 221 2227 γὰρ
254 2161 333 2213 καὶ
362 2160 475 2214 τοὺς
505 2159 749 2227 τέσσερας
771 2166 869 2213 τῶν
901 2162 1090 2212 παίδων
1112 2160 1279 2227 ῥύεται
1309 2162 1370 2211 τὰ
1401 2159 1572 2225 ξείνια·
1619 2166 1705 2212 τοῦ
1733 2164 1786 2213 δὲ

55 2268 102 2310 ²5
127 2245 253 2304 ἑνός,
285 2250 372 2297 τοῦ
407 2244 661 2314 περιέχεαι
695 2244 935 2310 μάλιστα,
979 2253 1039 2318 τῇ
1078 2250 1222 2317 ψυχῇ
1260 2244 1544 2309 ζημιώσεαι.
1634 2242 1707 2299 ὡςι
1734 2247 1786 2297 δὲ
1822 2256 1849 2300 3

125 2333 276 2380 ταῦτα
304 2331 614 2397 ὑπεκρίνατο,
648 2330 821 2381 αὐτίκα
851 2329 1050 2382 ἐκέλευε
1079 2333 1211 2381 τοῖσι
1241 2327 1607 2395 προσετέτακτο
1636 2334 1788 2380 ταῦτα

126 2411 390 2479 πρήσσειν,
424 2419 523 2466 τῶν
555 2415 746 2466 Πυθίου
775 2414 966 2466 παίδων
998 2413 1287 2480 ἐξευρόντας
1317 2411 1409 2465 τὸν·
1434 2413 1787 2480 πρεσβύτατον

183 2564 200 2590 1
234 2568 288 2605 χρ
265 2553 393 2605 ρήσας
421 2553 459 2591 R
477 2553 584 2592 SV:
621 2570 675 2606 χρ
653 2553 794 2606 ρήσαις
823 2551 914 2593 rell.
1085 2552 1174 2592 ἀντὶ
1201 2551 1240 2589 R
1256 2549 1339 2590 SV
1502 2567 1575 2591 τευ
1601 2549 1687 2589 ΑΒ
1702 2550 1735 2589 C
1751 2550 1785 2589 P

108 2619 151 2656 μ2
180 2609 343 2661 ὕπουργ.
365 2607 684 2660 CPRSV<it.
709 2608 755 2658 4)
931 2620 956 2656 4
987 2604 1436 2660 χρήσεινΑΒΟΡΞε
1467 2621 1546 2658 χρη
1532 2605 1627 2653 ’σην
1650 2605 1781 2656 R[V]

123 2673 151 2711 9
180 2663 395 2716 οἰκτείρας
398 2662 431 2700 Ι
654 2675 698 2701 11
731 2660 934 2716 τέσσαρας
959 2660 998 2699 Α
1012 2662 1045 2700 C
1062 2661 1151 2700 RV
1173 2661 1235 2711 (it.
1258 2660 1330 2711 24)
1499 2661 1573 2711 ἄγε
1602 2659 1635 2698 Ρ
1650 2659 1688 2698 R
1703 2659 1785 2698 SV

129 2728 177 2764 13
207 2717 416 2767 ἀμείβεται
437 2716 475 2755 Α
491 2717 526 2755 Β
638 2721 777 2758 τοισδε
800 2717 834 2755 L
1022 2728 1069 2765 15
1099 2716 1168 2755 alt.
1190 2717 1252 2756 καὶ
1275 2728 1356 2754 om
1381 2713 1413 2753 C
1537 2714 1694 2762 οἷκήους
1716 2713 1782 2753 R.

125 2771 292 2813 οἰκείους
314 2772 344 2811 S
358 2771 395 2810 V
510 2773 559 2810 16
587 2772 668 2826 χρη
689 2772 726 2810 Α
742 2771 777 2810 Β
792 2772 825 2810 C
840 2771 871 2810 S
987 2783 1033 2819 17
1063 2774 1115 2817 τῆ
1144 2783 1223 2809 om.
1248 2769 1282 2808 P
1296 2770 1334 2807 R
1351 2769 1381 2808 S
1393 2769 1430 2807 V
1543 2770 1784 2820 ἐξεπίστατο

127 2823 243 2863 RV:
274 2827 472 2868 ἐπίστασο
495 2827 529 2866 C
753 2839 802 2876 ¹9
834 2829 1027 2876 ἐμπιπλεῖ
1043 2813 1132 2863 AB
1148 2825 1181 2864 C
1197 2824 1257 2863 Ρ·
1288 2827 1469 2874 ἐμπιπλᾶ
1490 2823 1524 2861 Ε
1546 2824 1664 2862 Stob
1691 2825 1778 2863 ssor.

124 2891 189 2931 20,
214 2882 268 2930 46
286 2882 379 2920 cod.
404 2881 444 2919 A
605 2895 658 2920 20
688 2881 898 2922 ἀνοιδαίνει
920 2880 1039 2920 Stob.
1205 2892 1252 2917 21
1289 2878 1575 2931 ἐπηγγέλλετο
1596 2878 1629 2916 C
1648 2878 1686 2915 R
1703 2876 1783 2917 SV

68 2932 71 2934 ’
125 2946 176 2972 22
208 2937 276 2975 τυν
296 2934 432 2975 ABC
548 2936 718 2989 ἐτράπευ
741 2936 796 2975 P:
828 2952 947 2975 -πετο
972 2936 1008 2974 R
1031 2948 1040 2973 ε
1073 2951 1191 2975 -πεσο
1213 2934 1293 2973 SV
