2106 3354
919 19 940 31 Χ

704 103 1081 172 ΙΣΤΟΡΙΩΝ
1141 125 1182 172 Ε
1813 126 1876 178 V.
1901 139 1981 176 112

101 251 193 318 τὴν
222 250 410 320 ἡμέρην
438 251 816 320 ὑπερεβάλοντο
846 254 958 308 τοὺς
989 256 1242 314 Φοίνικας,
1271 255 1349 308 καὶ
1378 255 1564 308 τούτων
1590 254 1770 321 Σάμιοι

102 337 422 404 ἠρίστευσαν·
468 337 591 410 πεζῇ
626 336 696 397 δέ,
731 338 795 391 ὡς
833 340 1085 403 συνῆλθον
1120 340 1182 390 τὰ
1215 340 1543 407 στρατόπεδα,
1578 362 1766 406 συμπε-

105 422 262 474 σόντα
313 419 576 490 ἐμάχοντο.
667 424 790 473 κατὰ
837 425 890 474 6&
937 422 1051 475 τοὺς
1099 422 1411 490 στρατηγοὺς
1458 424 1769 491 ἀμφοτέρους
1808 446 1833 478 2

102 505 220 558 τάδε
250 506 459 573 ἐγίνετο·
506 505 571 560 ὣς
599 506 943 574 προσεφέρετο
974 510 1096 573 πρὸς
1125 506 1213 559 τὸν
1232 502 1511 572 Ὀνήσιλον
1543 510 1569 559 ὁ
1593 508 1766 575 Ἀρτύ-

56 614 79 655 5
102 595 218 656 βιος
240 590 322 642 ἐπὶ
351 594 437 641 τοῦ
466 590 618 642 ἵππου
651 589 936 656 κατήμενος,
965 593 990 642 6
1015 589 1289 655 Ὀνήσιλος
1322 594 1443 643 κατὰ
1463 591 1769 657 συνεθήκατο

103 679 171 744 τῷ
201 674 496 747 ὑπασπιστῇ
524 675 659 727 παίει
690 676 1106 742 προσφερόμενον
1145 671 1329 742 [αὐτὸν]
1365 676 1452 728 τὸν
1481 676 1767 743 Ἀρτύβιον·

105 758 444 825 ἐπιβαλόντος
467 760 521 811 δὲ
543 763 631 811 τοῦ
654 760 807 812 ἵππου
838 760 953 813 τοὺς
976 760 1131 813 πόδας
1163 760 1244 812 ἐπὶ
1267 759 1357 824 τὴν
1379 765 1466 811 τοῦ
1490 760 1769 822 Ὀνησίλου

102 844 305 901 ἀσπίδα,
353 845 564 895 ἐνθαῦτα
609 845 636 894 6
681 846 789 910 Κὰρ
834 844 1057 914 δρεπάνῳ
1109 842 1302 908 πλήξας
1354 843 1639 910 ἀπαράσσει
1682 851 1769 897 τοῦ
1793 841 2106 941 ,ffltmu

102 928 254 981 ἵππου
304 926 418 981 τοὺς
469 928 640 981 πόδας.
728 927 995 995 Ἀρτύβιος
1038 931 1129 994 μὲν
1174 928 1231 992 δὴ
1277 930 1304 979 6
1349 928 1627 996 στρατηγὸς
1669 935 1768 982 τῶν
1919 914 2013 939 om.

30 1035 80 1064 ιο
103 1010 346 1078 Περσέων
376 1012 498 1077 ὁμοῦ
527 1016 593 1081 τῷ
627 1013 760 1082 ἵππῳ
793 1014 964 1064 πίπτει
994 1012 1142 1064 αὐτοῦ
1170 1013 1338 1084 ταύτῃ·
1383 1016 1683 1080 μαχομένων
1714 1018 1767 1067 δὲ
1805 1029 1886 1077 113

104 1095 181 1146 καὶ
210 1100 311 1147 τῶν
345 1095 516 1148 ἄλλων
553 1096 841 1164 Στησήνωρ,
874 1097 1111 1165 τύραννος
1147 1098 1241 1155 ε’ῲν
1278 1098 1504 1170 Κουρίου,
1543 1101 1771 1164 προδιδοῖ

101 1179 237 1248 ἔχων
283 1180 490 1245 δύναμιν
549 1181 739 1248 ἀνδρῶν
793 1182 906 1247 περὶ
958 1184 1140 1233 ἑωυτὸν
1191 1181 1247 1232 οὐ
1301 1179 1530 1249 σμικρήν.
1618 1185 1665 1234 οἱ
1713 1186 1766 1235 δὲ

103 1262 335 1332 Κουριέες
359 1264 496 1316 οὗτοι
517 1263 755 1332 λέγονται
779 1265 905 1317 εἶναι
929 1264 1169 1333 Ἀργείων
1192 1264 1403 1318 ἄποικοι.
1479 1267 1765 1332 προδόντων

100 1350 153 1400 δὲ
184 1353 283 1400 τῶν
317 1347 566 1416 Κουριέων
606 1349 781 1401 αὐτίκα
823 1351 901 1402 καὶ
941 1352 1003 1401 τὰ
1044 1350 1360 1415 Σαλαμινίων
1400 1350 1765 1418 πολεμιστήρια

27 1455 74 1497 15
98 1430 292 1499 ἅρματα
349 1433 506 1485 τώυτὸ
564 1438 698 1485 τοῖσι
757 1438 1020 1502 Κουριεῦσι
1077 1436 1288 1486 ἐποίεον.
1378 1434 1652 1501 γινομένων
1710 1438 1764 1487 δὲ

97 1517 286 1569 τούτων
329 1517 676 1585 κατυπέρτεροι
717 1516 847 1583 ἦσαν
887 1521 934 1570 οἱ
975 1518 1171 1586 Πέρσαι
1208 1524 1306 1570 τῶν
1346 1520 1592 1585 Κυπρίων.
1682 1541 1759 1572 τε·
1802 1538 1829 1570 -2

96 1601 375 1668 τραμμένου
406 1605 461 1654 δὲ
491 1607 578 1654 τοῦ
609 1602 947 1669 στρατοπέδου
977 1603 1127 1654 ἄλλοι
1155 1625 1210 1655 τε
1239 1603 1424 1655 ἔπεσον
1458 1604 1643 1655 πολλοὶ
1683 1604 1761 1655 καὶ

96 1685 156 1751 δὴ
190 1686 269 1738 καὶ
300 1685 573 1751 Ὀνήσιλός
603 1709 658 1739 τε
689 1688 715 1737 6
746 1686 981 1754 Χέρσιος,
1014 1689 1068 1741 ὅς
1103 1709 1194 1754 περ
1228 1686 1319 1752 τὴν
1363 1688 1593 1754 Κυπρίων
1634 1689 1758 1740 ἀπό-

96 1792 282 1823 στασιν
329 1770 526 1838 ἔπρηξε,
574 1771 654 1822 καὶ
699 1773 724 1822 6
770 1774 965 1824 Σολίων
1008 1771 1256 1838 βασιλεὺς
1301 1771 1688 1839 Ἀριστόκυπρος
1734 1773 1761 1823 6

22 1874 73 1902 20
95 1855 429 1922 Φιλοκύπρου,
466 1857 785 1923 Φιλοκύπρου
815 1859 868 1908 6&
905 1858 1081 1908 τούτου
1111 1855 1199 1908 τὸν
1233 1857 1407 1908 Σόλων
1439 1857 1465 1906 6
1495 1856 1758 1921 Ἀθηναῖος

94 1940 389 2005 ἀπικόμενος
428 1941 478 1993 ἐς
518 1940 717 2006 Κύπρον
757 1942 809 1991 ἐν
846 1940 991 1992 ἔπεσι
1028 1942 1198 1992 αἴνεσε
1233 1940 1485 2007 τυράννων
1518 1940 1756 2006 μάλιστα.

93 2021 370 2088 Ὀνησίλου
420 2023 511 2089 μέν
557 2045 643 2076 νυν
689 2024 1028 2090 Ἀμαθούσιοι,
1075 2027 1152 2077 ὅτι
1198 2024 1360 2091 σφέας
1405 2027 1754 2091 ἐπολιόρκησε,
1796 2043 1877 2091 114

91 2108 432 2173 ἀποταμόντες
467 2108 558 2173 τὴν
595 2108 822 2175 κεφαλὴν
859 2110 1098 2174 ἐκόμισαν
1130 2111 1180 2162 ἐς
1211 2109 1521 2174 Ἀμαθοῦντα
1559 2111 1642 2161 καί
1671 2132 1756 2174 μιν

91 2191 435 2259 ἀνεκρέμασαν
459 2194 582 2259 ὑπὲρ
605 2197 703 2244 τῶν
727 2192 939 2244 πυλέων.
1010 2189 1319 2260 ’κρεμαμένης
1343 2195 1395 2244 6&
1418 2195 1506 2257 τῆς
1531 2197 1755 2260 κεφαλῆς

22 2300 66 2341 25
93 2276 170 2328 καὶ
213 2276 304 2342 ἤδη
352 2277 531 2342 ἐούσης
578 2278 747 2342 κοίλης
792 2279 944 2344 ἐσμὸς
985 2276 1272 2342 μελισσέων
1316 2277 1464 2330 ἐσδὺς
1509 2279 1559 2331 ἐς
1602 2278 1753 2342 αὐτὴν
1778 2292 2001 2328 ’ΛΜ
2038 2311 2047 2321 -

92 2361 271 2427 κηρίων
299 2383 384 2426 μιν
415 2360 682 2426 ἐνέπλησε.
755 2361 931 2413 τούτου
954 2364 1007 2413 6&
1038 2361 1308 2428 γενομένου
1338 2362 1570 2414 τοιούτου.
1590 2361 1749 2429 (ἐχρέ-
1792 2383 1816 2413 2

89 2465 217 2499 ,ωντο
262 2447 357 2512 γὰρ
396 2445 507 2511 περὶ
551 2445 700 2509 αὐτῆς
743 2447 788 2497 οἱ
826 2443 1169 2510 Ἀμαθούσιοι)
1211 2446 1480 2510 ἐμαντεύθη
1524 2453 1620 2513 σφι
1663 2446 1752 2510 τὴν

87 2531 180 2592 μὲν
211 2526 439 2596 κεφαλὴν
465 2529 762 2582 κατελόντας
793 2528 970 2595 θάψαι,
997 2529 1252 2599 Ὀνησίλῳ
1286 2533 1338 2581 6&
1371 2530 1503 2582 θύειν
1534 2530 1598 2583 ὡς
1627 2531 1750 2596 ἥρωι

149 2679 166 2705 1
198 2667 530 2721 ὑπερεβάλλοντο
553 2667 587 2706 Β
729 2680 754 2705 2
785 2670 959 2716 συνῆλθε
981 2667 1020 2705 Α
1035 2668 1069 2706 Β
1085 2667 1118 2706 C
1135 2667 1168 2706 P
1316 2680 1340 2717 5
1370 2670 1474 2710 κατὰ
1494 2669 1545 2710 τὰ
1567 2668 1747 2708 PSVU

90 2723 330 2774 ξυνεθήκατο
348 2723 380 2760 L
506 2725 532 2761 6
553 2723 675 2763 αὐτὸν
690 2735 772 2762 orn.
794 2724 823 2760 S
837 2722 874 2761 V
890 2722 928 2760 U
1061 2736 1082 2772 7
1107 2722 1375 2770 ἐπιβάλοντος
1398 2723 1427 2762 S
1439 2722 1478 2760 V
1586 2724 1658 2764 alt.
1677 2729 1749 2766 τοῦ

89 2790 173 2816 om.
200 2777 234 2815 P
360 2777 387 2814 8
417 2776 519 2831 Κὰρ]
543 2777 675 2817 ὀπάων
698 2776 727 2815 S
871 2789 914 2815 11
949 2779 1086 2818 ἄλλων
1105 2777 1184 2830 (εὖ)
1205 2778 1415 2827 Gomperz
1551 2791 1598 2816 12
1628 2782 1750 2821 αὐτὸν

90 2831 132 2871 Α
147 2831 181 2870 Β
197 2831 231 2870 C
401 2845 448 2881 ¹4
479 2832 543 2884 δὲ]
566 2831 610 2872 δὲ
631 2833 694 2872 καὶ
716 2830 750 2869 C
922 2844 969 2881 15
1000 2832 1130 2873 ἐποίεε
1152 2835 1188 2869 Α
1204 2832 1237 2870 Β
1253 2832 1287 2870 C
1440 2834 1489 2870 16
1518 2835 1554 2873 οἱ
1573 2841 1620 2873 Π.
1645 2833 1750 2882 ἦσαν

92 2885 174 2924 SV
327 2899 373 2936 17
405 2885 470 2938 δὲ]
491 2904 538 2927 τε
561 2886 590 2925 S
605 2886 643 2925 V
813 2899 861 2936 19
890 2886 1066 2929 Σολιέων
1087 2887 1116 2925 S
1130 2886 1165 2925 V
1181 2887 1219 2925 U
1386 2900 1438 2937 24
1469 2888 1749 2939 ἀπεκρέμασαν

93 2941 126 2980 Ρ
139 2941 169 2980 S
181 2941 220 2980 V
233 2940 272 2980 U
385 2940 664 2994 κρεμασμένης
684 2941 722 2979 V
878 2954 929 2991 25
960 2944 1083 2990 οὔσης
1103 2944 1178 2990 ἤδη
1202 2941 1235 2979 Ρ
1249 2941 1278 2980 S
1292 2942 1330 2980 V
1345 2941 1383 2979 U
1539 2944 1591 2981 26
1619 2943 1692 2993 μὲν
1713 2944 1747 2981 C

91 2994 380 3091 ἐνέπὶίἑηέαὔῑὸ]
487 2995 678 3049 ἐχρέοντο
702 2995 809 3035 PV:
843 2997 1028 3050 ἐχρίοντο
1050 2996 1080 3034 S
1206 3009 1256 3047 27
1288 2997 1325 3036 οἱ
1344 3010 1425 3036 om.
1450 2997 1481 3036 S
1595 2998 1648 3037 28
1675 2997 1750 3050 μὲν

90 3063 171 3092 om·
