2132 3340
217 0 225 18 ἱ

51 113 166 160 VII.
197 114 252 162 18

188 1014 247 1059 19

908 114 956 161 H
972 114 1334 162 POAOTOT

294 243 358 296 ὡς
390 242 509 302 οἶκε,
547 243 712 311 φθορή
756 265 830 297 τις
876 243 1254 310 καταλαμβάνει
1299 244 1557 311 θεήλατος,
1598 249 1697 315 ἐγὼ
1741 250 1832 314 μὲν
1878 250 2003 302 καὶ’“

291 327 435 380 αὐτὸς
465 327 716 394 τράπομαι
741 329 819 380 καὶ
842 327 932 392 τὴν
956 329 1160 396 γνώμην
1183 332 1522 397 μετατίθεμαι,
1550 331 1614 382 σὺ
1644 334 1698 384 δὲ
1729 331 1956 398 σήμηνον
2019 377 2034 393 χ

288 415 379 476 μὲν
412 412 648 484 Πέρσῃσι
677 414 738 463 τᾶ
770 415 823 464 ἐκ
854 417 941 464 τοῦ
974 416 1088 464 θεοῦ
1119 415 1427 480 πεμπόμενα,
1455 419 1676 484 χρᾶσθαι
1707 419 1760 468 δὲ
1786 417 1957 476 κέλευε

288 501 421 548 τοῖσι
460 497 511 547 ἐκ
553 495 643 548 σέο
681 497 922 563 πρώτοισι
961 497 1372 566 προειρημένοισι
1409 502 1459 553 ἐς
1494 499 1585 564 τὴν
1619 500 1953 567 παρασκευήν,

288 582 425 632 ποίεε
456 584 508 633 δὲ
539 582 692 635 οὕτως
722 583 848 636 ὅκως
877 586 963 632 τοῦ
995 584 1110 633 θεοῦ
1140 585 1496 649 παραδιδόντος
1526 589 1624 635 τῶν
1657 590 1760 636 σῶν
1791 585 1955 651 ἐνδεή-
1980 609 2002 650 5

289 686 367 716 σει
397 664 566 731 μηδέν.
640 666 829 718 τούτων
859 665 1161 734 λεχθέντων,
1189 666 1401 719 ἐνθαῦτα
1431 667 1727 734 ἐπαρθέντες
1756 671 1814 742 τῇ
1841 672 1951 738 ὄψι,

289 750 354 803 ὡς
399 749 554 817 ἡμέρη
602 749 803 817 ἐγένετο
848 749 1084 819 τάχιστα,
1125 743 1317 819 Ξέρξης
1358 774 1412 804 τε
1452 754 1766 818 ὑπερετίθετο
1802 759 1954 807 ταῦτα

290 833 524 906 Πέρσῃσι
562 836 640 887 καὶ
672 833 1001 901 Ἀρτάβανος,
1038 834 1092 889 ὃς
1128 836 1372 903 πρότερον
1409 836 1741 889 ἀποσπεύδων
1770 843 1954 904 μοῦνος

287 918 537 985 ἐφαίνετο,
571 920 684 971 τότε
715 919 1032 972 ἐπισπεύδων
1058 919 1274 987 φανερὸς
1304 919 1380 985 ἦν.

370 1001 662 1073 “Ορμημένῳ
708 1007 760 1056 δὲ
807 1002 972 1076 Ξέρξῃ
1021 1004 1411 1072 στρατηλατέειν
1454 1007 1580 1072 μετὰ
1623 1010 1774 1058 ταῦτα
1813 1009 1950 1075 τρίτη
1981 1030 2031 1060 10

287 1089 407 1153 ὄψις
440 1089 493 1138 ἐν
525 1093 592 1189 τῳ
621 1079 756 1157 ὕπνῳ
789 1087 1004 1155 ἐγένετο,
1041 1088 1131 1153 τὴν
1161 1092 1207 1141 οἱ
1236 1088 1388 1157 μάγοι
1418 1090 1615 1158 ἔκριναν
1647 1090 1951 1147 ἀκούσαντες

287 1170 460 1272 φέρειν
482 1193 535 1223 τε
560 1172 640 1223 ἐπὶ
663 1176 831 1224 πᾶσαν
856 1175 950 1239 γῆν
976 1174 1263 1225 δουλεύσειν
1287 1172 1342 1225 τέ
1365 1177 1410 1226 οἱ
1434 1173 1623 1228 πάντας
1647 1175 1947 1241 ἀνθρώπους.

1069 1256 1193 1276 (t-U!

217 1308 219 1310 .
285 1256 313 1320 ἡ
357 1258 410 1307 δὲ
452 1258 572 1322 ὄψις
611 1254 671 1320 ἠν
712 1257 814 1320 ἥδε·
861 1258 1025 1309 ἐδόκεε
1059 1279 1084 1307 ο
1119 1254 1311 1325 εερξης
1350 1261 1739 1326 ἐστεφανῶσθαι
1778 1261 1950 1325 ἐλαίης

429 1340 828 1359 ΛΛΛΛΛΛ

284 1426 409 1489 μετὰ
431 1393 486 1476 δὲ
509 1425 851 1491 ἀφανισθῆναι
875 1427 986 1492 περὶ
1010 1434 1071 1499 τῇ
1098 1433 1296 1500 κεφαλῇ
1320 1428 1544 1493 κείμενον
1567 1426 1654 1479 τὸν
1679 1427 1946 1495 στέφανον.
1978 1452 2025 1494 15

288 1507 557 1575 κρινάντων
581 1512 634 1560 δε
658 1509 809 1581 ταύτῃ
832 1515 931 1562 τῶν
963 1510 1137 1578 μάγων
1165 1511 1406 1578 Περσέων
1430 1533 1484 1564 τε
1515 1516 1614 1563 τῶν
1638 1511 1946 1580 συλλεχθέν-

286 1614 384 1644 των
420 1594 592 1644 αὐτίκα
632 1598 728 1647 πᾶς
764 1594 885 1661 ἀνὴρ
930 1597 981 1648 ἐς
1016 1616 1106 1659 την
1146 1595 1306 1664 ἀρχην
1344 1617 1433 1660 την
1469 1599 1652 1648 ἑωυτοῦ
1687 1595 1948 1651 ἀπελάσας

288 1698 395 1745 ειχε
424 1679 695 1774 προθυμίην
737 1682 906 1730 πᾶσαν
949 1681 1028 1732 ἐπὶ
1071 1686 1205 1732 τοῖσι
1249 1679 1566 1746 εἰρημένοισι,
1601 1666 1761 1732 θέλων
1800 1680 1949 1735 αὐτὸς

287 1762 497 1815 ἕκαστος
547 1764 607 1814 τὰ
638 1765 963 1828 προκείμενα
1023 1767 1155 1830 δῶρα
1215 1769 1413 1830 λαβεῖν,
1471 1766 1548 1816 καὶ
1608 1764 1802 1832 Ξέρξης
1862 1770 1949 1817 τοῦ

288 1851 502 1912 στρατοῦ
544 1847 696 1900 οὕτως
736 1847 1006 1914 ἐπάγερσιν
1049 1847 1284 1912 ποιέεται,
1332 1853 1498 1917 χῶρον
1538 1847 1699 1901 πάντα
1738 1851 1948 1916 ἐρευνῶν
1975 1873 2025 1901 20

286 1951 372 1994 της
402 1930 620 1997 ἠπείρου.
710 1931 807 1983 ἀπὸ
837 1933 933 1998 γὰρ
958 1933 1212 1998 Αἰγύπτου
1247 1932 1467 1987 ἁλώσιος
1499 1934 1578 1984 ἐπὶ
1608 1935 1699 1998 μὲν
1728 1932 1947 1999 τέσσερα

277 2007 399 2065 ἔτεα
428 2015 621 2081 πλήρεα
655 2014 956 2098 παραρτέετο
990 2014 1225 2082 στρατιήν
1269 2037 1322 2068 τε
1365 2017 1443 2068 καὶ
1483 2017 1544 2068 τὰ
1583 2018 1851 2084 πρόσφορα
1885 2024 1947 2090 τῇ

288 2106 510 2171 στρατιῆ,
533 2098 739 2169 πέμπτῳ
763 2099 865 2151 δὲ”
840 2108 939 2150 ετεϊ
965 2099 1186 2179 ἀνομένῳ
1213 2100 1575 2165 ἐστρατηλάτεε
1599 2101 1727 2169 χειρὶ
1750 2099 1946 2172 μεγάλῃ
1964 2089 2132 2150 μιάῦιι

288 2181 519 2246 πλήθεος.
597 2184 796 2235 στόλων
826 2205 921 2251 γαρ
950 2188 1047 2235 τῶν
1077 2183 1217 2249 ἡμεῖς
1250 2185 1388 2248 ἴδμεν
1419 2189 1594 2253 πολλῷ
1619 2184 1676 2248 δη
1707 2183 1947 2251 μέγιστος

287 2287 428 2319 ουτος
460 2265 672 2333 ἐγενετο,
707 2268 840 2319 ὥστε
866 2266 990 2332 μήτε
1019 2266 1107 2318 τὸν
1137 2267 1350 2333 Δαρείου
1373 2271 1460 2319 τὸν
1483 2267 1563 2318 ἐπὶ
1595 2268 1785 2321 Σκύθας
1813 2289 1946 2334 παρα
1973 2291 2021 2332 25

286 2355 460 2402 τοῦτον
501 2349 690 2415 μηδένα
734 2353 1005 2418 φαίνεσθαι
1050 2349 1174 2416 μήτε
1214 2350 1300 2403 τὸν
1339 2352 1594 2410 Σκυθικόν,
1637 2352 1719 2403 ὅτε
1764 2352 1946 2403 Σκύθαι

290 2435 586 2501 Κιμμερίους
622 2435 879 2489 διώκοντες
917 2437 966 2489 ἐς
1003 2434 1093 2499 τὴν
1131 2434 1359 2500 Μηδικὴν
1395 2431 1599 2503 [χώρην]
1637 2435 1946 2501 ἐσβαλόντες

345 2585 362 2610 1
397 2572 500 2613 ἔοικε
520 2571 553 2610 L
662 2580 806 2613 καταλ.
823 2589 885 2613 τις
899 2574 1015 2626 φθορ
1004 2591 1024 2622 η
1042 2571 1082 2610 Α
1099 2571 1132 2610 Β
1147 2571 1181 2611 C
1294 2584 1319 2609 2
1350 2573 1401 2613 σὺ
1414 2570 1490 2623 μὲν
1505 2573 1699 2624 σήμηινον
1711 2571 1892 2627 Πέρσῃσι
1909 2573 1944 2613 C

287 2639 312 2676 3
341 2627 577 2678 πεμπόμενα
599 2627 865 2676 (πεποιημένα
885 2627 998 2680 C)..
1015 2629 1136 2668 ,θεοῦ
1155 2639 1237 2667 om.
1264 2626 1303 2664 R
1390 2630 1563 2678 χρῆσθαι
1586 2627 1662 2667 PS
1676 2628 1713 2667 V
1822 2643 1848 2677 4
1874 2631 1946 2669 σεῦ

290 2681 370 2720 SV
513 2680 777 2734 εἰρημένοισιν
792 2681 828 2720 C
1039 2693 1065 2732 5
1096 2680 1266 2734 ἐνδεῆσῃ
1288 2680 1327 2720 Α
1342 2680 1375 2719 Β
1393 2681 1426 2720 C
1443 2679 1519 2733 [V]
1735 2684 1763 2720 6
1790 2681 1946 2722 τούτων

287 2735 330 2776 δὲ
349 2734 389 2773 Α
406 2735 439 2773 Β
455 2735 488 2773 C
610 2735 697 2788 ὄψει
721 2736 754 2774 C
769 2735 802 2774 P
817 2736 855 2773 R
871 2735 901 2775 S
916 2736 954 2774 V
1102 2749 1124 2785 7
1157 2736 1339 2776 ὕπετίθεε
1362 2735 1401 2774 R
1417 2735 1447 2774 S
1461 2735 1500 2774 V
1650 2749 1699 2775 10
1729 2735 1944 2787 ὡρμημένῳ

287 2790 321 2828 C
337 2789 370 2827 P
384 2790 473 2828 RV
610 2790 847 2843 στρατεύειν
869 2790 908 2828 R
923 2790 953 2830 S
967 2790 1005 2828 V
1200 2803 1247 2828 12
1277 2789 1484 2831 δουλεύειν
1502 2790 1536 2829 C
1733 2803 1780 2838 14
1810 2793 1946 2830 πᾶσαν

287 2857 367 2882 om.
414 2844 564 2883 RSV
751 2847 800 2883 16
846 2849 976 2886 ταῦτα
1013 2843 1223 2882 ABCP
1415 2857 1460 2881 21
1511 2860 1692 2895 τεσσαρα
1728 2843 1946 2883 ABRV

288 2910 340 2936 22
370 2897 617 2951 παρηρτέετο
649 2898 787 2939 RSV
978 2911 1030 2948 24
1061 2898 1213 2939 στόλωι
1245 2897 1382 2937 ABC
1575 2901 1628 2937 26
1655 2898 1780 2950 μηδὲν
1809 2897 1945 2937 Aldus

290 2965 340 3001 27
371 2954 508 3005 χώρην
529 2966 610 2992 om.
637 2952 676 2990 R
790 2952 1041 3004 ἐμβαλόντες
1063 2952 1096 2990 Ρ
1111 2953 1149 2991 R
1167 2952 1247 2992 SV
1666 2971 1672 2979 ·
