2132 3340
76 81 274 150 VHL3
946 83 1371 135 ΗΡΟΔΟΤΟὙ

316 217 586 281 Ἀθηναῖοι,
641 216 770 283 μέγα
821 216 1144 283 πεποιημένοι
1194 222 1434 284 περιεῖναι
1487 216 1576 282 τὴν
1625 216 1850 269 Ἑλλάδα
1901 214 1981 269 καὶ

313 302 532 367 γνόντες,
567 303 609 353 εἰ
651 300 994 353 στασιάσουσι
1029 303 1140 369 περὶ
1177 305 1263 365 τῆς
1298 302 1580 370 ἡγεμονίης,
1613 301 1678 354 ὡς
1712 300 2008 353 ἀπολέεται.

311 385 340 450 ἡ
387 384 591 445 Ἑλλάς,
641 383 763 451 ὀρθὰ
810 390 1050 439 νοεῦντες·
1119 384 1299 440 στάσις
1347 387 1442 452 γὰρ
1491 386 1712 452 ἔμφυλος
1759 384 1979 457 πολέμου

313 468 712 572 ὁμοφρονέοντος
747 469 968 539 τοσούτῳ
1007 469 1176 522 κάκιόν
1215 491 1326 521 εστι
1365 470 1468 540 ὅσῳ
1506 470 1724 535 πόλεμος
1766 468 1974 536 εἰρήνης.

0 570 271 661 tomum&
313 553 635 618 ἐπιστάμενοι
666 551 733 605 ὠν
757 553 875 605 αὐτὸ
906 559 1049 605 τοῦτο
1080 555 1166 606 οὐκ
1198 553 1479 606 ἀντέτεινον
1509 553 1625 605 ἀλλ’
1650 553 1797 613 εἶκον,
1828 553 1976 623 μέχρι
1996 575 2022 619 5

0 680 74 705 sm
0 608 1108 710 ΜΜΛΜΜιᾸ-ιςαμτιι-ε-δςαωωτῶν,
1083 660 1147 691 ως
1179 636 1416 712 διέδεξαν·
1464 638 1530 691 ὡς
1559 639 1652 705 γὰρ
1675 636 1976 703 διωσάμενοι

0 713 196 756 Ρύῲω*
309 742 395 773 τον
443 721 648 787 Πέρσην
694 722 805 787 περὶ
852 743 939 786 της
985 723 1172 774 ἐκείνου
1218 721 1309 787 ἤδη
1355 721 1441 774 τὸν
1488 723 1658 789 ἀγῶνα
1705 724 1972 781 ἐποιεῦντο,

309 806 568 872 πρόφασιν
591 805 680 869 τὴν
705 807 1007 858 Παυσανίεω
1038 807 1186 872 ὕβριν
1210 807 1573 873 προϊσχόμενοι
1597 806 1862 857 ἀπείλοντο
1885 805 1974 870 τὴν

308 889 577 954 ἡγεμονίην
612 889 725 943 τοὺς
759 890 1191 955 Λακεδαιμονίους.
1280 891 1414 941 ἀλλὰ
1448 887 1600 941 ταῦτα
1638 892 1730 954 μὲν
1764 889 1975 956 ὕστερον

236 988 269 1034 4
310 971 525 1038 ἐγένετο·
578 974 691 1025 τότε
737 975 789 1024 δὲ
835 974 970 1025 οῦτοι
1015 976 1061 1026 οἱ
1108 975 1185 1026 καὶ
1231 973 1308 1025 ἐπ’
1354 973 1670 1041 Ἀρτεμίσιον
1711 972 1974 1038 (Ελλήνων
2002 965 2085 1023 ια’

308 1057 598 1122 ἀπικόμενοι
644 1057 707 1110 ὡς
750 1056 881 1109 εἶδον
925 1057 1039 1111 νέας
1082 1079 1136 1110 τε
1176 1061 1372 1112 πολλὰς
1417 1058 1748 1126 καταχθείσας
1792 1059 1843 1111 ἐς
1885 1059 1974 1111 τὰς

308 1140 528 1207 Ἀφέτας
553 1142 632 1193 καὶ
656 1145 890 1208 στρατιῆς
921 1141 1116 1194 ἅπαντα
1139 1142 1286 1201 πλέα,
1313 1142 1420 1195 ἐπεὶ
1444 1142 1638 1194 αὐτοῖσι
1662 1143 1794 1208 παρὰ
1823 1140 1973 1206 δόξαν

306 1227 368 1276 τὰ
413 1223 678 1292 πρήγματα
721 1231 819 1278 τῶν
863 1226 1140 1293 βαρβάρων
1181 1226 1426 1292 ἀπέβαινε
1470 1222 1500 1290 ἢ
1542 1226 1607 1280 ὡς
1650 1225 1789 1278 αὐτοὶ
1830 1247 1968 1279 κατε-

307 1309 494 1368 δόκεον,
522 1308 993 1376 καταρρωδήσαντες
1017 1315 1237 1377 δρησμὸν
1270 1311 1541 1376 εβούλευον
1571 1309 1669 1362 ἀπὸ
1692 1314 1777 1361 τοῦ
1800 1309 1968 1376 Ἀρτε-

241 1414 266 1444 2
304 1395 476 1457 μισίου
508 1393 608 1444 ἔσω
641 1415 691 1447 ες
722 1415 812 1458 την
841 1393 1080 1446 Ἑλλάδα.
1161 1396 1364 1461 γνόντες
1394 1394 1449 1447 δέ
1478 1401 1642 1461 σφεας
1673 1396 1719 1446 οἱ
1750 1393 1972 1459 Εὐβοέες
1999 1417 2044 1458 15

305 1482 455 1528 ταῦτα
477 1477 872 1543 βουλευομένους
898 1477 1093 1530 ἐδέοντο
1118 1478 1436 1547 Εὐρυβιάδεω
1461 1484 1760 1546 προσμεῖναι
1788 1478 1971 1546 χρόνον
2056 1473 2063 1475 s

0 1549 206 1597 ‘'W‘'
304 1562 495 1627 ὀλίγον,
522 1560 629 1613 ἔστ’
652 1560 713 1613 ἂν
744 1562 882 1614 αὐτοὶ
905 1561 1054 1614 τέκνα
1082 1584 1136 1615 τε
1168 1563 1245 1615 καὶ
1269 1563 1381 1616 τοὺς
1404 1562 1596 1627 οἶιέτας
1618 1562 1967 1615 ὑπεκθέωνται.

305 1644 369 1697 ὡς
413 1645 455 1696 δ’
492 1645 581 1696 οὐκ
627 1646 841 1705 ἔπειθον,
887 1645 1200 1712 μεταβάντες
1242 1646 1328 1699 τὸν
1367 1646 1644 1711 Ἀθηναίων
1689 1645 1968 1713 στρατηγὸν

303 1730 532 1781 πείθουσι
550 1729 907 1794 Θεμιστοκλέα
930 1731 1011 1782 ε’πὶ
1032 1735 1195 1800 μισθῷ
1219 1729 1479 1798 τριήκοντα
1501 1729 1817 1789 ταλάντοισι,
1838 1729 1916 1782 ἐπ’
1933 1728 1970 1799 ᾧ

299 1834 353 1864 τε
378 1814 757 1878 καταμείναντες
780 1813 874 1881 πρὸ
898 1818 984 1879 τῆς
1004 1814 1225 1879 Εὐβοίης
1244 1813 1540 1879 ποιήσονται
1563 1813 1653 1878 τὴν
1671 1814 1964 1882 ναυμαχίην.
1993 1835 2043 1864 20

232 1910 263 1957 5
301 1897 327 1945 6
379 1899 431 1948 δὲ
478 1897 857 1962 Θεμιστοκλέης
903 1898 1017 1952 τοὺς
1052 1897 1313 1964 “Ελληνας
1365 1900 1594 1968 ἐπισχεῖν
1645 1900 1739 1950 ὧδε
1790 1896 1963 1950 ποιέει·

302 1980 588 2052 Εὐρυβιάδῃ
606 1982 793 2033 τούτων
813 1987 911 2034 τῶν
930 1981 1197 2051 χρημάτων
1219 1987 1473 2048 μεταδιδοῖ
1493 1981 1641 2034 πέντε
1659 1981 1879 2033 τάλαντα
1901 1981 1967 2035 ὣς

299 2064 412 2131 παρ’
434 2068 613 2117 ἑωυτοῦ
637 2069 784 2130 δῆθεν
804 2067 979 2120 διδούς.
1049 2067 1114 2120 ὡς
1138 2066 1192 2118 δέ
1211 2069 1255 2118 οἱ
1275 2067 1416 2119 οὗτος
1439 2065 1767 2118 ἀνεπέπειστο
1784 2064 1962 2129 (Ἀδεί-

298 2169 482 2213 μαντος
513 2151 606 2216 γὰρ
639 2150 665 2199 6
694 2149 908 2201 Ὠκύτου
937 2147 1011 2216 (ὁ)
1042 2151 1302 2217 Κορίνθιος
1340 2149 1618 2216 στρατηγὸς
1647 2154 1746 2201 τῶν
1774 2153 1964 2201 λοιπῶν

0 2228 144 2290 ’μω
297 2231 513 2302 ἤσπαιρε
542 2238 738 2297 μοῦνος,
773 2233 994 2300 φάμενος
1026 2235 1441 2286 ἀποπλεύσεσθαί
1466 2254 1519 2285 τε
1551 2232 1647 2284 ἀπὸ
1676 2237 1762 2284 τοῦ
1792 2231 1961 2298 Ἀρτε-
1989 2253 2038 2294 25

296 2316 467 2380 μισίου
505 2316 584 2368 καὶ
626 2316 682 2367 οὐ
723 2315 1081 2383 παραμενέειν),
1122 2316 1243 2384 πρὸς
1284 2317 1342 2381 δὴ
1379 2322 1553 2369 τοῦτον
1593 2315 1702 2369 εἶπε
1742 2317 1768 2366 ὁ
1806 2319 1961 2380 Θεμι-
2105 2309 2112 2313 ’

233 2418 258 2448 2
299 2399 544 2464 στοκλέης
581 2401 853 2465 ἐπομόσας·
899 2401 975 2452 Οὐ
1014 2401 1079 2452 σύ
1114 2422 1173 2467 γε
1207 2400 1362 2466 ἡμέας
1398 2401 1709 2467 ἀπολείψεις,
1743 2399 1856 2451 ἐπεί
1886 2419 1964 2451 τοι

297 2484 395 2548 ἐγὼ
424 2482 553 2548 μέζω
591 2487 721 2550 δῶρα
756 2485 901 2535 δώσω
932 2480 961 2548 ἢ
992 2483 1239 2550 βασιλεὺς
1275 2484 1335 2536 ἄν
1365 2503 1442 2535 τοι
1472 2485 1498 2535 ὁ
1530 2482 1715 2547 Μήδων
1746 2481 1963 2550 πέμψειε

355 2631 372 2656 1
419 2636 466 2659 τε
505 2618 731 2670 ποιεύμενοι
771 2620 892 2659 Stein
1070 2634 1095 2658 2
1139 2623 1353 2662 στασιοῦσι
1394 2619 1432 2657 R
1456 2619 1486 2658 S
1507 2619 1545 2657 V
1710 2631 1736 2668 3
1779 2617 1961 2660 νοέοντες

298 2673 337 2711 R
353 2674 382 2712 S
398 2673 434 2711 V
561 2687 586 2722 4
615 2677 788 2714 τοσοῦτο
812 2674 848 2711 R
863 2674 901 2711 V
1065 2687 1090 2724 5
1119 2673 1262 2727 μέχρις
1284 2673 1328 2714 οὗ
1351 2674 1384 2712 Ρ
1399 2673 1437 2712 R
1453 2675 1483 2712 S
1496 2673 1535 2712 V
1670 2676 1697 2712 6
1725 2673 1961 2722 διωσάμενοι

298 2727 497 2767 Bekker:
545 2731 594 2776 δη
625 2728 823 2778 ωσάμενοι
859 2728 893 2765 L
1061 2742 1082 2778 7
1128 2728 1286 2781 Πέρσεα
1324 2728 1363 2766 R
1382 2728 1466 2767 SV
1578 2726 1782 2768 ἐποιέοντο
1814 2727 1854 2766 R
1875 2725 1961 2766 SV

301 2793 349 2819 10
380 2779 569 2834 ἐγένοντο
593 2782 644 2820 C1
785 2783 822 2823 οἳ
841 2782 879 2819 Α
894 2782 929 2819 Β
947 2783 985 2820 R
999 2783 1038 2820 V
1244 2795 1287 2820 11
1321 2786 1416 2830 νῆας
1439 2782 1478 2820 R
1492 2783 1522 2822 S
1536 2782 1573 2820 V
1709 2782 1802 2822 τοὺς
1822 2781 1862 2819 R
1879 2781 1909 2819 S
1923 2781 1960 2818 V

300 2848 345 2873 12
377 2837 509 2876 πάντα
531 2836 569 2873 R
585 2837 615 2875 S
629 2837 668 2875 V
848 2849 895 2885 14
929 2836 1195 2884 ἐβουλεύοντο
1216 2835 1256 2874 Α
1271 2836 1306 2875 Β
1322 2837 1355 2875 C
1370 2837 1403 2875 P
1567 2850 1622 2875 20
1649 2853 1695 2876 ’τε
1716 2849 1797 2880 om.
1824 2835 1863 2873 R
1879 2834 1960 2874 SV

297 2903 347 2937 24
380 2893 399 2929 ὁ
422 2891 577 2929 Suidas
601 2905 632 2929 S.
648 2905 687 2929 v.
709 2894 906 2944 ἤσπαιρεν
1031 2891 1215 2944 Κόρινθος
1237 2891 1272 2929 C
1394 2895 1476 2932 τῶν
1494 2895 1647 2932 λοιπῶν
1667 2903 1750 2930 om.
1775 2889 1809 2927 P
1824 2889 1863 2927 R
1878 2889 1959 2928 SV

297 2957 347 2992 ²25
380 2945 560 2984 ἀποπλώ-
584 2945 623 2982 R
639 2946 669 2984 S
682 2946 720 2983 V
