2132 3340
59 102 171 149 VII.
190 106 285 165 164

191 920 284 980 165

945 102 1375 152 ΗΡΟΔΟΤΟΎ

2009 207 2059 248 0

326 232 498 285 Γέλων
555 237 641 285 τὸν
694 232 897 300 Κάδμον
949 234 1028 286 καὶ
1084 234 1289 286 τοιούτω
1340 257 1368 287 τ
1401 235 1503 287 όπω
1557 235 1707 289 ἀπικό
1744 256 1856 288 ενον
1906 236 1986 287 διὰ
2009 279 2068 317 §2

325 317 658 389 δικαιοσύνῃνζ
691 317 783 383 τήν
823 321 875 370 οἱ·
909 317 1055 372 αὐτὸς
1097 318 1258 384 ἄλλην
1300 313 1504 384 συνήδεε
1544 322 1743 379 ἐοῦσαν,
1770 315 1982 385 ἔπεμπε·

325 399 378 454 ὃς
402 403 485 454 ἐπὶ
507 405 642 453 τοῖσι
663 401 871 454 ἄλλοισι
901 403 1140 456 δικαίοισι
1169 409 1301 456 τοῖσι
1331 402 1390 468 ἐξ
1415 406 1598 456 ἑωυτοῦ
1627 403 1986 470 ἐργασμένοισι

325 486 404 537 καὶ
450 486 563 538 τόδε
610 486 696 538 οὐκ
744 485 1019 555 ἐλάχιστον
1066 487 1254 539 τούτων
1303 488 1522 540 ἐλίπετο·
1593 486 1840 559 κρατήσας
1888 491 1984 556 γὰρ

320 569 555 637 μεγάλων
607 570 875 639 χρημάτων
932 577 1030 624 τῶν
1087 575 1134 624 οἱ
1193 571 1363 625 Γέλων
1421 571 1742 640 ἐπετράπετο,
1800 571 1985 639 πάρεὸν
2006 594 2030 635 5

323 653 668 723 κατασχέσθαι
707 655 794 707 οὐκ
834 655 1072 721 ἠθέλησε,
1112 655 1227 709 ἀλλ’
1261 657 1369 709 ἐπεὶ
1409 659 1455 709 οἱ
1478 655 1733 721 ’Έλληνες
1773 656 1980 724 ἐπεκρά-

320 760 482 804 τησαν
510 747 570 812 τῇ
600 741 846 812 ναυμαχίῃ
879 741 957 792 καὶ
996 739 1188 807 Ξέρξης
1219 741 1427 809 οἰχώκεε
1468 741 1778 801 ἀπελαύνων,
1813 742 1891 794 καὶ
1923 740 1982 807 δὴ

322 825 400 876 καὶ
446 825 631 878 ἐκεῖνος
675 825 876 877 ἀπίκετο
917 826 968 878 ἐς
1007 824 1097 889 τὴν
1139 826 1370 890 Σικελίην
1414 824 1607 878 ἅπαντα
1648 828 1711 877 τὰ
1752 824 1983 894 χρήματα

319 907 471 975 ἄγων.
545 907 749 976 λέγεται
779 911 832 960 δὲ
863 910 942 961 καὶ
973 908 1091 961 τάδε
1119 909 1215 962 ὑπὸ
1244 914 1342 962 τῶν
1372 911 1426 962 ἐν
1457 911 1656 982 Σικελίῃ
1688 909 1978 976 οἰκημένων,

321 993 385 1046 ὡς
414 993 546 1058 ὅμως
577 993 655 1045 καὶ
689 992 892 1059 μέλλων
922 992 1167 1062 ἄρχεσθαι
1201 996 1294 1046 ὑπὸ
1326 995 1726 1060 Λακεδαιμονίων
1755 995 1781 1045 6
1814 993 1982 1047 Γέλων
2009 1014 2058 1045 10

282 1066 287 1070 Δ
321 1075 576 1142 ἐβοήθησε
606 1076 667 1130 ἂν
690 1082 822 1129 τοῖσι
843 1075 1088 1142 “Ἐλλησι,
1117 1080 1158 1130 εἰ
1180 1077 1246 1143 μὴ
1277 1080 1370 1130 ὑπὸ
1397 1077 1637 1146 Θήρωνος
1661 1082 1749 1130 τοῦ
1771 1080 1978 1144 Αἰνησι-

187 1576 261 1613 a?

152 2145 158 2149 ἢ
179 2176 278 2225 166

319 1161 474 1227 δήμου
534 1161 936 1229 Ἀκραγαντίνων
991 1161 1275 1230 μουνάρχου
1333 1161 1621 1227 ἐξελασθεὶς
1677 1161 1736 1227 ἐξ
1788 1162 1981 1230 Ἱμέρης

320 1244 573 1312 Τήριλλος
613 1247 639 1296 6
686 1247 979 1314 Κρινίππου,
1025 1247 1263 1314 τύραννος
1307 1248 1401 1299 ἐὼν
1444 1246 1650 1314 Ἱμέρης,
1698 1249 1855 1314 ἐπῆγε
1896 1247 1979 1300 ὑπ’

320 1329 470 1382 αὐτὸν
500 1330 587 1382 τὸν
616 1331 800 1399 χρόνον
829 1319 1003 1383 τοῦτον
1035 1333 1283 1383 Φοινίκων
1315 1331 1392 1382 καὶ
1423 1331 1628 1397 Λιβύων
1658 1331 1737 1383 καὶ
1767 1329 1980 1398 Ἰβήρων

322 1415 400 1466 καὶ
447 1415 646 1482 Λιγύων
695 1415 772 1467 καὶ
824 1414 1109 1467 Ἐλισύκων
1163 1417 1241 1468 καὶ
1295 1417 1575 1483 Σαρδονίων
1626 1417 1703 1468 καὶ
1757 1416 1980 1482 Κυρνίων
2007 1433 2054 1476 15

319 1497 582 1565 τριήκοντα
631 1498 867 1566 μυριάδας
927 1500 1005 1551 καὶ
1054 1499 1337 1567 στρατηγὸν
1389 1499 1548 1552 αὐτῶν
1599 1498 1842 1565 Ἀμίλκαν
1891 1499 1980 1552 τὸν

311 1582 582 1642 ”Αννωνος,
631 1584 986 1652 Καρχηδονίων
1037 1585 1184 1635 ἐόντα
1240 1583 1480 1652 βαψέα,
1529 1586 1652 1635 κατὰ
1697 1583 1881 1649 ξεινίην
1924 1605 1980 1636 τε

318 1667 407 1731 τὴν
438 1670 619 1719 ἑωυτοῦ
663 1669 689 1718 6
731 1667 983 1734 Τήριλλος
1028 1668 1324 1735 ἀναγνώσας
1377 1667 1455 1719 καὶ
1498 1667 1722 1733 μάλιστα
1764 1670 1844 1720 διὰ
1887 1667 1977 1732 τὴν
2022 1733 2026 1736 Δ

318 1750 593 1815 Ἀναξίλεω
617 1757 703 1822 τοῦ
726 1754 978 1819 Κρητίνεω
1003 1754 1288 1822 προθυμίην,
1316 1751 1370 1806 ὃς
1392 1752 1590 1819 Ῥηγίου
1610 1753 1706 1803 ἐὼν
1723 1753 1974 1819 τύραννος,

318 1838 378 1886 τὰ
409 1839 591 1887 ἑωυτοῦ
619 1835 768 1887 τέκνα
798 1836 910 1890 δοὺς
941 1834 1151 1902 ὁμήρους
1175 1835 1389 1904 Ἀμίλκᾳ
1421 1838 1575 1904 ἐπῆγε
1605 1836 1687 1888 ἐπὶ
1715 1835 1804 1900 τὴν
1833 1840 1974 1888 Σικε-
2003 1854 2053 1883 20

317 1920 432 1984 λίην
473 1920 724 1987 τιμωρέων
763 1926 829 1990 τῷ
871 1924 1108 1989 πενθερῷ·
1159 1921 1414 1985 Τηρίλλου
1450 1922 1546 1987 γὰρ
1587 1920 1694 1988 εἶχε
1734 1913 1977 1988 θυγατέρα

318 2002 636 2069 Ἀναξίλεως,
669 2006 729 2077 τῇ
752 2005 939 2070 οὕνομα
968 2003 1028 2069 ἧν
1061 2006 1307 2069 Κυδίππη.
1356 2039 1363 2043 -
1398 2006 1523 2056 οὕτω
1560 2004 1618 2068 δὴ
1655 2004 1742 2056 οὐκ
1778 2005 1883 2056 οἶόν
1921 2025 1977 2056 τε

316 2089 586 2154 γενόμενον
615 2087 850 2153 βοηθέειν
884 2088 971 2140 τὸν
1008 2088 1213 2141 Γέλωνα
1248 2093 1382 2141 τοῖσι
1402 2087 1633 2153 *Έλλησι
1665 2087 1976 2153 ἀποπέμπειν

317 2173 368 2225 ἐς
410 2173 647 2239 Δελφοὺς
687 2175 748 2224 τὰ
788 2171 1033 2241 χρήματα.
1121 2172 1244 2240 πρὸς
1283 2175 1336 2225 δὲ
1377 2174 1455 2224 καὶ
1497 2171 1612 2224 τάδε
1651 2171 1875 2239 λέγουσι,
1909 2172 1975 2226 ὡς

316 2255 509 2320 συνέβη
554 2259 641 2320 τῆς
685 2256 833 2321 αὐτῆς
874 2255 1058 2323 ἡμέρης
1102 2256 1156 2309 ἕν
1198 2279 1252 2309 τε
1294 2264 1355 2329 τῇ
1399 2257 1601 2328 Σικελίῃ
1646 2256 1850 2308 Γέλωνα
1895 2256 1973 2308 καὶ
1999 2272 2045 2313 25

317 2339 535 2407 Θήρωνα
565 2345 704 2392 νικᾶν
735 2339 978 2404 Ἀμίλκαν
1013 2340 1100 2392 τὸν
1144 2341 1485 2408 Καρχηδόνιον
1523 2341 1602 2392 καὶ
1638 2342 1691 2391 ἐν
1728 2344 1974 2405 Σαλαμῖνι

315 2423 428 2478 τοὺς
448 2423 710 2490 οΈλληνας
739 2424 825 2476 τὸν
850 2429 1072 2491 Πέρσην.
1159 2424 1244 2476 τὸν
1270 2427 1329 2476 δὲ
1345 2423 1601 2490 Ἀμίλκαν,
1633 2425 1972 2492 Καρχηδόνιον
2042 2487 2049 2494 .

313 2509 460 2559 ἐόντα
490 2508 840 2576 πρὸςπατρός,
873 2510 1116 2576 μητρόθεν
1147 2511 1199 2560 δὲ
1237 2509 1558 2575 Συρηκόσιον,
1590 2507 1972 2572 βασιλεύσαντά
2003 2545 2008 2559 .

369 2660 395 2685 2
424 2649 542 2695 ἥδεεν
563 2646 602 2683 R
618 2646 648 2685 S
661 2646 699 2685 V
792 2648 982 2687 ἐνεοῦσαν
1005 2645 1149 2684 Naber
1231 2644 1459 2695 ἀνέπεμπεν
1481 2644 1519 2682 R
1536 2644 1565 2683 S
1578 2644 1616 2682 V
1726 2657 1751 2693 4
1783 2643 1970 2684 ἐλείπετο

316 2701 350 2739 Ρ
481 2702 508 2739 6
539 2700 710 2749 ἐθέλησε
732 2700 765 2739 Ρ
911 2701 936 2738 8
967 2702 1029 2740 καὶ
1051 2713 1132 2739 om.
1157 2699 1191 2738 C
1302 2699 1461 2740 ἅπαντα
1482 2699 1713 2738 Schaefer:
1744 2697 1972 2739 &nardum

314 2755 530 2794 ABCP:
559 2754 852 2796 miwraRSV
909 2778 915 2784 ·
1087 2767 1115 2804 9
1146 2753 1209 2806 ἐν]
1234 2753 1529 2801 ἐντῆιΑΒΟ
1753 2765 1797 2790 11
1830 2755 1965 2794 Αἶνεσ.

314 2810 354 2848 R
370 2810 449 2850 SV
618 2822 664 2847 12
696 2810 895 2861 ἐξελαθεὶς
917 2808 950 2847 L
1093 2821 1141 2858 13
1173 2807 1232 2849 ἐπ’
1253 2807 1292 2853 A
1308 2808 1343 2846 B
1357 2808 1390 2846 C
1406 2808 1440 2846 P
1578 2819 1626 2857 15
1656 2807 1879 2848 Ἐλυσίκων
1900 2806 1939 2844 R
1959 2821 1969 2844 :

314 2864 523 2904 Εσιλύκων
543 2863 581 2902 Α
597 2864 630 2902 Β
649 2864 682 2902 C
765 2864 988 2917 Σαρδονίων
1001 2863 1055 2912 (3)
1070 2863 1122 2901 C¹
1140 2876 1148 2901 :
1179 2862 1386 2916 Σαρδόνων
1408 2862 1459 2900 Cc
1479 2868 1520 2901 et
1537 2863 1625 2901 rell.
1724 2875 1770 2911 17
1793 2862 1968 2902 Ἀνωνος

316 2918 356 2956 R
378 2918 408 2957 S
429 2919 467 2957 V
647 2931 696 2968 19
741 2919 904 2971 Ἀξίλεω
941 2917 982 2956 Α
1006 2917 1040 2955 Β
1063 2918 1096 2955 C
1276 2929 1329 2966 25
1377 2920 1428 2974 τῇ
1466 2930 1546 2957 om.
1590 2917 1623 2957 C
1799 2917 1851 2955 26
1897 2917 1969 2957 τὸν

318 2972 591 3028 Καρχηδόνιον
606 3003 615 3016 ‚
636 3003 645 3015 ,
667 3002 676 3011 .
697 2974 894 3023 Ἀμίλκαν
913 2985 995 3011 om.
1017 2972 1051 3014 C
