2034 3328
680 129 1054 178 ΙΣΤΟΡΙΩΝ
1131 131 1171 178 Ε
1478 179 1485 185 ,
1796 131 1857 182 V.
1878 130 1945 179 82

92 260 403 327 Ἀθηναίοισι
452 260 717 314 ἐπετέλεον
764 264 825 314 τὰ
874 261 1156 315 συνέθεντο.
1241 267 1416 314 τοῦτον
1463 261 1504 313 δ’
1552 261 1627 314 ἔτι
1673 261 1760 313 τὸν
1797 264 1863 323 83

93 346 278 415 χρόνον
319 346 397 398 καὶ
438 345 534 412 πρὸ
578 351 664 398 τοῦ
705 348 968 413 Αἰγινῆται
1009 346 1342 414 Ἐπιδαυρίων
1382 345 1561 412 ἤκουον
1603 344 1665 398 τά
1705 367 1758 398 τε

93 430 228 482 ἄλλα
264 430 344 482 καὶ
375 431 512 484 δίκας
546 432 891 496 διαβαίνοντες
924 433 974 484 ἐς
1003 431 1302 498 Ἐπίδαυρον
1333 430 1566 484 ἐδίδοσάν
1596 452 1650 483 τε
1681 430 1760 482 καὶ

96 513 387 581 ἐλάμβανον
428 514 542 582 παρ’
578 514 819 580 ἀλλήλων
859 518 905 568 οἱ
948 518 1224 583 Αἰγινῆται.
1299 515 1355 567 τὸ
1391 518 1445 568 δὲ
1484 515 1583 568 ἀπὸ
1619 519 1760 567 τοῦδε
1787 558 1797 568 .

44 619 67 660 5
96 598 210 654 νέας
238 621 294 652 τε
323 594 598 666 πηξάμενοι
635 601 714 652 καὶ
753 600 1430 672 ἀγνωμοσύνῃ-χρησάμενοι
1465 599 1760 665 ἀπέστησαν
1772 578 2034 683 ᾩμῖοιιῖα

96 683 195 737 ἀπὸ
234 689 333 736 τῶν
369 683 715 751 Ἐπιδαυρίων.
791 684 879 738 ἅτε
920 688 974 737 δὲ
1015 686 1182 739 ἐόντες
1222 684 1453 752 διάφοροι
1494 682 1760 750 ἐδηλέοντο
1798 707 1823 738 2

96 768 285 828 αὐτούς,
324 770 457 821 ὥστε
501 768 560 833 δὴ
606 768 1078 837 θαλασσοκράτορες
1123 771 1304 829 ἐόντες,
1349 771 1428 822 καὶ
1472 770 1531 834 δὴ
1579 770 1657 821 καὶ
1700 771 1761 820 τὰ

95 851 360 920 ἀγάλματα
383 858 535 905 ταῦτα
558 857 645 918 τῆς
669 876 723 907 τε
746 855 940 920 Δαμίης
965 854 1044 906 καὶ
1067 858 1154 919 τῆς
1175 853 1424 920 Αὐξησίης
1444 854 1761 921 ὑπαιρέονται

96 938 272 999 αὐτῶν,
313 939 397 991 καί
427 945 565 1006 σφεα
601 938 841 1005 ἐκόμισάν
876 960 931 991 τε
969 939 1047 991 καὶ
1089 939 1353 1006 ἱδρύσαντο
1389 942 1476 1004 τῆς
1514 937 1762 1007 σφετέρης

22 1045 73 1075 10
96 1023 264 1093 χώρης
300 1025 352 1077 ἐς
387 1022 478 1088 τὴν
512 1024 809 1090 μεσόγαιαν,
842 1025 902 1095 τῇ
937 1021 1036 1089 Οὶη
1073 1022 1166 1090 μέν
1203 1026 1312 1076 ἐστι
1347 1014 1547 1089 οὔνομά,
1582 1022 1762 1074 στάδια

97 1110 150 1160 δὲ
180 1106 405 1174 μάλιστά
440 1130 498 1180 κῃ
536 1107 635 1160 ἀπὸ
663 1111 751 1173 τῆς
786 1109 963 1162 πόλιος
995 1109 1060 1163 ὡς
1091 1110 1252 1161 εἴκοσι
1289 1106 1483 1177 ἀπέχει.
1562 1106 1759 1175 ἱδρυσά-
1801 1125 1826 1168 3

96 1213 239 1258 μενοι
276 1194 330 1244 δὲ
367 1194 422 1245 ἐν
455 1191 612 1263 τούτῳ
647 1197 714 1262 τῷ
751 1193 896 1263 χώρῳ
935 1193 1145 1265 θυσίῃσί
1176 1191 1230 1245 τέ
1267 1200 1404 1261 σφεα
1445 1194 1522 1244 καὶ
1563 1196 1764 1260 χοροῖσι

0 1289 42 1355 ’ᾖ
97 1278 430 1347 γυναικηίοισι
455 1277 738 1346 κερτᾴμοισι
770 1276 1055 1337 ἱλάσκοντο,
1081 1283 1315 1345 χορηγῶν
1338 1275 1763 1342 ἀποδεικνυμένων

99 1358 305 1434 ἑκατέρῃ
340 1367 439 1414 τῶν
476 1362 723 1427 δαιμόνων
759 1359 878 1413 δέκα
913 1362 1122 1428 ἀνδρῶν·
1170 1367 1328 1416 κακῶς
1359 1365 1412 1415 δὲ
1447 1361 1686 1429 ἠγόρευον
1717 1363 1762 1412 οἱ

25 1473 73 1516 15
98 1447 243 1516 χοροὶ
272 1445 428 1513 ἄνδρα
456 1448 548 1511 μὲν
579 1444 772 1505 οὐδένα,
805 1448 892 1499 τὰς
923 1449 976 1498 δὲ
1008 1447 1276 1514 ἐπιχωρίας
1307 1451 1557 1514 γυναῖκας.
1632 1444 1764 1510 ἦσαν

100 1534 154 1584 δὲ
194 1532 275 1584 καὶ
314 1535 448 1583 τοῖσι
489 1530 856 1598 Ἐπιδαυρίοισι
893 1533 942 1582 αἱ
979 1531 1122 1582 αὐταὶ
1161 1533 1388 1598 ἱροργίαι·
1437 1530 1536 1583 εἶσὶ
1574 1527 1628 1582 δέ
1667 1535 1765 1596 σφι

102 1617 182 1668 καὶ
204 1614 405 1683 ἄρρητοι
437 1615 664 1683 ἱροργίαι.
741 1613 1063 1682 κλεφθέντων
1083 1618 1136 1667 δὲ
1159 1619 1315 1668 τῶνδε
1339 1621 1437 1667 τῶν
1460 1613 1764 1682 ἀγαλμάτων
1805 1612 1871 1670 84

101 1702 148 1752 οἱ
171 1699 482 1767 Ἐπιδαύριοι
504 1705 638 1752 τοῖσι
656 1699 968 1764 Ἀθηναίοισι
991 1701 1052 1751 τὰ
1077 1691 1344 1752 συνέθεντο
1369 1700 1454 1751 οὐκ
1480 1696 1761 1752 ἐπετέλεον.

100 1783 392 1853 πέμψαντες
428 1787 482 1837 δὲ
519 1787 566 1837 οἱ
596 1783 852 1849 Ἀθηναῖοι
888 1783 1091 1850 ἐμήνιον
1126 1790 1260 1836 τοῖσι
1291 1783 1672 1850 Ἐπιδαυρίοισι·
1719 1784 1766 1833 οἱ

27 1895 78 1925 20
101 1871 155 1923 δὲ
185 1868 466 1938 ἀπέφαινον
500 1870 638 1939 λόγῳ
670 1869 734 1923 ὡς
771 1870 859 1921 οὐκ
893 1871 1127 1922 ἀδικοῖεν·
1173 1870 1294 1922 ὅσον
1329 1872 1421 1934 μὲν
1452 1871 1548 1935 γὰρ
1582 1867 1765 1935 χρόνον

101 1954 241 2022 εἶχον
279 1955 342 2005 τὰ
377 1952 644 2021 ἀγάλματα
680 1954 734 2005 ἐν
773 1954 832 2025 τῇ
874 1955 1028 2026 χώρῃ,
1068 1952 1343 2006 ἐπιτελέειν
1382 1955 1444 2004 τὰ
1479 1950 1762 2009 συνέθεντο,

102 2038 211 2092 ἐπεὶ
247 2040 300 2090 δὲ
337 2040 641 2105 ἐστερῆσθαι
678 2039 853 2097 αὐτῶν,
892 2038 950 2090 οὐ
985 2039 1163 2090 δίκαιοι
1201 2039 1327 2090 εἶναι
1362 2036 1638 2105 ἀποφέρειν
1673 2035 1762 2094 ἔτι,

101 2124 236 2175 ἀλλὰ
275 2123 388 2176 τοὺς
428 2123 638 2191 ἔχοντας
677 2122 800 2174 αὐτὰ
841 2121 1110 2189 Αἰγινήτας
1155 2120 1477 2189 πρήσσεσθαι
1516 2120 1764 2173 ἐκέλευον.

103 2212 225 2275 πρὸς
255 2212 407 2260 ταῦτα
438 2210 484 2259 οἱ
515 2207 773 2272 Ἀθηναῖοι
804 2209 854 2261 ἐς
885 2209 1097 2274 Αἴγιναν
1127 2204 1419 2274 πέμψαντες
1448 2206 1682 2259 ἀπαίτεον
1707 2206 1768 2255 τᾶ
1806 2216 1831 2247 2

30 2317 78 2358 ²5
103 2291 387 2360 ἀγάλματα·
433 2294 480 2344 οἱ
511 2295 565 2344 δὲ
591 2293 848 2359 Αἰγινῆται
873 2291 1074 2360 ἔφασαν
1098 2293 1253 2359 σφίσι
1274 2314 1329 2344 τε
1353 2291 1433 2343 καὶ
1456 2290 1769 2355 Ἀθηναίοισι

105 2377 231 2429 εἶναι
265 2378 409 2429 οὐδὲν
438 2380 655 2443 πρῆγμα.
731 2375 987 2441 Ἀθηναῖοι
1022 2373 1115 2442 μέν
1151 2397 1238 2429 νυν
1273 2373 1484 2443 λέγουσι
1519 2375 1644 2440 μετὰ
1678 2372 1769 2436 τὴν
1806 2376 1872 2436 85

104 2462 373 2526 ἀπαίτησιν
405 2462 758 2526 ἀποσταλῆναι
788 2459 976 2528 τριήρεϊ
1005 2462 1091 2533 μιῇ
1124 2465 1222 2513 τῶν
1254 2462 1423 2513 ἀστῶν
1451 2454 1693 2528 [τούτους]
1724 2456 1770 2507 οἳ

158 2615 184 2642 2
215 2603 278 2644 καὶ
299 2602 373 2643 τὸν
392 2602 467 2653 πρὸ
488 2599 635 2641 τούτου
659 2599 692 2639 Ρ
706 2600 735 2639 S
750 2599 788 2638 V
802 2600 840 2639 U
1019 2614 1044 2650 4
1075 2600 1173 2641 τότε
1195 2599 1238 2641 δὲ
1259 2599 1298 2638 Α
1313 2600 1348 2639 Β
1365 2599 1398 2638 C
1561 2610 1586 2647 5
1619 2614 1714 2646 νηας
1738 2597 1771 2635 L

103 2660 131 2697 6
159 2658 209 2707 δὴ
230 2657 268 2696 Α
284 2657 319 2695 Β
335 2656 368 2695 C
385 2655 435 2695 Ρο
547 2655 661 2696 ὄντες
684 2655 714 2694 S
728 2655 767 2693 V
782 2654 820 2693 U
963 2668 984 2705 7
1018 2668 1081 2706 pr.
1107 2657 1156 2705 δὴ
1176 2669 1257 2695 om.
1282 2654 1322 2693 A
1338 2654 1371 2693 B
1386 2654 1420 2692 C
1559 2654 1585 2691 8
1615 2651 1769 2702 Δαμίης

104 2730 151 2753 τε
171 2712 212 2751 Α
225 2711 260 2751 Β
275 2710 308 2750 C
430 2712 505 2759 τῆς
526 2723 605 2749 om·
632 2708 672 2748 A
688 2710 722 2748 Β
739 2710 772 2749 C
788 2709 818 2748 S
1040 2724 1067 2760 9
1097 2711 1249 2752 αὐτέων
1270 2710 1300 2749 S
1313 2711 1349 2749 V
1366 2710 1404 2748 U
1528 2707 1769 2758 ἐκομίσαντο

105 2768 170 2808 καὶ
191 2766 230 2805 Α
245 2767 279 2806 Β
295 2766 329 2805 C
526 2778 575 2804 12
605 2765 722 2813 θυσίη
745 2764 827 2803 SV
1048 2778 1094 2813 13
1127 2765 1374 2818 κερτομίοισι
1395 2763 1434 2802 Α
1450 2763 1508 2803 Β;
1540 2763 1714 2813 -μίηισιν
1735 2761 1769 2799 C

86 2841 88 2843 ·
110 2834 157 2871 14
189 2820 403 2876 ἑκατέρησι
420 2820 450 2861 S
463 2820 502 2859 V
517 2819 555 2859 U
694 2821 745 2858 16
775 2817 890 2860 αὗται
906 2821 946 2860 αἱ
962 2819 995 2858 Ρ
1009 2819 1038 2858 S
1053 2821 1090 2858 V
1106 2820 1144 2859 U
1255 2819 1447 2874 ἱρουργίαι
1466 2818 1499 2857 Ρ
1517 2831 1526 2857 :
1557 2816 1770 2869 ἱερουργίαι

107 2876 338 2928 SVU<2);
368 2877 412 2916 it.
437 2888 486 2925 17
636 2873 840 2923 σφισιΑ;
872 2887 952 2913 om.
979 2874 1114 2914 SVU
1259 2887 1305 2923 17
1335 2878 1460 2915 τῶνδε
1481 2871 1769 2913 om.PSVU

110 2933 159 2970 18
188 2934 260 2972 οὐκ
280 2930 493 2972 ἐπιτέλεον
514 2929 595 2970 SV
610 2929 648 2968 U
667 2942 676 2968 Ξ
708 2928 841 2970 οὐκέτι
864 2927 1083 2971 ἐπετέλεον
1106 2929 1225 2969 Palm
1408 2941 1458 2979 19
1489 2929 1658 2979 ἐμήνυον
1676 2926 1715 2964 V
1730 2925 1769 2965 U

107 2999 162 3025 20
190 2985 319 3038 λόγον
341 2986 371 3026 S
389 2984 466 3039 [V]
657 2997 710 3022 22
741 2984 885 3025 δίκαιοι
908 2984 1106 3024 Bekker:
1136 2985 1290 3026 δίκαιον
1310 2984 1344 3023 L
1548 2996 1601 3032 24
1631 2983 1669 3023 οἱ
1687 2993 1770 3021 om.

108 3041 191 3080 PV
206 3041 245 3080 U
413 3053 474 3090 27*
496 3043 558 3089 νιῆ
582 3039 616 3078 Β
634 3052 644 3078 2
675 3055 738 3088 νηι
759 3038 841 3078 SV
856 3039 895 3078 U
1007 3039 1185 3082 τουτέων
1206 3039 1287 3080 SV
1303 3040 1339 3079 U
1361 3054 1370 3079 z
1399 3038 1483 3079 del.
1508 3038 1706 3087 Krueger
