2132 3340
29 69 151 124 VII..
166 85 260 132 219

0 199 230 242 mm.

159 897 260 931 220

233 1566 258 1609 ἐν.»

916 69 1346 118 ΗΡΟΔΟΤΟΥ

302 201 382 264 ἐπὶ
413 203 465 253 δὲ
498 202 576 252 καὶ
608 198 874 266 αὐτόμολοι
910 199 1042 266 ἦσαν
1079 203 1126 253 οἱ
1163 199 1547 268 ἐξαγγείλαντες
1581 206 1678 254 τῶν
1717 201 1957 267 Περσέων

300 285 390 350 τὴν
419 286 664 352 περίοδον.
754 285 890 347 οὗτοι
918 287 1009 350 μὲν
1041 285 1114 337 ἔτι
1143 284 1315 339 νυκτὸς
1344 285 1617 351 ἐσήμηναν,
1651 287 1806 354 τρίτοι
1835 289 1888 340 δὲ
1910 289 1958 340 οἱ

299 370 637 437 ἡμεροσκόποι
661 370 1053 438 καταδραμόντες
1072 368 1170 421 ἀπὸ
1190 374 1287 422 τῶν
1307 369 1469 436 ἄκρων
1485 370 1576 435 ἤδη
1597 371 1958 445 διαφαινούσης

299 453 497 521 ἡμέρης.
586 456 796 506 ἐνθαῦτα
854 453 1183 521 ἐβουλεύοντο
1241 457 1287 506 οἱ
1327 452 1597 519 οΈλληνες,
1652 455 1735 506 καί
1783 461 1958 523 σφεων

301 538 563 607 ἐσχίζοντο
586 541 636 591 αἱ
659 543 868 606 γνῶμαι·
913 541 959 591 οἱ
982 541 1074 605 μὲν
1096 540 1190 606 γὰρ
1214 538 1301 591 οὐκ
1323 537 1419 591 ἔων
1440 538 1531 604 τὴν
1554 538 1694 605 τάξιν
1717 541 1953 600 ἐκλιπεῖν,
1982 557 2004 598 5

300 625 346 675 οἱ
377 625 428 674 δὲ
460 617 757 676 ἀντέτεινον.
831 625 954 689 μετὰ
984 626 1037 676 δὲ
1065 628 1208 675 τοῦτο
1237 622 1568 690 διακριθέντες
1597 625 1643 676 οἱ
1673 626 1763 689 μὲν
1794 624 1954 677 ἀπαλ-

298 705 558 760 λάσσοντο
580 708 659 759 καὶ
678 707 1121 762 διασκεδασθέντες
1141 710 1263 760 κατὰ
1280 709 1428 762 πόλις
1446 707 1648 761 ἕκαστοι
1668 706 1954 775 ἐτράποντο,

300 794 346 844 οἱ
391 794 443 844 δὲ
490 791 651 844 αὐτῶν
698 791 799 858 ἅμα
852 794 1074 865 Λεωνίδῃ
1120 791 1286 858 μένειν
1338 792 1488 845 αὐτοῦ
1534 791 1954 859 παρεσκευάδατο.

298 875 503 944 λέγεται
539 873 751 944 δὲ’<καὶ>
790 876 854 931 ὡς
896 876 1041 931 αὐτός
1081 884 1244 944 σφεας
1283 876 1550 944 ἀπέπεμψε
1591 878 1856 942 Λεωνίδης,
1887 876 1955 942 μὴ

299 961 586 1013 ἀπόλωνται
644 961 923 1027 κηδόμενος·
992 960 1119 1031 αὐτῷ
1174 964 1227 1014 δὲ
1286 962 1365 1013 καὶ
1423 960 1786 1029 Σπαρτιητέων.
1820 966 1957 1013 τοῖσι
1984 979 2034 1009 ιο

300 1050 540 1112 παρεοῦσι
579 1044 665 1097 οὐκ
705 1045 841 1114 ἔχειν
881 1044 1160 1113 εὐπρεπέως
1202 1047 1424 1098 ἐκλιπεῖν
1464 1046 1553 1112 τὴν
1593 1043 1734 1110 τάξιν
1774 1047 1826 1100 ἐς
1864 1043 1957 1110 τὴν

299 1129 454 1193 ἦλθον
485 1128 796 1197 φυλάξοντες
830 1128 1005 1198 ἀρχήν.
1092 1130 1243 1202 ταύτῃ
1285 1132 1364 1183 καὶ
1399 1134 1596 1195 μᾶλλον
1630 1130 1721 1195 τὴν
1753 1129 1956 1198 γνώμην

300 1215 539 1268 πλεῖστός
582 1216 695 1279 εἶμι,
743 1215 1009 1279 Λεωνίδην,
1056 1216 1221 1268 ἐπείτε
1269 1214 1454 1287 ᾔσθετο
1502 1214 1617 1269 τοὺς
1665 1213 1955 1283 συμμάχους

298 1298 470 1352 ἐόντας
518 1298 827 1365 ἀπροθύμους
881 1299 958 1350 καὶ
1006 1298 1092 1351 οὐκ
1145 1297 1410 1353 ἐθέλοντας
1461 1299 1950 1358 συνδιακινδυνεύειν,

301 1383 540 1434 κελεῦσαί
566 1389 731 1450 σφεας
761 1381 1205 1443 ἀπαλλάσσεσθαι,
1239 1383 1366 1454 αὐτῷ
1393 1386 1446 1436 δὲ
1478 1382 1674 1435 ἀπιέναι
1704 1383 1760 1434 οὐ
1792 1387 1952 1436 καλῶς
1982 1402 2028 1443 15

299 1465 451 1535 ἔχειν·
496 1466 775 1531 μένοντῐδὲ
807 1466 953 1518 αὐτοῦ
985 1466 1128 1522 κλέος
1149 1466 1279 1535 μέγα
1301 1468 1544 1528 ἐλείπετο,
1572 1467 1700 1532 καὶὴ
1725 1465 1953 1533 Σπάρτης

299 1550 697 1626 εὐδαιμονίηοῦκ
729 1549 1040 1619 ἐξηλείφετο.
1112 1551 1386 1621 ἐκέχρηστο
1410 1554 1504 1618 γὰρ
1527 1552 1621 1604 ὑπὸ
1644 1555 1732 1617 τῆς
1765 1551 1952 1615 Πυθίης

296 1640 430 1686 τοῖσι
475 1633 816 1708 Σπαρτιήτῃσι
859 1634 1192 1704 χρεωμένοισι
1235 1636 1345 1703 περὶ
1390 1641 1477 1688 τοῦ
1517 1634 1738 1701 πολέμου
1776 1635 1951 1687 τούτου

295 1718 468 1770 αὐτίκα
512 1719 616 1771 κατ’
657 1721 813 1788 ἀρχὰς
855 1719 1184 1787 ἐγειρομένου,
1216 1716 1246 1785 ἢ
1284 1720 1628 1786 Λακεδαίμονα
1671 1717 1950 1771 ἀνάστατον

295 1803 531 1868 γενέσθαι
601 1803 696 1856 ὑπὸ
757 1809 855 1856 τῶν
919 1803 1198 1871 βαρβάρων
1255 1800 1284 1869 ἢ
1343 1803 1428 1856 τὸν
1485 1803 1709 1869 βασιλέα
1773 1802 1950 1870 σφέων
1978 1819 2029 1847 ²0

295 1887 590 1939 ἀπολέσθαι.
679 1893 831 1940 ταῦτα
894 1887 948 1940 δέ
1009 1894 1105 1955 σφι
1164 1890 1217 1940 ἐν
1275 1889 1421 1942 ἔπεσι
1478 1886 1795 1955 ἑξαμέτροισι
1853 1894 1951 1957 χρᾷ

294 1970 477 2040 ἔχοντα
519 1974 630 2024 ὧδε·

376 2077 491 2141 ὑμῖν
520 2075 578 2136 δ’,
611 2074 648 2127 ὦ
680 2076 909 2144 Σπάρτης
940 2075 1187 2144 οἰκήτορες
1218 2077 1519 2146 εὐρυχόροιο,

374 2155 405 2223 ἢ
435 2159 564 2227 μέγα
593 2160 721 2213 ἄστυ
751 2163 965 2229 ἐρικυδὲς
994 2162 1075 2214 ὑπ’
1107 2161 1316 2228 ἀνδράσι
1348 2161 1658 2234 Περσεΐδῃσι

375 2243 623 2310 πέρθεται,
656 2241 685 2309 ἢ
716 2244 772 2296 τὸ
801 2248 893 2311 μὲν
923 2246 1051 2313 οὐχί,
1085 2246 1172 2312 ἀφ’
1202 2245 1510 2312 “Ηρακλέους
1539 2249 1594 2298 δὲ
1623 2243 1867 2313 γενέθλης
1975 2261 2023 2301 25

375 2327 614 2393 πενθήσει
643 2332 840 2394 βασιλῆ
872 2330 1114 2397 φθίμενον
1146 2331 1513 2395 Λακεδαίμονος
1543 2330 1807 2401 οιῖροςῐῦῖι
1826 2329 1958 2371 ‘0⁰⁸⁴‘
1980 2357 1992 2367 ·

346 2477 364 2502 1
413 2467 475 2507 ἐπὶ
514 2466 782 2506 Valckenaer
800 2481 809 2507 :
854 2469 940 2508 ἐπεὶ
981 2467 1015 2506 L
1144 2467 1364 2517 αὐτόμαλοι
1406 2468 1444 2506 R
1575 2467 1696 2517 ἧισαν
1727 2468 1761 2508 C
1780 2482 1789 2508 :
1828 2470 1948 2517 ἤισαν

292 2519 328 2558 R
346 2520 376 2558 S
390 2521 427 2558 V
562 2523 598 2561 οἱ
619 2522 950 2574 ἐξαγγείλαντες]
977 2521 1300 2574 ἐξαγγέλλοντες
1323 2522 1490 2562 Dobree
1680 2536 1706 2572 3
1735 2526 1946 2572 διαφανοῦς

289 2576 411 2623 οὔσης
434 2575 472 2613 R
489 2575 572 2614 SV
740 2587 765 2626 5
797 2577 998 2617 ἐκλείπειν
1022 2577 1060 2615 R
1075 2577 1105 2615 S
1122 2577 1159 2615 V
1181 2577 1242 2628 (it.
1269 2577 1334 2627 11)
1512 2592 1538 2628 9
1568 2579 1633 2618 καὶ
1655 2578 1750 2617 add.
1776 2577 1947 2616 Bekker

292 2640 340 2666 10
370 2629 414 2670 δὲ
434 2643 515 2668 om.
538 2630 571 2668 C
696 2643 743 2669 12
773 2632 850 2679 τὴν
867 2632 1033 2682 γνώμην
1052 2631 1347 2671 Valckenaer:
1377 2635 1428 2685 τῇ
1447 2634 1586 2685 γνώμῃ
1610 2632 1643 2670 L
1766 2645 1814 2682 13
1845 2631 1942 2684 εἶμι]

289 2685 367 2732 εἶμι
389 2683 515 2734 ὄχλος
538 2684 577 2722 R
593 2685 622 2723 S
637 2685 671 2722 V
691 2699 699 2724 :
734 2685 968 2737 [πλεῖστος]
992 2687 1070 2737 εἶμὶ
1090 2686 1244 2727 πολλός
1266 2687 1474 2736 Comperz
1589 2699 1636 2734 14
1667 2686 1894 2739 ἀπροθύμως
1909 2687 1943 2725 C

289 2738 595 2780 διακινδυνεύειν
613 2739 650 2778 R
666 2740 696 2779 S
709 2741 748 2779 V
863 2753 909 2788 17
943 2740 1170 2794 ἐκέχρηστο
1186 2740 1324 2779 Aldus
1341 2755 1350 2779 :
1382 2740 1581 2793 ἐκέχρητο
1599 2741 1632 2779 L
1746 2754 1794 2790 19
1817 2743 1941 2793 ὰγειρ.

289 2789 330 2828 R
513 2806 566 2832 20
597 2794 759 2836 ἔσεσθαι
783 2795 868 2841 RS
882 2795 920 2833 V
1058 2800 1172 2848 σφῶν
1193 2795 1233 2834 R
1247 2796 1285 2834 V
1468 2808 1515 2833 21
1549 2794 1788 2836 ἀπολέεσθαι
1808 2794 1849 2833 Α
1862 2795 1896 2833 Β
1909 2795 1943 2833 C

286 2850 369 2899 χρᾷ
403 2845 556 2900 ἔχοντα
589 2849 1003 2899 Schweighaeuser:
1046 2854 1129 2904 χρᾷ
1157 2849 1337 2903 λέγοντα
1369 2850 1425 2889 S:
1470 2849 1620 2902 ἔχοντα
1648 2853 1732 2903 χρᾷ
1763 2849 1945 2902 λέγοντα

287 2900 378 2940 rell,
545 2916 599 2942 22
628 2903 725 2945 τάδε
748 2905 778 2943 S
935 2916 986 2955 25
1016 2904 1208 2959 πέρσεται
1230 2905 1410 2944 Oenom.
1433 2917 1500 2954 ap.
1525 2903 1680 2944 Euseb.
1703 2916 1851 2955 praep.
1876 2916 1939 2944 ev.

285 2965 325 2995 v.
345 2967 398 3006 25
508 2957 725 3011 Ἡρακλέος
748 2958 782 2998 Ρ
795 2958 835 2999 R
850 2958 881 2998 S
895 2958 934 2998 V
1096 2959 1150 2998 26
1178 2962 1348 3008 βασιλεῖ
1365 2959 1399 2998 C
1419 2972 1429 2999 :
1458 2961 1544 3008 -λῆι
1566 2957 1648 2998 SV
