<?xml version="1.0" encoding="UTF-8"?>
<!DOCTYPE html PUBLIC "-//W3C//DTD XHTML 1.0 Transitional//EN"
    "http://www.w3.org/TR/xhtml1/DTD/xhtml1-transitional.dtd">
<html xmlns="http://www.w3.org/1999/xhtml" xml:lang="en" lang="en">
 <head>
  <title>
</title>
<meta http-equiv="Content-Type" content="text/html;charset=utf-8" />
  <meta name='ocr-system' content='tesseract 3.04.00' />
  <meta name='ocr-capabilities' content='ocr_page ocr_carea ocr_par ocr_line ocrx_word'/>
</head>
<body>
  <div class='ocr_page' id='page_1' title='image "./herodotihistoria02herouoft_0345.png"; bbox 0 0 2132 3340; ppageno 0'>
   <div class='ocr_carea' id='block_1_1' title="bbox 743 95 2022 187">
    <p class='ocr_par' dir='ltr' id='par_1_1' title="bbox 743 95 2022 187">
     <span class='ocr_line' id='line_1_1' title="bbox 743 95 2022 187; baseline 0.003 -19"><span class='ocrx_word' id='word_1_1' title='bbox 743 95 1119 187; x_wconf 70' lang='grc' dir='ltr'>ιΣΤοΡιΩΝ</span> <span class='ocrx_word' id='word_1_2' title='bbox 1185 121 1202 167; x_wconf 92' lang='lat'><em>1</em></span> <span class='ocrx_word' id='word_1_3' title='bbox 1476 96 1478 98; x_wconf 66' lang='grc'>’</span> <span class='ocrx_word' id='word_1_4' title='bbox 1846 123 1932 172; x_wconf 83' lang='grc' dir='ltr'>ΙΧ.</span> <span class='ocrx_word' id='word_1_5' title='bbox 1962 137 2022 184; x_wconf 87' lang='lat'>19</span> 
     </span>
    </p>
   </div>
   <div class='ocr_carea' id='block_1_2' title="bbox 58 250 2129 2516">
    <p class='ocr_par' dir='ltr' id='par_1_2' title="bbox 58 250 2129 2516">
     <span class='ocr_line' id='line_1_2' title="bbox 134 250 1798 318; baseline 0 -15"><span class='ocrx_word' id='word_1_6' title='bbox 134 251 312 318; x_wconf 88' lang='grc' dir='ltr'>λιέρεε,</span> <span class='ocrx_word' id='word_1_7' title='bbox 346 255 415 303; x_wconf 81' lang='grc' dir='ltr'>’τό</span> <span class='ocrx_word' id='word_1_8' title='bbox 460 252 631 318; x_wconf 90' lang='grc' dir='ltr'>πρόσω</span> <span class='ocrx_word' id='word_1_9' title='bbox 681 251 992 318; x_wconf 87' lang='grc' dir='ltr'>ἐπορεύοντο,</span> <span class='ocrx_word' id='word_1_10' title='bbox 1041 250 1296 316; x_wconf 85' lang='grc' dir='ltr'>Ἀθηναῖοι</span> <span class='ocrx_word' id='word_1_11' title='bbox 1343 254 1396 304; x_wconf 85' lang='grc' dir='ltr'>δὲ</span> <span class='ocrx_word' id='word_1_12' title='bbox 1443 250 1557 317; x_wconf 55' lang='grc' dir='ltr'>ὁὶμαθ</span> <span class='ocrx_word' id='word_1_13' title='bbox 1589 252 1798 310; x_wconf 83' lang='grc' dir='ltr'>αὐτοῖσι,</span> 
     </span>
     <span class='ocr_line' id='line_1_3' title="bbox 134 335 1800 403; baseline 0 -16"><span class='ocrx_word' id='word_1_14' title='bbox 134 335 400 401; x_wconf 80' lang='grc' dir='ltr'>διαβάντες</span> <span class='ocrx_word' id='word_1_15' title='bbox 429 337 521 400; x_wconf 85' lang='grc' dir='ltr'>μὲν</span> <span class='ocrx_word' id='word_1_16' title='bbox 551 337 603 386; x_wconf 90' lang='grc' dir='ltr'>ἐκ</span> <span class='ocrx_word' id='word_1_17' title='bbox 646 339 944 401; x_wconf 87' lang='grc' dir='ltr'>Σαλαμῖνος,</span> <span class='ocrx_word' id='word_1_18' title='bbox 979 335 1308 403; x_wconf 80' lang='grc' dir='ltr'>συμμιγέντες</span> <span class='ocrx_word' id='word_1_19' title='bbox 1343 338 1396 388; x_wconf 80' lang='grc' dir='ltr'>δὲ</span> <span class='ocrx_word' id='word_1_20' title='bbox 1438 337 1492 388; x_wconf 88' lang='grc' dir='ltr'>ἐν</span> <span class='ocrx_word' id='word_1_21' title='bbox 1527 335 1800 388; x_wconf 86' lang='grc' dir='ltr'>Ἐλευσῖνι.</span> 
     </span>
     <span class='ocr_line' id='line_1_4' title="bbox 136 418 1867 487; baseline 0.001 -15"><span class='ocrx_word' id='word_1_22' title='bbox 136 420 200 474; x_wconf 83' lang='grc' dir='ltr'>ὡς</span> <span class='ocrx_word' id='word_1_23' title='bbox 241 421 294 472; x_wconf 78' lang='grc' dir='ltr'>δὲ</span> <span class='ocrx_word' id='word_1_24' title='bbox 333 418 428 487; x_wconf 87' lang='grc' dir='ltr'>ἄρα</span> <span class='ocrx_word' id='word_1_25' title='bbox 467 420 703 471; x_wconf 83' lang='grc' dir='ltr'>ἀπίκοντο</span> <span class='ocrx_word' id='word_1_26' title='bbox 743 423 830 485; x_wconf 88' lang='grc' dir='ltr'>τῆς</span> <span class='ocrx_word' id='word_1_27' title='bbox 874 421 1111 485; x_wconf 84' lang='grc' dir='ltr'>Βοιωτίης</span> <span class='ocrx_word' id='word_1_28' title='bbox 1147 422 1198 473; x_wconf 91' lang='grc' dir='ltr'>ἐς</span> <span class='ocrx_word' id='word_1_29' title='bbox 1228 418 1487 487; x_wconf 89' lang='grc' dir='ltr'>Ἐρυθράς,</span> <span class='ocrx_word' id='word_1_30' title='bbox 1522 420 1708 485; x_wconf 86' lang='grc' dir='ltr'>ἔμαθόν</span> <span class='ocrx_word' id='word_1_31' title='bbox 1747 442 1803 473; x_wconf 86' lang='grc' dir='ltr'>τε</span> <span class='ocrx_word' id='word_1_32' title='bbox 1841 445 1867 487; x_wconf 85' lang='lat'>3</span> 
     </span>
     <span class='ocr_line' id='line_1_5' title="bbox 134 502 1800 575; baseline 0.001 -19"><span class='ocrx_word' id='word_1_33' title='bbox 134 503 191 568; x_wconf 79' lang='grc' dir='ltr'>δὴ</span> <span class='ocrx_word' id='word_1_34' title='bbox 240 503 353 558; x_wconf 82' lang='grc' dir='ltr'>τοὺς</span> <span class='ocrx_word' id='word_1_35' title='bbox 400 502 691 571; x_wconf 85' lang='grc' dir='ltr'>βαρβάρους</span> <span class='ocrx_word' id='word_1_36' title='bbox 739 504 820 556; x_wconf 89' lang='grc' dir='ltr'>ἐπὶ</span> <span class='ocrx_word' id='word_1_37' title='bbox 867 509 934 573; x_wconf 79' lang='grc' dir='ltr'>τῷ</span> <span class='ocrx_word' id='word_1_38' title='bbox 983 503 1199 575; x_wconf 74' lang='grc' dir='ltr'>Ἀσωπῷ</span> <span class='ocrx_word' id='word_1_39' title='bbox 1242 502 1800 572; x_wconf 84' lang='grc' dir='ltr'>στρατοπεδευομένους,</span> 
     </span>
     <span class='ocr_line' id='line_1_6' title="bbox 86 587 1803 656; baseline 0.001 -17"><span class='ocrx_word' id='word_1_40' title='bbox 86 612 107 651; x_wconf 90' lang='lat'>5</span> <span class='ocrx_word' id='word_1_41' title='bbox 135 587 447 656; x_wconf 89' lang='grc' dir='ltr'>φρασθέντες</span> <span class='ocrx_word' id='word_1_42' title='bbox 491 590 545 640; x_wconf 82' lang='grc' dir='ltr'>δὲ</span> <span class='ocrx_word' id='word_1_43' title='bbox 587 593 732 640; x_wconf 85' lang='grc' dir='ltr'>τοῦτο</span> <span class='ocrx_word' id='word_1_44' title='bbox 778 587 1150 641; x_wconf 86' lang='grc' dir='ltr'>ἀντετάσσοντο</span> <span class='ocrx_word' id='word_1_45' title='bbox 1197 589 1279 641; x_wconf 89' lang='grc' dir='ltr'>ἐπὶ</span> <span class='ocrx_word' id='word_1_46' title='bbox 1318 592 1406 653; x_wconf 86' lang='grc' dir='ltr'>τῆς</span> <span class='ocrx_word' id='word_1_47' title='bbox 1449 587 1673 655; x_wconf 84' lang='grc' dir='ltr'>ὑπωρέης</span> <span class='ocrx_word' id='word_1_48' title='bbox 1716 594 1803 640; x_wconf 84' lang='grc' dir='ltr'>τοῦ</span> 
     </span>
     <span class='ocr_line' id='line_1_7' title="bbox 135 671 1907 741; baseline 0.001 -17"><span class='ocrx_word' id='word_1_49' title='bbox 135 675 456 740; x_wconf 83' lang='grc' dir='ltr'>Κιθαιρῶνος.</span> <span class='ocrx_word' id='word_1_50' title='bbox 547 673 830 741; x_wconf 90' lang='grc' dir='ltr'>Μαρδόνιος</span> <span class='ocrx_word' id='word_1_51' title='bbox 861 671 929 733; x_wconf 88' lang='grc' dir='ltr'>δέ,</span> <span class='ocrx_word' id='word_1_52' title='bbox 965 673 1029 726; x_wconf 84' lang='grc' dir='ltr'>ὡς</span> <span class='ocrx_word' id='word_1_53' title='bbox 1061 672 1118 724; x_wconf 82' lang='grc' dir='ltr'>οὐ</span> <span class='ocrx_word' id='word_1_54' title='bbox 1149 672 1447 739; x_wconf 89' lang='grc' dir='ltr'>κατέβαινον</span> <span class='ocrx_word' id='word_1_55' title='bbox 1477 675 1524 725; x_wconf 83' lang='grc' dir='ltr'>οἱ</span> <span class='ocrx_word' id='word_1_56' title='bbox 1546 671 1802 738; x_wconf 63' lang='grc' dir='ltr'>’Έλληνες</span> <span class='ocrx_word' id='word_1_57' title='bbox 1839 689 1907 725; x_wconf 87' lang='lat'>20</span> 
     </span>
     <span class='ocr_line' id='line_1_8' title="bbox 134 756 1801 823; baseline 0.001 -14"><span class='ocrx_word' id='word_1_58' title='bbox 134 758 185 811; x_wconf 91' lang='grc' dir='ltr'>ἐς</span> <span class='ocrx_word' id='word_1_59' title='bbox 235 756 291 809; x_wconf 84' lang='grc' dir='ltr'>τὸ</span> <span class='ocrx_word' id='word_1_60' title='bbox 342 758 528 816; x_wconf 87' lang='grc' dir='ltr'>πεδίον,</span> <span class='ocrx_word' id='word_1_61' title='bbox 583 756 767 823; x_wconf 89' lang='grc' dir='ltr'>πέμπει</span> <span class='ocrx_word' id='word_1_62' title='bbox 818 759 869 811; x_wconf 90' lang='grc' dir='ltr'>ἐς</span> <span class='ocrx_word' id='word_1_63' title='bbox 915 757 1092 812; x_wconf 82' lang='grc' dir='ltr'>αὐτοὺς</span> <span class='ocrx_word' id='word_1_64' title='bbox 1143 761 1314 810; x_wconf 77' lang='grc' dir='ltr'>πᾶσαν</span> <span class='ocrx_word' id='word_1_65' title='bbox 1359 757 1450 822; x_wconf 83' lang='grc' dir='ltr'>τὴν</span> <span class='ocrx_word' id='word_1_66' title='bbox 1497 759 1665 817; x_wconf 81' lang='grc' dir='ltr'>ἵππον,</span> <span class='ocrx_word' id='word_1_67' title='bbox 1712 761 1801 823; x_wconf 86' lang='grc' dir='ltr'>τῆς</span> 
     </span>
     <span class='ocr_line' id='line_1_9' title="bbox 133 839 1801 914; baseline 0.001 -20.001"><span class='ocrx_word' id='word_1_68' title='bbox 133 839 378 910; x_wconf 89' lang='grc' dir='ltr'>ιππάρχεε</span> <span class='ocrx_word' id='word_1_69' title='bbox 401 843 686 896; x_wconf 88' lang='grc' dir='ltr'>Μασίστιος</span> <span class='ocrx_word' id='word_1_70' title='bbox 707 841 1003 908; x_wconf 84' lang='grc' dir='ltr'>εὐδοκιμέων</span> <span class='ocrx_word' id='word_1_71' title='bbox 1022 844 1155 910; x_wconf 82' lang='grc' dir='ltr'>παρὰ</span> <span class='ocrx_word' id='word_1_72' title='bbox 1176 841 1429 914; x_wconf 87' lang='grc' dir='ltr'>Περσησι,</span> <span class='ocrx_word' id='word_1_73' title='bbox 1442 863 1530 894; x_wconf 90' lang='grc' dir='ltr'>τον</span> <span class='ocrx_word' id='word_1_74' title='bbox 1544 841 1801 908; x_wconf 76' lang='grc' dir='ltr'>“Ελληνες</span> 
     </span>
     <span class='ocr_line' id='line_1_10' title="bbox 134 926 1800 1005; baseline 0.001 -28"><span class='ocrx_word' id='word_1_75' title='bbox 134 927 414 978; x_wconf 88' lang='grc' dir='ltr'>Μακίστιον</span> <span class='ocrx_word' id='word_1_76' title='bbox 446 926 698 986; x_wconf 90' lang='grc' dir='ltr'>καλεουσι,</span> <span class='ocrx_word' id='word_1_77' title='bbox 732 928 884 979; x_wconf 85' lang='grc' dir='ltr'>ἵππον</span> <span class='ocrx_word' id='word_1_78' title='bbox 915 926 1047 995; x_wconf 86' lang='grc' dir='ltr'>ἔχων</span> <span class='ocrx_word' id='word_1_79' title='bbox 1078 931 1308 1005; x_wconf 83' lang='grc' dir='ltr'>Νησαῖον</span> <span class='ocrx_word' id='word_1_80' title='bbox 1338 926 1716 995; x_wconf 89' lang='grc' dir='ltr'>χρυσοχάλινόν</span> <span class='ocrx_word' id='word_1_81' title='bbox 1745 948 1800 979; x_wconf 90' lang='grc' dir='ltr'>τε</span> 
     </span>
     <span class='ocr_line' id='line_1_11' title="bbox 61 1000 1801 1078; baseline 0.001 -16"><span class='ocrx_word' id='word_1_82' title='bbox 61 1033 108 1062; x_wconf 92' lang='lat'>10</span> <span class='ocrx_word' id='word_1_83' title='bbox 133 1010 210 1062; x_wconf 88' lang='grc' dir='ltr'>καὶ</span> <span class='ocrx_word' id='word_1_84' title='bbox 245 1009 415 1065; x_wconf 88' lang='grc' dir='ltr'>ἄλλως</span> <span class='ocrx_word' id='word_1_85' title='bbox 455 1010 824 1077; x_wconf 88' lang='grc' dir='ltr'>κεκοσμημένον</span> <span class='ocrx_word' id='word_1_86' title='bbox 866 1016 1043 1065; x_wconf 80' lang='grc' dir='ltr'>καλῶς.</span> <span class='ocrx_word' id='word_1_87' title='bbox 1118 1000 1330 1064; x_wconf 86' lang='grc' dir='ltr'>ἐνθαῦτα</span> <span class='ocrx_word' id='word_1_88' title='bbox 1370 1011 1436 1065; x_wconf 85' lang='grc' dir='ltr'>ὡς</span> <span class='ocrx_word' id='word_1_89' title='bbox 1465 1009 1801 1078; x_wconf 89' lang='grc' dir='ltr'>προσηλασαν</span> 
     </span>
     <span class='ocr_line' id='line_1_12' title="bbox 131 1094 1798 1163; baseline 0.001 -16"><span class='ocrx_word' id='word_1_90' title='bbox 131 1097 178 1147; x_wconf 80' lang='grc' dir='ltr'>οἱ</span> <span class='ocrx_word' id='word_1_91' title='bbox 219 1096 421 1148; x_wconf 85' lang='grc' dir='ltr'>ἱππόται</span> <span class='ocrx_word' id='word_1_92' title='bbox 461 1099 582 1162; x_wconf 87' lang='grc' dir='ltr'>πρὸς</span> <span class='ocrx_word' id='word_1_93' title='bbox 622 1096 735 1150; x_wconf 85' lang='grc' dir='ltr'>τοὺς</span> <span class='ocrx_word' id='word_1_94' title='bbox 756 1094 1036 1161; x_wconf 68' lang='grc' dir='ltr'>”Ελληνας,</span> <span class='ocrx_word' id='word_1_95' title='bbox 1069 1095 1434 1163; x_wconf 87' lang='grc' dir='ltr'>προσέβαλλον</span> <span class='ocrx_word' id='word_1_96' title='bbox 1472 1097 1596 1148; x_wconf 82' lang='grc' dir='ltr'>κατὰ</span> <span class='ocrx_word' id='word_1_97' title='bbox 1633 1095 1798 1156; x_wconf 92' lang='grc' dir='ltr'>τέλεα,</span> 
     </span>
     <span class='ocr_line' id='line_1_13' title="bbox 131 1179 1801 1248; baseline 0.003 -18"><span class='ocrx_word' id='word_1_98' title='bbox 131 1179 548 1247; x_wconf 89' lang='grc' dir='ltr'>προσβάλλοντες</span> <span class='ocrx_word' id='word_1_99' title='bbox 599 1183 652 1233; x_wconf 82' lang='grc' dir='ltr'>δὲ</span> <span class='ocrx_word' id='word_1_100' title='bbox 700 1182 824 1232; x_wconf 85' lang='grc' dir='ltr'>κακὰ</span> <span class='ocrx_word' id='word_1_101' title='bbox 870 1180 1069 1248; x_wconf 90' lang='grc' dir='ltr'>μεγάλα</span> <span class='ocrx_word' id='word_1_102' title='bbox 1119 1180 1384 1248; x_wconf 80' lang='grc' dir='ltr'>ἐργάζοντο</span> <span class='ocrx_word' id='word_1_103' title='bbox 1433 1181 1514 1233; x_wconf 92' lang='grc' dir='ltr'>καὶ</span> <span class='ocrx_word' id='word_1_104' title='bbox 1565 1180 1801 1248; x_wconf 85' lang='grc' dir='ltr'>γυναῖκάς</span> 
     </span>
     <span class='ocr_line' id='line_1_14' title="bbox 131 1255 1891 1334; baseline 0.005 -20"><span class='ocrx_word' id='word_1_105' title='bbox 131 1270 296 1331; x_wconf 90' lang='grc' dir='ltr'>σφεας</span> <span class='ocrx_word' id='word_1_106' title='bbox 345 1255 643 1317; x_wconf 82' lang='grc' dir='ltr'>ἀπεκάλεον.</span> <span class='ocrx_word' id='word_1_107' title='bbox 731 1267 854 1316; x_wconf 83' lang='grc' dir='ltr'>κατὰ</span> <span class='ocrx_word' id='word_1_108' title='bbox 899 1265 1169 1333; x_wconf 84' lang='grc' dir='ltr'>συντυχίην</span> <span class='ocrx_word' id='word_1_109' title='bbox 1213 1267 1267 1317; x_wconf 83' lang='grc' dir='ltr'>δὲ</span> <span class='ocrx_word' id='word_1_110' title='bbox 1318 1264 1575 1333; x_wconf 84' lang='grc' dir='ltr'>Μεγαρέες</span> <span class='ocrx_word' id='word_1_111' title='bbox 1621 1266 1800 1334; x_wconf 84' lang='grc' dir='ltr'>ἔτυχον</span> <span class='ocrx_word' id='word_1_112' title='bbox 1836 1288 1891 1322; x_wconf 86' lang='lat'>21</span> 
     </span>
     <span class='ocr_line' id='line_1_15' title="bbox 130 1347 2129 1422; baseline 0.002 -23"><span class='ocrx_word' id='word_1_113' title='bbox 130 1347 398 1416; x_wconf 87' lang='grc' dir='ltr'>ταχθέντες</span> <span class='ocrx_word' id='word_1_114' title='bbox 426 1356 487 1422; x_wconf 84' lang='grc' dir='ltr'>τῇ</span> <span class='ocrx_word' id='word_1_115' title='bbox 522 1353 576 1402; x_wconf 88' lang='grc' dir='ltr'>τε</span> <span class='ocrx_word' id='word_1_116' title='bbox 617 1350 998 1417; x_wconf 55' lang='grc' dir='ltr'>ἐπιμαχώτατον</span> <span class='ocrx_word' id='word_1_117' title='bbox 1036 1348 1097 1415; x_wconf 80' lang='grc' dir='ltr'>ἣν</span> <span class='ocrx_word' id='word_1_118' title='bbox 1136 1355 1224 1402; x_wconf 84' lang='grc' dir='ltr'>τοῦ</span> <span class='ocrx_word' id='word_1_119' title='bbox 1262 1351 1449 1418; x_wconf 82' lang='grc' dir='ltr'>χωρίου</span> <span class='ocrx_word' id='word_1_120' title='bbox 1483 1351 1686 1411; x_wconf 90' lang='grc' dir='ltr'>παντός,</span> <span class='ocrx_word' id='word_1_121' title='bbox 1720 1347 2129 1402; x_wconf 43' lang='lat' dir='ltr'>mim-udus·-</span> 
     </span>
     <span class='ocr_line' id='line_1_16' title="bbox 59 1410 2090 1507; baseline 0.002 -23"><span class='ocrx_word' id='word_1_122' title='bbox 59 1455 104 1495; x_wconf 87' lang='lat'>15</span> <span class='ocrx_word' id='word_1_123' title='bbox 129 1433 159 1498; x_wconf 87' lang='grc' dir='ltr'>ἡ</span> <span class='ocrx_word' id='word_1_124' title='bbox 180 1434 427 1501; x_wconf 87' lang='grc' dir='ltr'>πρόσοδος</span> <span class='ocrx_word' id='word_1_125' title='bbox 444 1432 667 1499; x_wconf 89' lang='grc' dir='ltr'>μάλιστα</span> <span class='ocrx_word' id='word_1_126' title='bbox 685 1433 836 1506; x_wconf 85' lang='grc' dir='ltr'>ταύτῃ</span> <span class='ocrx_word' id='word_1_127' title='bbox 857 1435 1047 1502; x_wconf 91' lang='grc' dir='ltr'>ἐγίνετο</span> <span class='ocrx_word' id='word_1_128' title='bbox 1066 1435 1123 1507; x_wconf 81' lang='grc' dir='ltr'>τῇ</span> <span class='ocrx_word' id='word_1_129' title='bbox 1141 1435 1292 1505; x_wconf 27' lang='grc' dir='ltr'>ἵππῳ..</span> <span class='ocrx_word' id='word_1_130' title='bbox 1364 1435 1800 1501; x_wconf 85' lang='grc' dir='ltr'>προσβαλλούσης</span> <span class='ocrx_word' id='word_1_131' title='bbox 1936 1410 2052 1449; x_wconf 52' lang='lat' dir='ltr'><strong><em>m</em></strong></span> <span class='ocrx_word' id='word_1_132' title='bbox 2080 1434 2090 1445; x_wconf 77' lang='grc'><strong>’</strong></span> 
     </span>
     <span class='ocr_line' id='line_1_17' title="bbox 131 1515 1799 1586; baseline 0.002 -17"><span class='ocrx_word' id='word_1_133' title='bbox 131 1515 199 1569; x_wconf 70' lang='grc' dir='ltr'>ὧν</span> <span class='ocrx_word' id='word_1_134' title='bbox 242 1520 331 1582; x_wconf 86' lang='grc' dir='ltr'>τῆς</span> <span class='ocrx_word' id='word_1_135' title='bbox 374 1518 526 1571; x_wconf 84' lang='grc' dir='ltr'>ἵππου</span> <span class='ocrx_word' id='word_1_136' title='bbox 570 1520 617 1570; x_wconf 84' lang='grc' dir='ltr'>οἱ</span> <span class='ocrx_word' id='word_1_137' title='bbox 663 1517 923 1586; x_wconf 87' lang='grc' dir='ltr'>Μεγαρέες</span> <span class='ocrx_word' id='word_1_138' title='bbox 968 1519 1249 1585; x_wconf 80' lang='grc' dir='ltr'>πιεζόμενοι</span> <span class='ocrx_word' id='word_1_139' title='bbox 1292 1518 1514 1584; x_wconf 84' lang='grc' dir='ltr'>ἔπεμπον</span> <span class='ocrx_word' id='word_1_140' title='bbox 1560 1519 1642 1572; x_wconf 91' lang='grc' dir='ltr'>ἐπὶ</span> <span class='ocrx_word' id='word_1_141' title='bbox 1685 1520 1799 1574; x_wconf 86' lang='grc' dir='ltr'>τοὺς</span> 
     </span>
     <span class='ocr_line' id='line_1_18' title="bbox 131 1601 1804 1671; baseline 0.002 -19"><span class='ocrx_word' id='word_1_142' title='bbox 131 1602 439 1669; x_wconf 83' lang='grc' dir='ltr'>στρατηγοὺς</span> <span class='ocrx_word' id='word_1_143' title='bbox 478 1607 577 1655; x_wconf 83' lang='grc' dir='ltr'>τῶν</span> <span class='ocrx_word' id='word_1_144' title='bbox 615 1601 879 1668; x_wconf 87' lang='grc' dir='ltr'>Ἑλλήνων</span> <span class='ocrx_word' id='word_1_145' title='bbox 921 1603 1119 1670; x_wconf 89' lang='grc' dir='ltr'>κήρυκα,</span> <span class='ocrx_word' id='word_1_146' title='bbox 1163 1604 1463 1670; x_wconf 88' lang='grc' dir='ltr'>ἀπικόμενος</span> <span class='ocrx_word' id='word_1_147' title='bbox 1507 1606 1559 1656; x_wconf 79' lang='grc' dir='ltr'>δὲ</span> <span class='ocrx_word' id='word_1_148' title='bbox 1591 1605 1617 1655; x_wconf 88' lang='grc' dir='ltr'>ὁ</span> <span class='ocrx_word' id='word_1_149' title='bbox 1646 1601 1804 1671; x_wconf 83' lang='grc' dir='ltr'>κῆρυξ</span> 
     </span>
     <span class='ocr_line' id='line_1_19' title="bbox 131 1686 1863 1756; baseline 0.001 -17"><span class='ocrx_word' id='word_1_150' title='bbox 131 1686 253 1753; x_wconf 84' lang='grc' dir='ltr'>πρὸς</span> <span class='ocrx_word' id='word_1_151' title='bbox 283 1686 459 1740; x_wconf 83' lang='grc' dir='ltr'>αὐτοὺς</span> <span class='ocrx_word' id='word_1_152' title='bbox 490 1687 635 1754; x_wconf 84' lang='grc' dir='ltr'>ἔλεγε</span> <span class='ocrx_word' id='word_1_153' title='bbox 666 1686 798 1740; x_wconf 88' lang='grc' dir='ltr'>τάδε·</span> <span class='ocrx_word' id='word_1_154' title='bbox 846 1687 1104 1755; x_wconf 86' lang='grc' dir='ltr'>Μεγαρέες</span> <span class='ocrx_word' id='word_1_155' title='bbox 1133 1687 1359 1756; x_wconf 91' lang='grc' dir='ltr'>λέγουσι·</span> <span class='ocrx_word' id='word_1_156' title='bbox 1404 1687 1597 1754; x_wconf 82' lang='grc' dir='ltr'>Ἡμεῖς,</span> <span class='ocrx_word' id='word_1_157' title='bbox 1623 1688 1799 1756; x_wconf 87' lang='grc' dir='ltr'>ἄνδρες</span> <span class='ocrx_word' id='word_1_158' title='bbox 1838 1708 1863 1740; x_wconf 84' lang='lat'>2</span> 
     </span>
     <span class='ocr_line' id='line_1_20' title="bbox 132 1771 1800 1840; baseline 0.001 -18"><span class='ocrx_word' id='word_1_159' title='bbox 132 1771 403 1840; x_wconf 86' lang='grc' dir='ltr'>σύμμαχοι,</span> <span class='ocrx_word' id='word_1_160' title='bbox 447 1771 504 1823; x_wconf 85' lang='grc' dir='ltr'>οὐ</span> <span class='ocrx_word' id='word_1_161' title='bbox 544 1773 745 1824; x_wconf 91' lang='grc' dir='ltr'>δυνατοί</span> <span class='ocrx_word' id='word_1_162' title='bbox 781 1774 917 1838; x_wconf 83' lang='grc' dir='ltr'>εἰμεν</span> <span class='ocrx_word' id='word_1_163' title='bbox 956 1771 1046 1837; x_wconf 81' lang='grc' dir='ltr'>τὴν</span> <span class='ocrx_word' id='word_1_164' title='bbox 1088 1773 1331 1840; x_wconf 87' lang='grc' dir='ltr'>Περσέων</span> <span class='ocrx_word' id='word_1_165' title='bbox 1371 1774 1525 1826; x_wconf 83' lang='grc' dir='ltr'>ἵππον</span> <span class='ocrx_word' id='word_1_166' title='bbox 1565 1772 1800 1825; x_wconf 90' lang='grc' dir='ltr'>δέκεσθαι</span> 
     </span>
     <span class='ocr_line' id='line_1_21' title="bbox 58 1855 1798 1925; baseline 0.001 -18"><span class='ocrx_word' id='word_1_167' title='bbox 58 1877 107 1907; x_wconf 85' lang='lat'>20</span> <span class='ocrx_word' id='word_1_168' title='bbox 129 1860 317 1922; x_wconf 84' lang='grc' dir='ltr'>μοῦνοι,</span> <span class='ocrx_word' id='word_1_169' title='bbox 343 1855 545 1924; x_wconf 88' lang='grc' dir='ltr'>ἔχοντες</span> <span class='ocrx_word' id='word_1_170' title='bbox 577 1855 762 1909; x_wconf 91' lang='grc' dir='ltr'>στάσιν</span> <span class='ocrx_word' id='word_1_171' title='bbox 790 1856 975 1922; x_wconf 84' lang='grc' dir='ltr'>ταύτην</span> <span class='ocrx_word' id='word_1_172' title='bbox 997 1859 1049 1911; x_wconf 91' lang='grc' dir='ltr'>ἐς</span> <span class='ocrx_word' id='word_1_173' title='bbox 1077 1856 1169 1922; x_wconf 78' lang='grc' dir='ltr'>τὴν</span> <span class='ocrx_word' id='word_1_174' title='bbox 1192 1857 1410 1923; x_wconf 84' lang='grc' dir='ltr'>ἔστημεν</span> <span class='ocrx_word' id='word_1_175' title='bbox 1440 1856 1618 1925; x_wconf 86' lang='grc' dir='ltr'>ἀρχήν·</span> <span class='ocrx_word' id='word_1_176' title='bbox 1663 1859 1798 1910; x_wconf 78' lang='grc' dir='ltr'>ἀλλὰ</span> 
     </span>
     <span class='ocr_line' id='line_1_22' title="bbox 132 1939 1793 2013; baseline 0.001 -21"><span class='ocrx_word' id='word_1_177' title='bbox 132 1939 211 1992; x_wconf 87' lang='grc' dir='ltr'>καὶ</span> <span class='ocrx_word' id='word_1_178' title='bbox 243 1942 294 1994; x_wconf 89' lang='grc' dir='ltr'>ἐς</span> <span class='ocrx_word' id='word_1_179' title='bbox 323 1941 436 1993; x_wconf 90' lang='grc' dir='ltr'>τόδε</span> <span class='ocrx_word' id='word_1_180' title='bbox 465 1942 673 2013; x_wconf 86' lang='grc' dir='ltr'>λιπαρίῃ</span> <span class='ocrx_word' id='word_1_181' title='bbox 703 1963 757 1993; x_wconf 89' lang='grc' dir='ltr'>τε</span> <span class='ocrx_word' id='word_1_182' title='bbox 789 1941 868 1993; x_wconf 91' lang='grc' dir='ltr'>καὶ</span> <span class='ocrx_word' id='word_1_183' title='bbox 898 1941 1046 2013; x_wconf 84' lang='grc' dir='ltr'>ἀρετῇ</span> <span class='ocrx_word' id='word_1_184' title='bbox 1079 1941 1355 2010; x_wconf 88' lang='grc' dir='ltr'>ἀντέχομεν</span> <span class='ocrx_word' id='word_1_185' title='bbox 1394 1944 1569 2009; x_wconf 90' lang='grc' dir='ltr'>καίπερ</span> <span class='ocrx_word' id='word_1_186' title='bbox 1605 1943 1793 2006; x_wconf 79' lang='grc' dir='ltr'>πιεζεύ-</span> 
     </span>
     <span class='ocr_line' id='line_1_23' title="bbox 130 2024 1798 2095; baseline 0.002 -19"><span class='ocrx_word' id='word_1_187' title='bbox 130 2045 287 2090; x_wconf 90' lang='grc' dir='ltr'>μενοι.</span> <span class='ocrx_word' id='word_1_188' title='bbox 374 2029 462 2077; x_wconf 85' lang='grc' dir='ltr'>νῦν</span> <span class='ocrx_word' id='word_1_189' title='bbox 491 2046 546 2077; x_wconf 91' lang='grc' dir='ltr'>τε</span> <span class='ocrx_word' id='word_1_190' title='bbox 578 2027 621 2078; x_wconf 84' lang='grc' dir='ltr'>εἰ</span> <span class='ocrx_word' id='word_1_191' title='bbox 656 2024 723 2091; x_wconf 86' lang='grc' dir='ltr'>μή</span> <span class='ocrx_word' id='word_1_192' title='bbox 759 2047 897 2080; x_wconf 91' lang='grc' dir='ltr'>τινας</span> <span class='ocrx_word' id='word_1_193' title='bbox 926 2025 1114 2080; x_wconf 85' lang='grc' dir='ltr'>ἄλλους</span> <span class='ocrx_word' id='word_1_194' title='bbox 1149 2024 1378 2094; x_wconf 84' lang='grc' dir='ltr'>πέμψετε</span> <span class='ocrx_word' id='word_1_195' title='bbox 1413 2027 1674 2095; x_wconf 88' lang='grc' dir='ltr'>διαδόχους</span> <span class='ocrx_word' id='word_1_196' title='bbox 1710 2030 1798 2091; x_wconf 87' lang='grc' dir='ltr'>τῆς</span> 
     </span>
     <span class='ocr_line' id='line_1_24' title="bbox 131 2107 1861 2178; baseline 0.002 -18"><span class='ocrx_word' id='word_1_197' title='bbox 131 2107 315 2174; x_wconf 79' lang='grc' dir='ltr'>τάξιος,</span> <span class='ocrx_word' id='word_1_198' title='bbox 347 2110 460 2162; x_wconf 83' lang='grc' dir='ltr'>ἴστε</span> <span class='ocrx_word' id='word_1_199' title='bbox 488 2109 642 2175; x_wconf 88' lang='grc' dir='ltr'>ἡμέας</span> <span class='ocrx_word' id='word_1_200' title='bbox 680 2111 1012 2177; x_wconf 82' lang='grc' dir='ltr'>ἐκλείψοντας</span> <span class='ocrx_word' id='word_1_201' title='bbox 1042 2110 1131 2175; x_wconf 83' lang='grc' dir='ltr'>τὴν</span> <span class='ocrx_word' id='word_1_202' title='bbox 1160 2110 1321 2176; x_wconf 83' lang='grc' dir='ltr'>τάξιν.</span> <span class='ocrx_word' id='word_1_203' title='bbox 1407 2111 1434 2161; x_wconf 89' lang='grc' dir='ltr'>ὁ</span> <span class='ocrx_word' id='word_1_204' title='bbox 1471 2113 1563 2176; x_wconf 78' lang='grc' dir='ltr'>μὲν</span> <span class='ocrx_word' id='word_1_205' title='bbox 1604 2109 1662 2175; x_wconf 86' lang='grc' dir='ltr'>δή</span> <span class='ocrx_word' id='word_1_206' title='bbox 1701 2118 1799 2178; x_wconf 89' lang='grc' dir='ltr'>σφι</span> <span class='ocrx_word' id='word_1_207' title='bbox 1836 2128 1861 2171; x_wconf 86' lang='grc'>3</span> 
     </span>
     <span class='ocr_line' id='line_1_25' title="bbox 131 2191 1798 2263; baseline 0.001 -19"><span class='ocrx_word' id='word_1_208' title='bbox 131 2198 283 2245; x_wconf 83' lang='grc' dir='ltr'>ταῦτα</span> <span class='ocrx_word' id='word_1_209' title='bbox 312 2191 620 2261; x_wconf 88' lang='grc' dir='ltr'>ἀπήγγελλε,</span> <span class='ocrx_word' id='word_1_210' title='bbox 655 2196 948 2260; x_wconf 88' lang='grc' dir='ltr'>Παυσανίης</span> <span class='ocrx_word' id='word_1_211' title='bbox 985 2197 1038 2248; x_wconf 81' lang='grc' dir='ltr'>δὲ</span> <span class='ocrx_word' id='word_1_212' title='bbox 1068 2196 1370 2263; x_wconf 79' lang='grc' dir='ltr'>ἀπεπειρᾶτο</span> <span class='ocrx_word' id='word_1_213' title='bbox 1406 2199 1506 2247; x_wconf 84' lang='grc' dir='ltr'>τῶν</span> <span class='ocrx_word' id='word_1_214' title='bbox 1533 2194 1798 2260; x_wconf 88' lang='grc' dir='ltr'>Ἑλλήνων</span> 
     </span>
     <span class='ocr_line' id='line_1_26' title="bbox 59 2277 1797 2347; baseline 0.003 -21"><span class='ocrx_word' id='word_1_215' title='bbox 59 2299 106 2340; x_wconf 83' lang='lat'>25</span> <span class='ocrx_word' id='word_1_216' title='bbox 133 2279 179 2330; x_wconf 84' lang='grc' dir='ltr'>εἴ</span> <span class='ocrx_word' id='word_1_217' title='bbox 218 2298 347 2332; x_wconf 88' lang='grc' dir='ltr'>τινες</span> <span class='ocrx_word' id='word_1_218' title='bbox 392 2277 614 2331; x_wconf 88' lang='grc' dir='ltr'>ἐθέλοιεν</span> <span class='ocrx_word' id='word_1_219' title='bbox 658 2277 806 2331; x_wconf 85' lang='grc' dir='ltr'>ἄλλοι</span> <span class='ocrx_word' id='word_1_220' title='bbox 851 2279 1111 2332; x_wconf 86' lang='grc' dir='ltr'>ἐθελονταὶ</span> <span class='ocrx_word' id='word_1_221' title='bbox 1150 2279 1278 2333; x_wconf 82' lang='grc' dir='ltr'>ἰέναι</span> <span class='ocrx_word' id='word_1_222' title='bbox 1314 2303 1370 2333; x_wconf 94' lang='grc' dir='ltr'>τε</span> <span class='ocrx_word' id='word_1_223' title='bbox 1411 2282 1462 2334; x_wconf 91' lang='grc' dir='ltr'>ἐς</span> <span class='ocrx_word' id='word_1_224' title='bbox 1501 2279 1589 2332; x_wconf 89' lang='grc' dir='ltr'>τὸν</span> <span class='ocrx_word' id='word_1_225' title='bbox 1632 2285 1797 2347; x_wconf 84' lang='grc' dir='ltr'>χῶρον</span> 
     </span>
     <span class='ocr_line' id='line_1_27' title="bbox 130 2361 1798 2432; baseline 0.002 -20"><span class='ocrx_word' id='word_1_226' title='bbox 130 2365 304 2414; x_wconf 85' lang='grc' dir='ltr'>τοῦτον</span> <span class='ocrx_word' id='word_1_227' title='bbox 329 2362 407 2414; x_wconf 86' lang='grc' dir='ltr'>καὶ</span> <span class='ocrx_word' id='word_1_228' title='bbox 437 2361 975 2432; x_wconf 81' lang='grc' dir='ltr'>τάσσεσθαιδιάδοχοι</span> <span class='ocrx_word' id='word_1_229' title='bbox 1009 2367 1315 2432; x_wconf 85' lang='grc' dir='ltr'>Μεγαρεῦσι,</span> <span class='ocrx_word' id='word_1_230' title='bbox 1392 2365 1448 2416; x_wconf 85' lang='grc' dir='ltr'>οὐ</span> <span class='ocrx_word' id='word_1_231' title='bbox 1471 2363 1798 2429; x_wconf 88' lang='grc' dir='ltr'>βουλομένων</span> 
     </span>
     <span class='ocr_line' id='line_1_28' title="bbox 131 2445 2077 2516; baseline 0.002 -20"><span class='ocrx_word' id='word_1_232' title='bbox 131 2448 184 2499; x_wconf 82' lang='grc' dir='ltr'>δὲ</span> <span class='ocrx_word' id='word_1_233' title='bbox 213 2451 311 2498; x_wconf 78' lang='grc' dir='ltr'>τῶν</span> <span class='ocrx_word' id='word_1_234' title='bbox 339 2445 511 2499; x_wconf 84' lang='grc' dir='ltr'>ἄλλων</span> <span class='ocrx_word' id='word_1_235' title='bbox 543 2446 800 2513; x_wconf 85' lang='grc' dir='ltr'>Ἀθηναῖοι</span> <span class='ocrx_word' id='word_1_236' title='bbox 829 2446 1132 2513; x_wconf 85' lang='grc' dir='ltr'>ὑπεδέξαντο</span> <span class='ocrx_word' id='word_1_237' title='bbox 1164 2449 1243 2501; x_wconf 88' lang='grc' dir='ltr'>καὶ</span> <span class='ocrx_word' id='word_1_238' title='bbox 1274 2448 1551 2514; x_wconf 89' lang='grc' dir='ltr'>Ἀθηναίων</span> <span class='ocrx_word' id='word_1_239' title='bbox 1582 2451 1627 2501; x_wconf 81' lang='grc' dir='ltr'>οἱ</span> <span class='ocrx_word' id='word_1_240' title='bbox 1659 2470 1793 2516; x_wconf 89' lang='grc' dir='ltr'>τριη-</span> <span class='ocrx_word' id='word_1_241' title='bbox 1839 2463 1893 2491; x_wconf 64' lang='grc'>&lt;»’</span> <span class='ocrx_word' id='word_1_242' title='bbox 1939 2480 1942 2484; x_wconf 89' lang='grc'><strong>-</strong></span> <span class='ocrx_word' id='word_1_243' title='bbox 2015 2479 2018 2482; x_wconf 86' lang='grc'><strong>-</strong></span> <span class='ocrx_word' id='word_1_244' title='bbox 2073 2475 2077 2482; x_wconf 75' lang='grc'><strong>’</strong></span> 
     </span>
    </p>
   </div>
   <div class='ocr_carea' id='block_1_3' title="bbox 129 2582 1799 2966">
    <p class='ocr_par' dir='ltr' id='par_1_3' title="bbox 129 2582 1799 2966">
     <span class='ocr_line' id='line_1_29' title="bbox 188 2582 1798 2640; baseline 0.002 -18"><span class='ocrx_word' id='word_1_245' title='bbox 188 2595 205 2621; x_wconf 87' lang='grc' dir='ltr'>Ι</span> <span class='ocrx_word' id='word_1_246' title='bbox 239 2582 449 2637; x_wconf 80' lang='grc' dir='ltr'>ἐπορεύετο</span> <span class='ocrx_word' id='word_1_247' title='bbox 471 2584 511 2623; x_wconf 91' lang='lat' dir='ltr'>R</span> <span class='ocrx_word' id='word_1_248' title='bbox 691 2597 716 2635; x_wconf 90' lang='lat'><strong>5</strong></span> <span class='ocrx_word' id='word_1_249' title='bbox 751 2584 816 2637; x_wconf 83' lang='grc' dir='ltr'>δὲ]</span> <span class='ocrx_word' id='word_1_250' title='bbox 845 2602 891 2626; x_wconf 88' lang='grc' dir='ltr'>τε</span> <span class='ocrx_word' id='word_1_251' title='bbox 918 2585 1125 2626; x_wconf 82' lang='lat' dir='ltr'>Schaefer</span> <span class='ocrx_word' id='word_1_252' title='bbox 1245 2586 1436 2640; x_wconf 79' lang='grc' dir='ltr'>ὑπωρείης</span> <span class='ocrx_word' id='word_1_253' title='bbox 1464 2585 1499 2625; x_wconf 90' lang='lat' dir='ltr'>L</span> <span class='ocrx_word' id='word_1_254' title='bbox 1679 2586 1706 2625; x_wconf 87' lang='lat'><em>8</em></span> <span class='ocrx_word' id='word_1_255' title='bbox 1735 2586 1798 2627; x_wconf 82' lang='grc' dir='ltr'>ἵπ-</span> 
     </span>
     <span class='ocr_line' id='line_1_30' title="bbox 129 2638 1798 2694; baseline 0.002 -16"><span class='ocrx_word' id='word_1_256' title='bbox 129 2653 262 2691; x_wconf 87' lang='grc' dir='ltr'>παρχε</span> <span class='ocrx_word' id='word_1_257' title='bbox 285 2638 324 2676; x_wconf 89' lang='lat' dir='ltr'>R</span> <span class='ocrx_word' id='word_1_258' title='bbox 530 2652 558 2690; x_wconf 90' lang='lat'><strong>9</strong></span> <span class='ocrx_word' id='word_1_259' title='bbox 587 2656 634 2681; x_wconf 83' lang='grc' dir='ltr'>τε</span> <span class='ocrx_word' id='word_1_260' title='bbox 654 2652 739 2679; x_wconf 86' lang='lat' dir='ltr'>om.</span> <span class='ocrx_word' id='word_1_261' title='bbox 762 2640 850 2678; x_wconf 90' lang='lat' dir='ltr'>AB</span> <span class='ocrx_word' id='word_1_262' title='bbox 865 2641 899 2679; x_wconf 92' lang='lat' dir='ltr'>C</span> <span class='ocrx_word' id='word_1_263' title='bbox 914 2640 963 2679; x_wconf 91' lang='lat' dir='ltr'>Pl</span> <span class='ocrx_word' id='word_1_264' title='bbox 1175 2653 1219 2680; x_wconf 85' lang='lat'>11</span> <span class='ocrx_word' id='word_1_265' title='bbox 1253 2642 1347 2682; x_wconf 84' lang='grc' dir='ltr'>τοὺς</span> <span class='ocrx_word' id='word_1_266' title='bbox 1369 2654 1449 2681; x_wconf 88' lang='lat' dir='ltr'>om.</span> <span class='ocrx_word' id='word_1_267' title='bbox 1474 2642 1508 2680; x_wconf 93' lang='lat' dir='ltr'>C</span> <span class='ocrx_word' id='word_1_268' title='bbox 1651 2639 1798 2694; x_wconf 85' lang='grc' dir='ltr'>προσέ-</span> 
     </span>
     <span class='ocr_line' id='line_1_31' title="bbox 130 2692 1797 2757; baseline 0.001 -24"><span class='ocrx_word' id='word_1_269' title='bbox 130 2698 262 2739; x_wconf 81' lang='grc' dir='ltr'>βαλον</span> <span class='ocrx_word' id='word_1_270' title='bbox 284 2692 369 2731; x_wconf 86' lang='lat' dir='ltr'>PR</span> <span class='ocrx_word' id='word_1_271' title='bbox 385 2692 466 2732; x_wconf 89' lang='lat' dir='ltr'>SV</span> <span class='ocrx_word' id='word_1_272' title='bbox 591 2707 639 2733; x_wconf 86' lang='lat'>12</span> <span class='ocrx_word' id='word_1_273' title='bbox 669 2695 1008 2748; x_wconf 79' lang='grc' dir='ltr'>προσβάλλοντες</span> <span class='ocrx_word' id='word_1_274' title='bbox 1032 2695 1152 2736; x_wconf 88' lang='lat' dir='ltr'>Eust.</span> <span class='ocrx_word' id='word_1_275' title='bbox 1174 2695 1221 2735; x_wconf 93' lang='lat' dir='ltr'>ll.</span> <span class='ocrx_word' id='word_1_276' title='bbox 1239 2696 1345 2734; x_wconf 91' lang='lat'><strong>668:</strong></span> <span class='ocrx_word' id='word_1_277' title='bbox 1377 2694 1716 2757; x_wconf 84' lang='grc' dir='ltr'>προσβαλλόντες</span> <span class='ocrx_word' id='word_1_278' title='bbox 1731 2696 1797 2734; x_wconf 92' lang='lat' dir='ltr'>V.</span> 
     </span>
     <span class='ocr_line' id='line_1_32' title="bbox 130 2747 1797 2803; baseline 0.002 -16"><span class='ocrx_word' id='word_1_279' title='bbox 130 2747 435 2799; x_wconf 85' lang='grc' dir='ltr'>προσβαλόντες</span> <span class='ocrx_word' id='word_1_280' title='bbox 455 2748 545 2789; x_wconf 87' lang='lat' dir='ltr'>rell.</span> <span class='ocrx_word' id='word_1_281' title='bbox 738 2762 786 2798; x_wconf 89' lang='lat'>13</span> <span class='ocrx_word' id='word_1_282' title='bbox 817 2758 945 2803; x_wconf 87' lang='grc' dir='ltr'>σφεας</span> <span class='ocrx_word' id='word_1_283' title='bbox 966 2762 1048 2792; x_wconf 90' lang='lat' dir='ltr'>om.</span> <span class='ocrx_word' id='word_1_284' title='bbox 1074 2750 1193 2790; x_wconf 85' lang='lat' dir='ltr'>Eust.</span> <span class='ocrx_word' id='word_1_285' title='bbox 1368 2763 1413 2799; x_wconf 88' lang='lat'>14</span> <span class='ocrx_word' id='word_1_286' title='bbox 1445 2749 1470 2798; x_wconf 76' lang='grc' dir='ltr'>ἦ</span> <span class='ocrx_word' id='word_1_287' title='bbox 1491 2767 1539 2791; x_wconf 84' lang='grc' dir='ltr'>τε</span> <span class='ocrx_word' id='word_1_288' title='bbox 1562 2749 1602 2788; x_wconf 92' lang='lat' dir='ltr'><strong>R</strong></span> <span class='ocrx_word' id='word_1_289' title='bbox 1617 2749 1727 2789; x_wconf 89' lang='lat' dir='ltr'>SV.</span> <span class='ocrx_word' id='word_1_290' title='bbox 1755 2749 1797 2798; x_wconf 82' lang='grc' dir='ltr'>ῆι</span> 
     </span>
     <span class='ocr_line' id='line_1_33' title="bbox 130 2800 1798 2858; baseline 0.002 -16"><span class='ocrx_word' id='word_1_291' title='bbox 130 2802 178 2842; x_wconf 81' lang='grc' dir='ltr'>τὸ</span> <span class='ocrx_word' id='word_1_292' title='bbox 205 2800 385 2843; x_wconf 87' lang='lat' dir='ltr'><strong>ABP1·</strong></span> <span class='ocrx_word' id='word_1_293' title='bbox 426 2801 577 2851; x_wconf 61' lang='grc' dir='ltr'>ἧιΡοε</span> <span class='ocrx_word' id='word_1_294' title='bbox 624 2804 792 2853; x_wconf 76' lang='grc' dir='ltr'>ἢτὸΟ</span> <span class='ocrx_word' id='word_1_295' title='bbox 1006 2816 1054 2854; x_wconf 90' lang='lat'>15</span> <span class='ocrx_word' id='word_1_296' title='bbox 1098 2805 1234 2854; x_wconf 77' lang='grc' dir='ltr'>ἣοιη.</span> <span class='ocrx_word' id='word_1_297' title='bbox 1265 2803 1451 2843; x_wconf 91' lang='lat' dir='ltr'>ABCP</span> <span class='ocrx_word' id='word_1_298' title='bbox 1615 2809 1798 2858; x_wconf 83' lang='grc' dir='ltr'>προσβα·</span> 
     </span>
     <span class='ocr_line' id='line_1_34' title="bbox 130 2855 1799 2911; baseline 0.001 -15"><span class='ocrx_word' id='word_1_299' title='bbox 130 2855 282 2905; x_wconf 81' lang='grc' dir='ltr'>λούσης</span> <span class='ocrx_word' id='word_1_300' title='bbox 303 2857 336 2895; x_wconf 92' lang='lat' dir='ltr'>C</span> <span class='ocrx_word' id='word_1_301' title='bbox 352 2857 384 2895; x_wconf 90' lang='lat' dir='ltr'>P</span> <span class='ocrx_word' id='word_1_302' title='bbox 399 2857 439 2896; x_wconf 88' lang='lat' dir='ltr'>R</span> <span class='ocrx_word' id='word_1_303' title='bbox 451 2858 491 2897; x_wconf 93' lang='lat' dir='ltr'>V</span> <span class='ocrx_word' id='word_1_304' title='bbox 700 2871 754 2898; x_wconf 86' lang='lat'>20</span> <span class='ocrx_word' id='word_1_305' title='bbox 785 2859 848 2900; x_wconf 83' lang='grc' dir='ltr'>ἐπ’</span> <span class='ocrx_word' id='word_1_306' title='bbox 868 2858 919 2909; x_wconf 68' lang='grc' dir='ltr'>ἢν</span> <span class='ocrx_word' id='word_1_307' title='bbox 941 2859 980 2899; x_wconf 91' lang='lat' dir='ltr'><strong>R</strong></span> <span class='ocrx_word' id='word_1_308' title='bbox 996 2859 1026 2899; x_wconf 89' lang='lat' dir='ltr'>S</span> <span class='ocrx_word' id='word_1_309' title='bbox 1039 2860 1078 2898; x_wconf 95' lang='lat' dir='ltr'>V</span> <span class='ocrx_word' id='word_1_310' title='bbox 1285 2872 1333 2897; x_wconf 86' lang='lat'>21</span> <span class='ocrx_word' id='word_1_311' title='bbox 1366 2858 1591 2911; x_wconf 77' lang='grc' dir='ltr'>πιεζόμενοι</span> <span class='ocrx_word' id='word_1_312' title='bbox 1610 2858 1651 2897; x_wconf 94' lang='grc' dir='ltr'>Α</span> <span class='ocrx_word' id='word_1_313' title='bbox 1666 2859 1700 2897; x_wconf 91' lang='grc' dir='ltr'>Β</span> <span class='ocrx_word' id='word_1_314' title='bbox 1716 2859 1750 2898; x_wconf 88' lang='lat' dir='ltr'>C</span> <span class='ocrx_word' id='word_1_315' title='bbox 1765 2859 1799 2897; x_wconf 89' lang='lat' dir='ltr'>P</span> 
     </span>
     <span class='ocr_line' id='line_1_35' title="bbox 129 2911 1798 2966; baseline 0.004 -16"><span class='ocrx_word' id='word_1_316' title='bbox 129 2923 181 2949; x_wconf 83' lang='lat'>22</span> <span class='ocrx_word' id='word_1_317' title='bbox 210 2911 423 2963; x_wconf 84' lang='grc' dir='ltr'>διαδόχους</span> <span class='ocrx_word' id='word_1_318' title='bbox 443 2911 627 2964; x_wconf 82' lang='grc' dir='ltr'>πέμψητε</span> <span class='ocrx_word' id='word_1_319' title='bbox 652 2913 691 2951; x_wconf 89' lang='lat' dir='ltr'>R</span> <span class='ocrx_word' id='word_1_320' title='bbox 708 2913 737 2953; x_wconf 90' lang='lat' dir='ltr'>S</span> <span class='ocrx_word' id='word_1_321' title='bbox 752 2914 789 2953; x_wconf 94' lang='lat' dir='ltr'>V</span> <span class='ocrx_word' id='word_1_322' title='bbox 955 2928 1006 2964; x_wconf 88' lang='lat'>24</span> <span class='ocrx_word' id='word_1_323' title='bbox 1039 2914 1270 2966; x_wconf 79' lang='grc' dir='ltr'>ἀπήγγειλε</span> <span class='ocrx_word' id='word_1_324' title='bbox 1293 2914 1327 2952; x_wconf 93' lang='lat' dir='ltr'>C</span> <span class='ocrx_word' id='word_1_325' title='bbox 1497 2925 1550 2964; x_wconf 84' lang='lat'>25</span> <span class='ocrx_word' id='word_1_326' title='bbox 1581 2915 1798 2956; x_wconf 79' lang='grc' dir='ltr'>ἐθελοντὰς</span> 
     </span>
    </p>
   </div>
   <div class='ocr_carea' id='block_1_4' title="bbox 131 2962 725 3008">
    <p class='ocr_par' dir='ltr' id='par_1_4' title="bbox 131 2962 725 3008">
     <span class='ocr_line' id='line_1_36' title="bbox 131 2962 725 3008; baseline 0.008 -7"><span class='ocrx_word' id='word_1_327' title='bbox 131 2962 224 3003; x_wconf 88' lang='lat' dir='ltr'>RV</span> <span class='ocrx_word' id='word_1_328' title='bbox 387 2969 440 3005; x_wconf 87' lang='lat'>26</span> <span class='ocrx_word' id='word_1_329' title='bbox 468 2968 664 3008; x_wconf 83' lang='grc' dir='ltr'>τάσεσθαι</span> <span class='ocrx_word' id='word_1_330' title='bbox 688 2968 725 3006; x_wconf 85' lang='lat' dir='ltr'>R</span> 
     </span>
    </p>
   </div>
  </div>
 </body>
</html>
