2132 3340
717 48 1094 98 ΙΣΤΟΡΙΩΝ
1157 48 1206 98 H
1833 47 1949 97 VII.
1979 60 2045 111 97

123 186 362 253 στρατιῆς
388 180 716 251 Ἀριαβίγνης
752 182 779 234 6
815 183 1032 248 Δαρείου
1065 203 1120 234 τε
1150 185 1268 234 παῖς
1305 180 1384 233 καὶ
1419 182 1507 245 τῆς
1544 179 1792 246 Γωβρύεω

121 269 382 337 θυγατρός·
419 268 704 335 Αἰγυπτίων
727 270 780 319 δὲ
805 265 1109 334 ἐστρατήγεε
1127 264 1447 334 Ἀχαιμένης,
1473 263 1675 340 Ξέρξεω
1699 265 1793 316 ε’ὼν

121 353 206 407 ἀπ’
226 351 526 421 ἀμφοτέρων
543 353 809 419 ἀδελφεός,
831 355 919 416 τῆς
936 354 991 403 δὲ
1010 350 1171 415 ἄλλης
1195 354 1432 418 στρατιῆς
1457 347 1794 417 ἐστρατήγεον

122 440 168 499 οἱ
191 438 293 492 δύο.
366 437 701 504 τριηκόντεροι
724 439 778 489 δὲ
810 437 889 489 καὶ
912 436 1293 503 πεντηκόντεροι
1326 435 1406 487 καὶ
1436 434 1689 502 κέρκουροι
1714 434 1794 486 καὶ
1822 433 2104 497 palumento).

75 551 97 591 5
123 522 391 590 ἱππαγωγὰ
425 527 580 575 πλοῖα
614 523 800 589 σμικρὰ
837 521 1148 574 συνελθόντα
1184 521 1235 576 ἐς
1269 518 1358 572 τὸν
1390 520 1598 586 ἀριθμὸν
1630 519 1793 586 ἐφάνη

121 608 398 675 τρισχίλια.
485 610 584 659 τῶν
615 609 669 659 δὲ
703 606 1047 659 ἐπιπλεόντων
1079 604 1204 672 μετά
1237 627 1299 673 γε
1332 603 1447 658 τοὺς
1484 604 1795 671 στρατηγοὺς
1833 611 1906 671 98

122 693 225 744 οἵδε
261 690 393 756 ἦσαν
427 691 839 757 ὀνομαστότατοι,
871 690 1109 745 Σιδώνιος
1144 688 1531 758 Τετράμνηστος
1559 687 1791 747 Ἀνύσου,

124 776 204 829 καὶ
236 776 417 844 Τύριος
452 774 663 840 Ματτὴν
699 776 943 843 Σιρώμου,
980 774 1058 826 καὶ
1095 773 1326 842 Ἀράδιος
1363 773 1643 843 Μέρβαλος
1674 773 1792 841 Ἀγ-

122 859 304 927 βάλου,
365 859 446 912 καὶ
503 859 658 925 Κίλιξ
713 859 978 914 Συέννεσις
1029 858 1412 928 Ὠρομέδοντος,
1475 858 1555 911 καὶ
1613 858 1794 913 Λύκιος

50 971 101 1001 10
125 947 469 1014 Κυβερνίσκος
506 947 646 1015 Σίκα,
690 946 769 998 καὶ
812 946 1021 1012 Κύπριοι
1062 945 1249 1012 Γόργος
1289 966 1343 997 τε
1385 946 1412 995 6
1453 943 1670 1012 Χέρσιος
1716 945 1795 996 καὶ
1822 931 2132 1007 εΝὟἏῖΨ

121 1029 363 1097 Τιμῶναξ
398 1031 425 1081 6
458 1030 771 1097 Τιμαγόρεω,
815 1030 893 1082 καὶ
936 1033 1117 1097 Καρῶν
1151 1028 1388 1083 Ἱστιαῖός
1428 1051 1481 1082 τε
1522 1030 1549 1080 6
1586 1029 1794 1095 Τύμνεω

124 1116 204 1169 καὶ
234 1116 428 1184 Πίγρης
459 1116 485 1166 6
516 1114 882 1181 Ὑσσελδώμου
910 1114 989 1166 καὶ
1025 1115 1386 1180 Δαμασίθυμος
1415 1115 1442 1164 6
1474 1113 1791 1166 Κανδαύλεω.

123 1205 222 1253 τῶν
264 1199 357 1266 μέν
397 1221 485 1253 νυν
528 1198 702 1253 ἄλλων
746 1199 803 1251 οὐ
843 1198 1228 1266 παραμέμνημαι
1270 1197 1553 1267 ταξιάρχων
1598 1198 1664 1253 ὡς
1708 1198 1794 1250 οὐκ
1832 1214 1909 1262 99

123 1285 535 1354 ἀναγκαζόμενος,
569 1284 889 1353 Ἀρτεμισίης
919 1282 988 1343 δέ,
1019 1286 1108 1349 τῆς
1136 1283 1361 1350 μάλιστα
1397 1287 1536 1350 θῶμα
1566 1288 1794 1350 ποιεῦμαι

52 1395 100 1438 ¹5
125 1370 206 1424 ἐπὶ
264 1369 356 1435 τὴν
410 1368 638 1422 Ἑλλάδα
701 1367 1137 1438 στρατευσαμένης
1194 1369 1443 1436 γυναικός,
1502 1368 1610 1434 ἥτις
1667 1369 1788 1421 ἀπο·

125 1455 363 1509 θανόντος
409 1459 495 1506 τοῦ
542 1453 718 1522 ἀνδρὸς
765 1452 885 1518 αὐτή
931 1475 986 1506 τε
1034 1454 1224 1521 ἔχουσα
1265 1453 1359 1518 τὴν
1403 1455 1666 1522 τυραννίδα
1715 1455 1793 1505 καὶ

124 1539 298 1594 παιδὸς
339 1538 653 1608 ὑπάρχοντος
698 1540 901 1606 νεηνίεω
940 1537 1037 1591 ὑπὸ
1080 1536 1303 1603 λήματός
1336 1560 1398 1591 τε
1442 1539 1522 1590 καὶ
1563 1538 1794 1606 ἀνδρηίης
1817 1529 2132 1609 “mustum'‘

125 1624 465 1692 ἐστρατεύετο,
497 1623 724 1690 οὐδεμιῆς
751 1626 797 1676 οἱ
828 1623 1007 1688 εὀύσης
1038 1624 1323 1691 ἀναγκαίης.
1398 1623 1586 1689 οὕνομα
1612 1626 1705 1689 μὲν
1734 1623 1792 1687 δὴ
1833 1643 1858 1674 2

125 1708 187 1776 ἦν
223 1708 346 1784 αὐτῇ
374 1709 682 1776 Ἀρτεμισίη,
716 1707 931 1776 θυγάτηρ
962 1710 1016 1761 δὲ
1045 1706 1107 1773 ἦν
1136 1707 1434 1775 Λυγδάμιος,
1465 1707 1613 1776 γένος
1649 1710 1703 1761 δὲ
1739 1707 1798 1773 ἐξ

48 1817 103 1847 ¹20
124 1793 530 1862 Ἁλικαρνησσοῦ
569 1795 630 1845 τὰ
669 1792 792 1860 πρὸς
835 1793 1035 1860 πατρός,
1077 1794 1139 1844 τὰ
1176 1793 1422 1860 μητρόθεν
1460 1796 1515 1846 δὲ
1557 1796 1791 1860 Κρῆσσα.

124 1879 393 1946 ἡγεμόνευε
423 1881 475 1930 δὲ
497 1877 941 1945 Ἁλικαρνησσέων
971 1899 1025 1929 τε
1057 1877 1136 1929 καὶ
1156 1874 1320 1948 -Κῴων
1349 1877 1431 1929 καὶ
1453 1879 1711 1945 Νισυρίων
1741 1900 1796 1930 τε

127 1964 207 2015 καὶ
231 1963 538 2021 Καλυδνίων,
564 1961 711 2015 πέντε
736 1961 850 2016 νέας
873 1960 1206 2031 παρεχομένη.
1281 1962 1360 2014 καὶ
1390 1961 1686 2028 συναπάσης
1705 1966 1794 2028 τῆς
1832 1986 1859 2029 3

127 2051 377 2115 στρατιῆς,
401 2046 525 2112 μετά
547 2069 607 2114 γε
628 2049 717 2100 τὰς
736 2048 1004 2106 Σιδωνίων,
1026 2046 1140 2100 νέας
1164 2045 1489 2112 εὐδοξοτάτας
1509 2048 1791 2116 παρείχετο,

126 2131 326 2185 πάντων
345 2135 398 2185 δὲ
417 2137 516 2185 τῶν
535 2130 812 2200 συμμάχων
829 2132 1029 2199 γνώμας
1046 2132 1255 2198 ἀρίστας
1271 2130 1484 2197 βασιλέϊ
1502 2128 1793 2197 ἀπεδέξατο.

51 2238 100 2282 ²5
125 2221 225 2269 τῶν
256 2219 311 2269 δὲ
345 2215 588 2282 κατέλεξα
622 2216 813 2269 πολίων
841 2216 1162 2283 ἡγεμονεύειν
1193 2214 1362 2280 αὐτήν,
1395 2215 1451 2267 τὸ
1488 2216 1633 2270 ἔθνος
1667 2217 1791 2268 ἆπο-

126 2302 289 2368 φαίνω
326 2305 426 2353 πᾶν
463 2300 544 2353 ἐὸν
580 2301 821 2367 Δωρικόν,
855 2298 1292 2367 Ἁλικαρνησσέας
1325 2302 1420 2365 μὲν
1456 2301 1792 2367 Τροιζηνίους,

125 2385 238 2440 τοὺς
269 2388 321 2439 δὲ
349 2385 538 2440 ἄλλους
567 2384 926 2452 Ἐπιδαυρίους.

184 2539 201 2565 ῐ
235 2524 275 2576 ὁ]
297 2523 544 2566 τεὸΛΒΟ
709 2541 757 2565 τε
778 2536 860 2563 om.
883 2523 918 2562 C
1061 2527 1178 2576 Γοβρ.
1202 2522 1391 2562 ABCP
1612 2535 1637 2573 5
1665 2527 1796 2578 μακρὰ

123 2580 214 2621 ΑΒ
228 2579 262 2620 C
277 2579 334 2621 P:
367 2580 449 2620 del.
474 2578 736 2629 Kallenberg
846 2577 973 2630 ἐφάνη
995 2580 1035 2619 ἐς
1056 2579 1131 2618 τὸν
1151 2579 1211 2630 ἆρ.
1239 2577 1278 2615 R
1293 2577 1323 2616 S
1338 2578 1377 2616 V
1534 2592 1556 2628 7
1587 2579 1797 2629 Ἀλλήσου

126 2635 212 2675 PR
227 2634 308 2674 SV
487 2635 513 2673 8
543 2641 636 2675 Ματ
637 2635 719 2686 γὴν
738 2632 806 2672 Α.
796 2646 806 2655 ·
837 2632 986 2681 Μάπην
1008 2631 1043 2670 Ρ
1058 2631 1195 2671 RSV
1321 2633 1472 2686 Σειρώμ
1475 2649 1519 2673 ου
1541 2635 1591 2674 d:
1623 2636 1797 2687 Σιρώνου

126 2690 160 2730 Ρ
177 2690 215 2728 R
235 2690 266 2730 S
280 2689 348 2730 V·
387 2691 565 2743 Εἱρώμου
596 2687 819 2728 Noeldeke
952 2686 1119 2741 Ἀρίδιος
1151 2686 1185 2725 Ρ
1199 2686 1237 2724 R
1254 2686 1284 2725 S
1298 2686 1334 2725 V
1472 2687 1531 2728 Νέ
1530 2694 1683 2740 ρβαλος
1712 2689 1746 2728 C
1761 2689 1796 2727 P

124 2746 170 2786 ’A
172 2745 326 2799 ρβοίλου
361 2743 396 2783 Ρ
418 2744 455 2783 R
478 2744 508 2784 S
530 2743 569 2782 V
671 2788 674 2791 ⁴
788 2755 816 2792 9
858 2743 994 2795 ’.Ωρομ
1031 2741 1070 2780 R
1086 2741 1124 2780 V
1350 2754 1394 2779 ΙΙ
1441 2746 1619 2799 Τιμωνᾶς
1655 2743 1694 2782 R
1711 2743 1794 2782 SV

129 2813 177 2839 12
226 2800 379 2853 Πίγρης
417 2802 438 2840 6
478 2801 615 2839 υσελδ.
657 2797 717 2837 C.
767 2804 815 2837 Π.
859 2799 880 2837 6
926 2800 1041 2837 σελδ.
1083 2796 1140 2836 P:
1190 2797 1426 2849 Πνγρησσὸς
1473 2801 1587 2838 σελδ.
1640 2798 1678 2837 R
1702 2798 1732 2837 S
1755 2799 1794 2836 V

128 2867 177 2905 13
205 2853 466 2908 ταχιαρχέων
483 2853 517 2892 Ρ
530 2853 568 2892 R
583 2852 614 2891 S
627 2851 664 2890 V
775 2853 857 2892 οὐκ)
881 2851 920 2889 R
934 2851 971 2889 V
1087 2851 1135 2888 18
1165 2852 1202 2891 οἱ
1217 2863 1301 2890 om.
1320 2849 1360 2888 A
1376 2850 1410 2888 Β
1428 2850 1462 2888 C
1566 2851 1744 2906 ἀνάγκης
1756 2854 1791 2891 C

128 2922 178 2959 19
207 2912 249 2961 ἐξ
267 2921 348 2948 om.
371 2908 509 2949 ΑΒΕ
657 2920 705 2945 21
739 2914 864 2959 Νισυρ
869 2906 912 2948 ίω
935 2905 974 2945 R
1122 2917 1175 2945 22
1206 2900 1438 2947 Καλυδνίων
1461 2905 1511 2945 C¹
1663 2920 1714 2956 24
1744 2925 1792 2949 τε

122 2963 310 3004 ABCP
473 2975 523 3014 27
554 2962 703 3004 δὲοηι.
729 2961 768 3003 R
