2132 3340
778 103 1157 152 ΙΣΤΟΡΙΩΝ
1218 104 1239 152 1
1879 104 2057 167 IX.42

170 233 451 287 ἀπολέσθαι
489 232 695 288 πάντας.
783 234 924 299 ἡμεῖς
962 235 1131 287 τοίνυν
1171 234 1291 287 αὐτὸ
1332 239 1476 286 τοῦτο
1517 234 1841 302 ἐπιστάμενοι

170 319 280 372 οὔτε
318 321 428 383 ἴμεν
459 319 542 372 ἐπὶ
568 318 625 370 τὸ
657 318 762 384 ἱρὸν
793 324 938 370 τοῦτο
970 319 1082 372 οὔτε
1121 317 1507 388 ἐπιχειρήσομεν
1538 320 1836 387 διαρπάζειν,

168 404 347 468 ταύτης
377 424 431 456 τε
461 404 624 456 εἵνεκα
653 406 741 468 τῆς
772 405 931 467 αἰτίης
961 403 1048 455 οὐκ
1085 404 1421 469 ἀπολεόμεθα.
1509 403 1641 456 ὥστε
1677 404 1840 470 ὑμέων
1876 425 1904 467 4

169 488 284 539 ὅσοι
313 485 618 556 τυγχάνουσι
649 487 810 539 εὔνοοι
834 488 1000 541 ἐόντες
1026 486 1277 560 Πέρσῃσι,
1305 488 1487 553 ἥδεσθε
1511 493 1654 541 τοῦδε
1678 491 1840 542 εἵνεκα
1898 490 1904 495 ’

122 595 144 636 5
170 571 235 625 ὡς
258 570 639 638 περιεσομένους
657 570 812 636 ἡμέας
830 570 1111 636 Ἑλλήνων.
1175 571 1326 624 ταῦτά
1352 579 1449 639 σφι
1475 574 1616 627 εἴπας
1639 574 1841 640 δεύτερα

168 654 408 722 ἐσήμαινε
437 655 807 723 παραρτέεσθαί
834 677 888 709 τε
919 655 1081 709 πάντα
1114 656 1193 708 καὶ
1226 656 1449 723 εὐκρινέα
1478 656 1739 710 ποιέεσθαι
1775 659 1839 712 ὡς

168 740 270 805 ἅμα
291 739 449 813 ἡμέρῃ
472 749 533 814 τῇ
557 740 768 812 ἐπιούσῃ
793 744 1060 806 συμβολῆς
1092 741 1350 807 ἐσομένης.
1419 746 1592 794 τοῦτον
1615 741 1657 794 δ’
1680 742 1840 810 ἔγωγε
1876 762 1944 808 43

167 824 254 878 τὸν
283 826 530 894 χρησμόν,
557 825 644 878 τὸν
670 826 953 890 Μαρδόνιος
978 825 1087 878 εἶπε
1110 827 1161 880 ἐς
1187 825 1389 892 Πέρσας
1422 825 1573 894 ἔχειν,
1600 828 1651 881 ἐς
1676 826 1837 879 Ἰλλυ-

167 909 301 976 ριούς
330 931 384 962 τε
415 910 494 962 καὶ
524 909 610 962 τὸν
632 908 924 979 Ἐγχελέων
956 910 1172 978 στρατὸν
1203 910 1312 962 οἶδα
1341 909 1691 976 πεποιημένον,
1725 911 1841 963 ἀλλ’

103 1019 145 1044 ιο
169 993 256 1046 οὐκ
287 996 337 1049 ἐς
368 993 588 1062 Πέρσας.
678 996 811 1047 ἀλλὰ
841 997 902 1047 τὰ
931 998 1023 1062 μὲν
1056 994 1230 1048 Βάκιδι
1260 997 1310 1050 ἐς
1340 995 1522 1060 ταύτην
1552 995 1643 1060 τὴν
1671 996 1840 1066 μάχην

167 1079 279 1131 ἐστὶ
310 1078 635 1146 πεποιημένα,

334 1185 425 1249 τὴν
456 1185 497 1237 δ’
527 1185 608 1237 ἐπὶ
639 1187 960 1253 Θερμώδοντι
991 1185 1070 1238 καὶ
1100 1185 1317 1258 Ἀσωπῷ
1351 1188 1592 1259 λεχεποίῃ
1878 1206 1905 1238 2

334 1268 599 1335 Ἑλλήνων
633 1270 845 1332 σύνοδον
878 1270 956 1323 καὶ
986 1271 1393 1338 βαρβαρόφωνον
1427 1270 1585 1346 ἰυγήν,
1635 1269 1892 1339 thav-Q}

334 1356 394 1427 τῇ
426 1355 607 1407 πολλοὶ
638 1354 908 1408 πεσέονται
937 1356 1059 1423 ὑπὲρ
1083 1354 1302 1424 λάχεσίν
1330 1378 1385 1409 τε
1413 1357 1567 1423 μόρον
1597 1378 1653 1409 τε

95 1469 143 1512 ¹5
333 1439 623 1507 τοξοφόρων
654 1438 858 1505 Μήδων,
891 1441 1011 1492 ὅταν
1041 1442 1243 1506 αἴσιμον
1274 1439 1402 1508 ἦμαρ
1432 1440 1633 1513 ἐπέλθῃ,

167 1551 318 1599 ταῦτα
346 1549 438 1612 μὲν
471 1547 549 1599 καὶ
578 1546 909 1614 παραπλήσια
940 1547 1161 1599 τούτοισι
1196 1546 1331 1599 ἄλλα
1363 1549 1626 1600 Μουσαίου
1656 1547 1840 1615 ἔχοντα

167 1631 278 1683 οἶδα
329 1633 380 1685 ἐς
425 1631 646 1699 Πέρσας.
736 1633 762 1683 ὁ
808 1634 863 1684 δὲ
908 1632 1194 1699 Θερμώδων
1241 1631 1460 1697 ποταμὸς
1505 1630 1608 1699 ῥέει
1653 1630 1839 1697 μεταξὺ

167 1715 433 1783 Τανάγρης
462 1737 516 1769 τε
549 1716 626 1768 καὶ
660 1717 954 1770 Γλίσαντος.
1022 1718 1147 1782 μετὰ
1178 1718 1230 1769 δὲ
1261 1716 1351 1781 τὴν
1383 1716 1711 1783 ἐπειρώτησιν
1741 1721 1838 1767 τῶν
1875 1729 1943 1777 44

168 1805 410 1868 χρησμῶν
430 1801 510 1853 καὶ
533 1801 828 1867 παραίνεσιν
851 1822 941 1865 την
967 1802 1019 1853 ἐκ
1046 1801 1330 1868 Μαρδονίου
1355 1801 1448 1866 νύξ
1465 1823 1519 1853 τε
1544 1801 1735 1868 ἐγίνετο
1761 1800 1983 1892 naim

96 1909 144 1936 20
170 1886 219 1938 ἐς
244 1887 470 1952 φυλακὰς
496 1884 790 1938 ἐτάσσοντο.
853 1883 2132 1992 &Qodvffawffmq-ss*

170 1969 250 2021 καὶ
278 1969 462 2038 ἡσυχίη
494 1991 548 2022 τε
580 1971 746 2022 ἐδόκεε
777 1970 902 2023 εἶναι
939 1971 1034 2022 ἀνὰ
1064 1991 1126 2021 τα
1156 1971 1471 2036 στρατόπεδα
1504 1969 1583 2021 καὶ
1617 1968 1841 2035 μάλιστα

170 2056 217 2106 οἱ
241 2052 490 2120 ἄνθρωποι
514 2075 640 2107 ειναι
664 2056 717 2106 ἐν
739 2055 892 2124 ὕπνῳ,
918 2058 1184 2119 τηνικαῦτα
1207 2053 1580 2121 προσελάσας“’
1561 2075 1692 2124 ιππῳ
1718 2053 1839 2120 πρὸς

168 2139 256 2192 τὰς
287 2140 515 2206 φυλακὰς
544 2141 632 2193 τὰς
655 2137 934 2204 Ἀθηναίων
955 2136 1290 2205 Ἀλέξανδρος
1321 2140 1347 2190 ὁ
1377 2138 1646 2204 Ἀμύντεω,
1686 2159 1837 2205 στρα-

167 2223 317 2290 τηγός
339 2244 393 2276 τε
417 2224 511 2276 ἐὼν
537 2223 616 2275 καὶ
638 2222 887 2289 βασιλεὺς
907 2223 1231 2282 Μακεδόνων,
1254 2224 1444 2288 ἐδίζητο
1467 2227 1601 2276 τοῖσι
1626 2244 1837 2288 στρατη-

95 2330 143 2373 25
167 2311 307 2374 γοῖσι
342 2308 393 2361 ἐς
427 2308 610 2375 λόγους
647 2309 829 2361 ἐλθεῖν.
922 2312 1021 2360 τῶν
1057 2309 1111 2359 δὲ
1146 2306 1387 2374 φυλάκων
1423 2309 1469 2359 οἱ
1504 2310 1595 2373 μὲν
1630 2312 1840 2361 πλεῦνες
1878 2327 1904 2360 2

168 2390 459 2458 παρέμενον,
502 2394 548 2444 οἱ
591 2391 633 2443 δ’
673 2392 815 2445 ἔθεον
858 2391 941 2444 ἐπὶ
984 2391 1099 2446 τοὺς
1142 2381 1466 2459 στρατηγούς,
1510 2391 1744 2446 ἐλθόντες
1787 2394 1840 2444 δὲ

169 2475 350 2543 ἔλεγον
373 2475 438 2530 ὡς
464 2475 724 2543 ἄνθρωπος
754 2476 867 2541 ἥκοι
897 2475 975 2528 ἐπ’
1000 2477 1151 2528 ἵππου
1183 2477 1235 2527 ἐκ
1268 2480 1355 2528 τοῦ
1387 2475 1726 2543 στρατοπέδου
1755 2480 1841 2527 τοῦ

223 2626 249 2653 2
289 2618 412 2656 τοῦτο
442 2628 524 2656 orn.
560 2613 599 2652 R
618 2614 701 2654 SV
906 2626 933 2663 3
972 2614 1114 2664 ταύτηι
1147 2614 1180 2654 C
1208 2641 1211 2643 v
1392 2627 1416 2665 5
1459 2613 1744 2669 περισομένους
1774 2614 1838 2654 R:

166 2668 463 2765 ἔεριῐεῖῧίμὲνους
484 2669 574 2762 ΞΥ]
714 2671 741 2708 6
771 2669 943 2737 ἐσήμενε
965 2669 1002 2706 R
998 2724 1034 2762 R
1053 2668 1241 2763 Ξέσῦἦμηνε
1266 2669 1372 2764 SYE
1451 2683 1505 2763 Ιλ7
1538 2672 1774 2776 συμᾸβὲυἱέἣς
1796 2670 1837 2775 R)

141 2754 152 2761 -
323 2742 344 2765 v
373 2741 448 2765 ιους
886 2741 967 2764 των
1441 2743 1458 2765 ε
1492 2742 1567 2765 εων
1732 2742 1819 2765 -εον

168 2779 202 2818 C
225 2779 258 2818 P
282 2779 312 2818 S
336 2742 418 2831 [5³]
601 2790 652 2818 10
690 2777 787 2820 τάδε
816 2737 891 2829 ρ9ιὲν
927 2778 965 2816 R
991 2777 1021 2816 S
1042 2778 1080 2816 V
1250 2791 1294 2818 11
1340 2741 1436 2819 ἐσζιτίί
1466 2779 1500 2817 L
1537 2792 1713 2818 omnes:
1753 2779 1837 2818 del.

168 2833 554 2884 Schweighaeuser
685 2844 734 2871 12
765 2832 1016 2883 Θερμόδοτον
1039 2833 1078 2872 R
1215 2846 1264 2885 14
1294 2837 1431 2882 πολλῆ
1455 2835 1494 2872 R
1511 2834 1592 2873 SV
1685 2832 1840 2886 λάχεσί
1877 2851 1887 2859 ·

168 2886 268 2928 RV
460 2890 511 2928 16
553 2886 733 2930 τούτοισι
768 2900 851 2929 om.
890 2887 922 2927 S
1035 2888 1240 2929 Μουσαίου
1278 2888 1478 2927 Bekker:
1522 2889 1734 2929 Μουσαίων
1771 2888 1838 2926 R:

167 2942 410 2992 Μουσαίω(ι)
432 2943 523 2984 rell.
652 2944 700 2981 18
731 2941 953 2984 Γλισάντος
974 2941 1013 2980 Α
1029 2942 1064 2980 Β
1201 2955 1251 2993 19
1281 2942 1446 2995 ἐγένετο
1470 2942 1500 2982 S
1634 2957 1687 2982 20
1715 2957 1838 2996 wpooffi'

167 2999 345 3048 ελήλατο
367 2998 406 3037 R
421 2998 451 3038 S
465 2997 502 3037 V
678 3010 728 3037 21
762 3015 808 3038 τε
829 3010 911 3037 om.
935 2997 975 3035 A
990 2997 1024 3035 B
1038 2998 1071 3036 C
1092 2997 1125 3036 P
1308 3011 1360 3048 23
1391 2998 1572 3050 φυλακὰς
1595 3003 1677 3039 τῶν
1697 2998 1781 3039 Ἀθ.
1806 2997 1840 3036 Ρ
