2132 3340
4 67 124 118 VII.
155 81 262 130 209

167 465 260 501 210

0 2216 174 2264 mnu<

180 1307 258 1342 211

916 63 1344 113 ΗΡΟΔΟΤΟΤ

302 195 544 261 ἐπειρώτα
574 196 744 247 ὅντινα
772 194 958 262 τρόπον
988 199 1221 246 τοσοῦτοι
1251 195 1416 249 ἐόντες
1445 196 1504 267 τῇ
1538 198 1720 248 ἑωυτοῦ
1751 203 1960 270 στρατιῇ

298 278 629 347 μαχήσονται.
717 280 744 329 ὁ
787 281 839 331 δὲ
864 279 1009 345 εἶπε·
1047 277 1122 329 Ὦ
1165 284 1401 344 βασιλεῦ,
1449 281 1557 345 ἐμοὶ
1614 283 1836 348 χρᾶσθαι
1894 281 1960 335 ὦς

299 363 438 430 ἀνδρὶ
467 363 685 435 ψεύστῃ,
716 359 777 427 ἢν
817 362 883 428 μὴ
925 362 1077 414 ταῦτά
1116 384 1194 414 τοι
1233 363 1385 435 ταύτῃ
1428 364 1553 435 ἐκβῇ
1586 365 1644 435 τῇ
1678 364 1776 431 ἐγὼ
1804 362 1955 432 λέγω.

297 452 450 498 ταῦτα
493 445 657 514 λέγων
702 448 788 499 οὐκ
833 447 998 499 ἔπειθε
1042 446 1127 499 τὸν
1176 446 1383 514 Ξέρξην.
1469 437 1714 515 τέσσερας
1764 451 1856 514 μὲν
1900 447 1958 514 δὴ

297 535 485 597 παρῆκε
516 530 715 598 ἡμέρας,
751 532 965 595 ἐλπίζων
996 532 1096 583 αἰεί
1124 538 1287 599 σφεας
1323 530 1715 599 ἀποδρήσεσθαν
1761 531 1958 603 πέμπτῃ

297 614 367 674 δέ,
412 615 477 668 ὡς
516 615 602 667 οὐκ
644 614 1038 668 ἀπαλλάσσοντο
1080 614 1214 667 ἀλλά
1245 617 1292 667 οἱ
1333 617 1601 683 ἐφαίνοντο
1642 617 1861 688 ἀναιδείῃ
1906 638 1960 670 τε

300 699 378 751 καὶ
402 701 621 771 ἀβουλίῃ
646 700 1004 768 διαχρεώμενοι
1027 699 1210 765 μένειν,
1239 698 1422 765 πέμπει
1446 699 1523 752 ἐπ’
1547 699 1725 754 αὐτοὺς
1756 699 1960 766 Μήδου-ς

298 804 353 835 τε
383 784 463 836 καὶ
496 784 742 838 Κισσίους
767 785 1022 849 θυμωθείς,
1052 782 1397 849 ἐντειλάμενός
1421 791 1584 853 σφεας
1610 783 1959 852 ζωγρήσαντας

298 867 439 934 ἄγειν
476 870 525 921 ἐς
555 870 678 935 ὄψιν
718 867 809 932 τὴν
840 872 1035 920 ἑωυτοῦ.
1128 867 1193 921 ὣς
1233 867 1276 919 δ’
1309 867 1560 921 ἐσέπεσον
1601 869 1870 936 φερόμενοι
1909 871 1960 924 ἐς

297 951 411 1005 τοὺς
425 950 685 1017 “Ελληνας
710 955 755 1004 οἱ
781 956 960 1017 Μῆδοι,
988 951 1196 1005 ἔπιπτον
1213 954 1412 1012 πολλοί,
1433 951 1583 1005 ἄλλοι
1601 952 1642 1005 δ’
1661 951 1956 1019 ἐπεσήισαν,

299 1037 378 1088 καὶ
407 1035 494 1087 οὐκ
527 1035 813 1101 ἀπήλαυνον
846 1037 1018 1103 καίπερ
1046 1035 1718 1109 μεγάλωῦτιροσπταίοντες.
1804 1040 1959 1103 δῆλον

298 1119 340 1171 δ’
364 1121 560 1172 ἐποίευν
584 1121 736 1173 παντί
755 1143 847 1191 τεῳ
874 1121 953 1172 καὶ
976 1120 1062 1172 οὐκ
1086 1121 1267 1185 ἥκιστα
1292 1121 1419 1192 αὐτῷ
1442 1120 1654 1186 βασιλέϊ
1675 1123 1752 1174 ὅτι
1775 1122 1959 1174 πολλοὶ

298 1206 389 1268 μὲν
420 1203 671 1271 ἄνθρωποι
703 1206 817 1264 εἶεν,
853 1205 1017 1272 ὀλίγοι
1048 1208 1102 1257 δὲ
1133 1204 1320 1271 ἄνδρες.
1369 1205 1560 1272 ἐγίνετο
1590 1208 1642 1257 δὲ
1665 1205 1694 1270 ἡ
1720 1205 1956 1271 συμβολὴ

296 1288 357 1339 δι’
409 1287 607 1355 ἡμέρης.
697 1291 861 1341 ἐπείτε
911 1292 965 1341 δὲ
1015 1292 1062 1342 οἱ
1122 1292 1287 1354 Μῆδοι
1346 1288 1567 1357 τρηχέως
1626 1291 1955 1356 περιείποντο,

297 1374 507 1424 ἐνθαῦτα
550 1373 687 1424 οὗτοι
729 1376 820 1438 μὲν
863 1372 1158 1437 ὑπεξήισαν,
1206 1375 1253 1425 οἱ
1301 1376 1354 1425 δὲ
1400 1372 1598 1440 Πέρσαι
1643 1372 1958 1438 ἐκδεξάμενοι

296 1454 526 1520 ἐπήισαν,
551 1456 665 1511 τοὺς
695 1456 968 1511 ἀθανάτους
999 1455 1174 1509 ἐκάλεε
1205 1458 1466 1522 βασιλεύς,
1500 1461 1598 1508 τῶν
1627 1456 1750 1525 ἦρχε
1778 1456 1955 1524 “Ύδάρ-

296 1561 399 1604 νης,
434 1540 499 1595 ὡς
529 1540 585 1605 δὴ
624 1541 763 1594 οὗτοί
794 1563 853 1608 γε
884 1540 1123 1594 εὐπετέως
1161 1541 1597 1608 κατεργασόμενοι.
1688 1540 1752 1594 ὡς
1788 1543 1841 1593 δὲ
1877 1542 1958 1593 καὶ

296 1624 432 1676 οὗτοι
463 1624 768 1692 συνέμισγον
799 1630 933 1678 τοῖσι
948 1624 1200 1690 ’“Ἐλλησι,
1234 1626 1376 1678 οὐδὲν
1408 1624 1564 1677 πλέον
1601 1623 1840 1692 ἐφέροντο
1869 1627 1957 1690 τῆς

297 1712 530 1774 στρατιῆς
560 1712 647 1773 τῆς
679 1712 903 1774 Μηδικῆς
934 1711 1069 1761 ἀλλὰ
1099 1710 1160 1760 τὰ
1191 1708 1328 1768 αὐτά,
1363 1709 1449 1761 ἅτε
1482 1710 1536 1761 ἐν
1567 1709 1871 1779 στεινοπόρῳ
1902 1730 1957 1762 τε

295 1788 478 1865 [χώρῳ]
507 1794 783 1861 μαχόμενοι
815 1793 892 1845 καὶ
922 1794 1098 1860 δόρασι
1127 1792 1487 1862 βραχυτέροισι
1516 1793 1789 1862 χρεώμενοι
1810 1792 1842 1858 ἥ
1864 1814 1956 1861 περ

295 1878 341 1927 οἱ
362 1874 615 1941 *Έλληνες
646 1877 724 1929 καὶ
756 1877 841 1928 οὐκ
872 1877 1074 1945 ἔχοντες
1105 1876 1287 1942 πλήθεϊ
1318 1875 1624 1945 χρήσασθαι.
1710 1880 1952 1930 Λακεδαι-

293 1960 456 2024 μόνιοι
486 1963 539 2013 δὲ
569 1959 816 2029 ἐμάχοντο
847 1961 995 2025 ἀξίως
1017 1962 1189 2028 λόγου,
1217 1961 1351 2012 ἄλλα
1380 1983 1433 2013 τε
1465 1961 1870 2027 ἀποδεικνύμενοι
1901 1963 1964 2013 ἐν·

293 2043 381 2093 οὐκ
415 2044 793 2110 ἐπισταμένοισι
821 2044 1075 2113 μάχεσθαι
1107 2044 1501 2111 ἐξεπιστάμενοι,
1537 2046 1616 2097 καὶ
1639 2046 1764 2099 ὅκως
1786 2043 1951 2112 ἐντρέ-

292 2131 446 2193 ψειαν
490 2130 550 2180 τὰ
593 2134 739 2188 νῶτα,
786 2128 932 2183 ἁλέες
976 2129 1259 2196 φεύγεσκον
1304 2132 1466 2194 δῆθεν,
1514 2131 1561 2181 οἱ
1605 2131 1658 2180 δὲ
1700 2127 1955 2196 βάρβαροι

294 2211 503 2278 ὁρῶντες
544 2213 823 2279 φεύγοντας
862 2220 963 2286 βοῇ
1002 2235 1056 2266 τε
1098 2214 1177 2265 καὶ
1217 2212 1422 2282 πατάγῳ
1463 2211 1694 2278 ἐπήισαν,
1728 2215 1774 2264 οἱ
1814 2212 1856 2263 δ’
1892 2210 1954 2264 ἂν

0 2302 224 2397 w
295 2298 794 2362 καταλαμβανόμενοι
813 2296 1130 2365 ὑπέστρεφον
1151 2298 1310 2349 ἀντίοι
1331 2297 1454 2349 εἶναι
1473 2301 1607 2348 τοῖσι
1624 2295 1951 2363 βαρβάροισι,

0 2404 270 2488 unt-3332:
292 2382 753 2447 μεταστρεφόμενοι
791 2383 844 2433 δὲ
882 2379 1202 2445 κατέβαλλον
1244 2379 1425 2447 πλήθεϊ
1465 2378 1818 2447 ἀναριθμήτους
1857 2384 1955 2431 τῶν

347 2531 373 2568 3
416 2518 819 2612 ἢνέ..ᾸαΙύΞτὲΙ;3η1.
858 2518 913 2590 ᾼῙ
957 2573 1048 2613 RV
1080 2536 1143 2559 τοι
1177 2531 1259 2558 om.
1300 2518 1444 2589 RSV
1517 2516 1679 2612 Rsz'ff]
1721 2520 1772 2559 ὡς
1812 2516 1955 2610 Ῑὸἶὸν

292 2586 332 2665 Ϊςῖ
348 2578 555 2678 ξαῧεξηκὲ
583 2626 781 2668 ἐπέπεσον
800 2628 838 2666 R
854 2574 935 2667 SaV
1041 2641 1089 2667 10
1110 2586 1495 2675 ἐπεσήΙεσὶεζιιςιεῗῖμὲνῧι
1608 2639 1651 2664 11
1678 2580 1953 2667 ἀπελαύνοῖΐιει

291 2681 378 2719 ΛΒ
396 2682 428 2719 C
445 2682 477 2719 P
674 2695 722 2720 12
752 2683 807 2733 δ’]
832 2683 879 2731 δὴ
904 2682 994 2720 RV
1184 2693 1232 2730 14
1263 2680 1307 2722 δὲ
1329 2694 1408 2720 om.
1434 2681 1467 2719 C
1654 2692 1702 2729 15
1733 2680 1953 2733 ἐπεξήεσαν

295 2735 333 2773 R
349 2736 378 2773 S
393 2736 431 2773 V
559 2738 608 2774 16
637 2737 815 2785 ἐπήεσαν
837 2736 876 2774 R
893 2736 922 2775 S
943 2750 952 2775 :
983 2736 1178 2784 ἐποίησαν
1197 2737 1234 2773 V
1345 2735 1532 2789 ’Ὑρδάνης
1554 2734 1592 2772 R
1608 2734 1638 2773 S
1651 2734 1688 2772 V
1790 2747 1849 2785 ‘19
1877 2738 1951 2783 τῆς

293 2792 472 2837 Μηδικῆς
491 2821 498 2828 .
519 2820 529 2829 .
547 2821 554 2829 .
574 2791 639 2831 καὶ
660 2803 740 2830 om.
763 2790 797 2828 C
910 2808 956 2831 τε
978 2792 1098 2843 χώρῳ
1119 2803 1200 2829 om.
1229 2790 1267 2828 R
1283 2790 1313 2829 S
1328 2790 1365 2828 V
1502 2802 1555 2827 20
1581 2787 1860 2841 μακροτέροισι
1882 2788 1921 2826 R
1940 2802 1950 2827 ε

290 2859 397 2895 μικρ.
434 2844 464 2882 S
485 2844 520 2882 V
742 2858 789 2883 21
836 2845 1010 2894 πλήθεσι
1042 2844 1083 2882 Α
1104 2845 1137 2882 Β
1161 2845 1195 2883 C
1422 2855 1474 2893 25
1515 2846 1682 2896 ὁρῶντες
1714 2842 1748 2880 C
1781 2855 1949 2892 quoque

292 2897 486 2950 παττάγω
509 2897 548 2936 R
563 2898 601 2937 V
762 2912 814 2948 27
845 2898 1076 2946 κατέλαβον
1097 2899 1126 2938 S
1141 2899 1178 2936 V

1983 556 2006 597 5

1986 975 2035 1005 10

1985 1393 2032 1434 15

1982 1811 2034 1841 20

1979 2229 1999 2258 2
2005 2229 2029 2271 5
2099 2262 2101 2265 v
