2132 3340
116 70 202 119 IX.
230 73 300 132 64

224 1211 301 1258 66

949 70 1388 149 'HPOAOTQT

309 201 396 252 >ἐν
439 198 642 272 Σπάρτῃ
689 201 916 267 λογίμου,
962 198 1018 255 ὃς
1064 202 1227 271 χρόνῳ
1274 202 1484 268 ὕστερον
1528 204 1653 267 μετὰ
1697 204 1759 254 τᾶ
1805 206 2006 269 Μηδικὰ

341 286 474 353 ἔχων
503 284 683 351 ἄνδρας
713 286 1024 352 τριηκοσίους
1061 285 1316 351 συνέβαλε
1349 288 1401 338 ἐν
1433 285 1754 357 Στενυκλήρῳ
1785 287 2006 354 πολέμου

342 370 512 422 ἐόντος
565 371 911 434 Μεσσηνίοισι
961 373 1088 421 πᾶσι
1140 371 1219 422 καὶ
1269 371 1414 423 αὐτός
1461 393 1515 423 τε
1565 370 1782 435 ἀπέθανε
1834 372 1912 423 καὶ
1958 375 2007 425 οὗ

336 453 631 520 τριηκόσιοι.
720 454 774 505 ἐν
803 456 857 506 δὲ
890 455 1179 526 Πλαταιῇσι
1209 457 1254 507 οἱ
1287 454 1484 521 Πέρσαι
1515 454 1580 509 ὣς
1611 454 1881 522 ἐτράποντο
1910 455 2005 508 ὑπὸ

340 542 438 590 τῶν
473 540 890 603 Λακεδαιμονίων,
930 539 1146 606 ἔφευγον
1182 539 1357 591 οὐδένα
1393 539 1582 604 κόσμον
1616 541 1667 593 ἐς
1701 539 1757 590 τὸ
1794 541 2002 607 στρατό-

341 626 491 675 πεδον
520 626 577 673 τὸ
609 626 802 674 ἑωυτῶν
826 624 906 675 καὶ
936 624 987 677 ἐς
1017 623 1074 675 τὸ
1103 629 1270 692 τεῖχος
1299 622 1356 675 τὸ
1385 621 1586 687 ξύλινον
1617 627 1672 675 τὸ
1703 622 2005 689 ἐποιήσαντο·

340 707 395 758 ἐν
415 708 562 778 μοίρῃ
584 708 642 779 τῇ
670 705 910 772 Θηβαΐδι.
978 711 1117 773 θῶμα
1140 707 1194 759 δέ
1222 730 1306 773 μοι
1328 708 1453 761 ὅκως
1477 710 1609 774 παρὰ
1632 711 1719 773 τῆς
1745 706 2006 776 Δήμητρος

338 795 396 842 τὸ
441 789 599 845 ἄλσος
641 791 939 860 μαχομένων
983 792 1096 844 οὐδὲ
1123 793 1210 846 κεἷς
1257 791 1418 860 ἐφάνη
1464 797 1563 844 τῶν
1608 791 1851 859 Περσέων
1894 793 2007 846 οὔτε

340 876 566 928 ἐσελθὼν
597 877 648 930 ἐς
679 875 735 927 τὸ
766 874 970 941 τέμενος
1001 877 1115 928 οὔτε
1145 876 1480 935 ἐναποθανών,
1511 878 1630 942 περί
1654 898 1708 928 τε
1735 876 1792 928 τὸ
1825 876 1929 944 ἱρὸν
1959 879 2005 930 οἱ

340 964 572 1013 πλεῖστοι
603 961 657 1013 ἐν
687 965 754 1031 τῷ
785 959 999 1031 βεβήλῳ
1037 961 1239 1013 ἔπεσον.
1328 958 1481 1013 δοκέω
1511 959 1581 1020 δέ,
1617 962 1663 1012 εἴ
1689 982 1736 1012 τι
1765 961 1877 1028 περὶ
1906 966 2004 1014 τῶν

341 1047 486 1097 θείων
508 1044 812 1112 πρηγμάτων
836 1043 1025 1097 δοκέειν
1056 1049 1144 1104 δεῖ,
1169 1046 1198 1110 ἡ
1225 1045 1336 1099 θεὸς
1359 1043 1479 1110 αὐτή
1505 1052 1670 1112 σφεας
1693 1045 1779 1096 οὐκ
1804 1043 2005 1098 ,ἐδέκετο

290 1143 297 1149 ·
341 1127 692 1196 ἐμπρήσαντας
722 1126 796 1195 [τὸ
830 1126 953 1197 ἱρὸν]
982 1129 1040 1182 τὸ
1072 1131 1127 1182 ἐν
1155 1129 1414 1182 Ἐλευσῖνι
1445 1129 1733 1196 ἆνάιΞ-ορον.

427 1216 558 1279 Αὕτη
588 1214 681 1279 μέν
711 1235 797 1266 νυν
829 1215 858 1279 ἡ
890 1213 1024 1283 μάχη
1058 1214 1138 1267 ἐπὶ
1169 1219 1410 1266 τοσοῦτον
1434 1213 1648 1281 ἐγένετο·
1695 1214 2006 1281 Ἀρτάβαζος

341 1301 394 1350 δὲ
425 1299 452 1348 ὁ
482 1298 769 1365 Φαρνάκεος
808 1299 979 1350 αὐτίκα
1014 1321 1069 1351 τε
1104 1298 1191 1350 οὐκ
1227 1298 1467 1366 ἠρέσκετο
1508 1298 1610 1350 κατ’
1641 1300 1797 1366 ἀρχᾶς
1832 1306 2002 1351 λειπο-

339 1382 488 1448 μένου
521 1382 815 1449 Μαρδονίου
837 1383 936 1435 ἀπὸ
959 1383 1221 1447 βασιλέος,
1248 1384 1326 1435 καὶ
1356 1384 1469 1436 τότε
1492 1385 1661 1436 πολλὰ
1683 1383 2004 1450 ἀπαγορεύων

343 1468 485 1520 οὐδὲν
514 1466 648 1533 ἤνυε,
684 1466 1004 1533 συμβάλλειν
1035 1469 1123 1521 οὐκ
1159 1470 1271 1520 ἐῶν·
1318 1467 1527 1533 ἐποίησέ
1563 1489 1619 1520 τε
1654 1467 1800 1521 αὐτὸς
1838 1466 2004 1520 τοιάδε

343 1552 407 1606 ὡς
451 1552 538 1604 οὐκ
583 1553 918 1619 ἀρεσκόμενος
961 1557 1096 1604 τοῖσι
1140 1551 1399 1620 πρήγμασι
1443 1556 1578 1604 τοῖσι
1621 1554 1673 1604 ἐκ
1721 1553 2004 1618 Μαρδονίου

342 1636 696 1703 ποιευμένοισι.
765 1642 864 1689 τῶν
883 1635 1190 1704 ἐστρατήγεε
1208 1639 1235 1688 ὁ
1254 1636 1565 1704 Ἀρτάβαζος
1581 1636 1708 1704 (εἶχε
1728 1639 1782 1688 δὲ
1799 1636 2004 1702 δύναμιν

343 1721 429 1773 οὐκ
459 1722 636 1790 ὀλίγην
668 1723 802 1773 ἀλλὰ
835 1722 913 1773 καὶ
953 1724 1004 1776 ἐς
1033 1721 1278 1789 τέσσερας
1313 1720 1550 1788 μυριάδας
1587 1721 1860 1787 ἀνθρώπων
1892 1720 2004 1788 περὶ

344 1805 559 1867 ἑωυτόν),
584 1806 801 1870 τούτους,
829 1806 956 1860 ὅκως
979 1806 1009 1871 ἡ
1035 1805 1271 1871 συμβολὴ
1299 1807 1506 1872 ἐγίνετο,
1533 1805 1586 1857 εὖ
1615 1803 2004 1870 ἐξεπιστάμενος

341 1893 402 1942 τὰ
427 1891 608 1957 ἔμελλε
633 1890 993 1956 ἀποβήσεσθαι
1017 1889 1115 1942 ἀπὸ
1137 1893 1225 1955 τῆς
1246 1889 1428 1958 μάχης,
1455 1888 1545 1957 ἦγε
1570 1888 2000 1956 κατηρτισμένους,

342 1977 683 2043 παραγγείλας
716 1976 839 2026 κατὰ
862 1975 1017 2027 τώυτὸ
1051 1974 1177 2027 ἰέναι
1206 1974 1394 2028 πάντας
1415 1981 1475 2046 τῇ
1499 1972 1560 2025 ἂν
1583 1972 1728 2027 αὐτὸς
1751 1971 2001 2040 ἐξηγῆται,

343 2061 469 2114 ὅκως
498 2060 559 2111 ἂν
591 2059 739 2110 αὐτὸν
773 2060 925 2126 ὁρῶσι
959 2062 1179 2123 σπουδῆς
1209 2059 1405 2126 ἔχοντα.
1481 2063 1634 2109 ταῦτα
1664 2051 2003 2124 παραγγείλας

344 2144 407 2197 ὡς
437 2146 489 2196 ἐς
518 2143 685 2211 μάχην
716 2143 807 2210 ἦγε
839 2146 986 2208 δῆθεν
1010 2143 1098 2195 τὸν
1122 2144 1355 2211 στρατόν·
1400 2141 1680 2209 προτερέων
1702 2144 1753 2193 δὲ
1777 2144 1866 2206 τῆς
1889 2143 2004 2192 ὁδοῦ

343 2228 445 2294 ὥρα
498 2228 579 2286 καὶ
627 2227 685 2292 δὴ
740 2228 1018 2295 φεύγοντας
1070 2227 1183 2281 τοὺς
1236 2226 1454 2294 Πέρσας.
1542 2227 1668 2278 οὕτω
1724 2225 1781 2290 δὴ
1841 2224 2002 2277 οὐκέτι

299 2334 302 2346 ¹
343 2311 430 2365 τὸν
460 2312 606 2364 αὐτὸν
645 2313 834 2378 κόσμον
873 2311 1154 2379 κατηγέετο,
1188 2312 1322 2363 ἀλλὰ
1357 2310 1448 2375 τὴν
1487 2312 1732 2378 ταχίστην
1767 2310 2004 2378 ἐτρόχαζε

400 2463 426 2489 2
456 2448 687 2496 συνέβαλλε
710 2449 744 2488 C
870 2461 896 2499 3
927 2449 1164 2498 Μεσηνίοισι
1188 2448 1222 2487 C
1240 2447 1270 2487 S
1283 2448 1322 2487 V
1444 2461 1470 2498 4
1500 2447 1788 2499 Πλαταίη(ι)σι
1809 2446 1897 2486 ΑΒ
1915 2430 2005 2486 RV

345 2516 370 2554 5
401 2504 443 2546 ἔς
460 2503 543 2557 (τε)
564 2503 686 2543 Stein
853 2505 881 2542 6
911 2505 1059 2544 ἑωυτὸν
1081 2503 1172 2542 RV
1333 2517 1361 2554 9
1388 2504 1475 2553 περὶ
1496 2503 1545 2543 τὸ
1563 2501 1663 2555 ἱρόν·
1691 2504 1728 2543 οἱ
1751 2502 1791 2543 δὲ
1813 2505 2002 2547 πλεῖστοι

347 2559 381 2598 Ρ
396 2560 435 2599 R
450 2559 533 2599 SV
756 2571 800 2596 11
835 2561 967 2599 δοκεῖν
986 2558 1025 2596 Α
1181 2557 1344 2609 ἐδέξατο
1365 2557 1399 2596 C
1414 2557 1447 2595 P
1665 2569 1713 2595 12
1743 2558 1791 2597 τὸ
1812 2558 1894 2608 ἱρὸν
1915 2556 1997 2598 del.

344 2614 610 2654 Valckenaer
719 2614 944 2662 Ἐλευσΐνοι
967 2612 1007 2650 R
1133 2612 1367 2665 ἀνακτόρων
1389 2611 1440 2650 Pc
1455 2612 1492 2650 R
1507 2611 1538 2650 S
1550 2611 1589 2649 V
1692 2622 1695 2626 ’
1751 2623 1799 2661 13
1828 2613 2001 2651 τοσοῦτο

344 2668 384 2706 Α
399 2668 434 2706 Β
450 2668 534 2708 CP
703 2680 750 2718 14
779 2666 987 2721 Φαρνάκεω
1011 2666 1045 2705 C
1188 2678 1236 2715 15
1267 2668 1341 2706 ὑπὸ
1364 2666 1633 2705 Herwerden
1793 2666 1841 2703 18
1871 2668 1892 2705 ὁ
1915 2677 1997 2703 om.

345 2723 383 2761 A
398 2723 432 2761 B
447 2723 481 2761 C
663 2735 712 2773 19
741 2721 943 2774 τέσσαρας
963 2721 1000 2759 Α
1017 2721 1049 2759 C
1065 2721 1104 2759 R
1117 2721 1156 2759 V
1313 2734 1367 2759 20
1395 2720 1517 2760 αὐτόν
1539 2719 1577 2757 R
1592 2719 1622 2757 S
1636 2718 1672 2757 V
1836 2718 2000 2770 ἐγένετο

345 2778 380 2816 C
396 2778 432 2816 R
450 2777 531 2817 SV
696 2790 743 2815 21
776 2779 838 2825 ἥΐε
859 2776 898 2814 Α
912 2775 946 2814 Β
963 2775 996 2814 C
1142 2774 1483 2827 κατηρτισμένους
1501 2772 1552 2810 V¹
1575 2780 1619 2811 ut
1639 2774 1721 2812 vid.
1745 2787 1754 2812 :
1784 2772 2001 2822 -τισμένως

349 2832 387 2870 R
401 2832 456 2871 Vc
475 2846 484 2871 :
514 2830 719 2882 -τισμένος
744 2831 774 2869 S
794 2845 803 2870 ε
835 2829 1035 2879 -τημένως
1053 2828 1093 2867 Α
1109 2829 1142 2867 Β
1164 2843 1172 2867 :
1204 2828 1392 2879 -τημένος
1413 2829 1446 2866 C
1460 2829 1493 2866 P
1631 2839 1682 2865 22
1711 2827 1802 2868 κατ’
1822 2828 1919 2868 αὐτὸ
1940 2826 2001 2865 P:

346 2887 450 2927 κατὰ
471 2889 592 2926 τοῦτο
616 2885 655 2924 R
670 2885 700 2925 S
715 2885 750 2924 V
835 2883 1046 2935 ἐξηγέηται
1071 2883 1110 2921 R
1126 2883 1156 2922 S
1170 2883 1207 2921 V
1325 2895 1376 2932 23
1406 2884 1454 2923 ἂν
1473 2895 1555 2921 om.
1580 2882 1619 2921 R
1635 2882 1665 2920 S
1679 2881 1716 2919 V
1825 2892 1878 2930 24
1907 2896 1998 2934 προ·

346 2939 490 2994 τερέως
509 2940 543 2979 C
656 2951 709 2989 25
738 2941 823 2993 ὁρᾶι
843 2939 883 2976 Α
898 2938 932 2976 Β
947 2937 981 2977 C

2028 565 2051 605 5

2031 984 2081 1014 10

2031 1404 2078 1446 15

2029 1824 2079 1854 20

2028 2243 2076 2285 25
