2138 3360
905 447 1265 509 ΙΣΤΟΡΙΩΝ
1339 454 1381 505 Ζ

245 642 268 678 1
389 624 754 692 Ἀρισταγόρης
787 623 879 689 μέν
916 645 1005 676 νυν
1036 623 1228 689 Ἰωνίην
1263 621 1557 687 ἀποστήσας
1593 623 1720 674 οὕτω
1750 628 1971 694 τελευτᾷ,

303 710 541 763 Ἱστιαῖος
577 711 630 760 δὲ
661 709 687 758 ὁ
719 706 948 773 Μιλήτου
989 708 1225 775 τύραννος
1266 706 1589 773 μεμετιμένος
1625 705 1720 758 ὑπὸ
1763 699 1976 774 Δαρείου

306 796 467 861 παρῆν
521 795 569 846 ἐς
623 791 815 859 Σάρδις.
905 791 1180 859 ἀπιγμένον
1229 795 1282 844 δὲ
1327 790 1474 843 αὐτὸν
1519 792 1573 842 ἐκ
1627 794 1724 863 τῶν
1769 790 1976 843 Σούσων

309 880 466 946 εἴρετο
497 875 837 943 Ἀρταφρένης
862 877 887 926 ὁ
912 877 1137 942 Σαρδίων
1166 877 1387 944 ὕπαρχος
1423 877 1545 927 κατὰ
1580 875 1714 926 κοῖόν
1737 895 1785 925 τι
1815 873 1977 926 δοκέοι

300 961 479 1014 Ἴωνας
514 959 808 1012 ἀπεστάναι·
865 962 890 1010 ὁ
929 963 982 1012 δὲ
1030 961 1143 1012 οὔτε
1191 959 1372 1012 εἰδέναι
1416 959 1512 1026 ἔφη
1563 956 1781 1024 ἐθώμαζέ
1821 979 1878 1011 τε
1919 957 1976 1010 τὸ
2003 975 2026 1017 5

307 1044 516 1114 γεγονὸς
548 1045 611 1098 ὣς
642 1044 783 1096 οὐδὲν
814 1047 961 1109 δῆθεν
986 1049 1083 1096 τῶν
1118 1045 1405 1111 παρεόντων
1436 1042 1736 1111 πρηγμάτων
1769 1041 1972 1095 ἐπιστά-

245 1151 270 1185 2
307 1151 469 1196 μενος.
559 1130 585 1179 ὁ
633 1131 686 1181 δὲ
733 1127 1074 1195 Ἀρταφρένης
1129 1130 1257 1195 ὁρῶν
1308 1127 1457 1180 αὑτὸν
1505 1126 1806 1196 τεχνάζοντα
1853 1124 1974 1185 εἶπε,

311 1215 452 1268 εἰδὼς
490 1212 581 1277 τὴν
621 1213 875 1279 ἀτρεκείην
915 1216 1003 1277 τῆς
1047 1211 1374 1267 ἀποστάσιος·
1438 1213 1584 1263 Οὕτω
1626 1233 1718 1270 τοι,
1755 1210 1976 1270 Ἱστιαῖε,

312 1299 421 1367 ἔχει
451 1298 575 1349 κατὰ
604 1302 758 1349 ταῦτα
785 1299 846 1348 τὰ
883 1295 1162 1365 πρήγματα·
1209 1302 1353 1349 τοῦτο
1389 1295 1445 1348 τὸ
1491 1297 1719 1361 ὑπόδημα
1759 1296 1981 1363 ἔρραψας

244 1400 277 1437 2
312 1386 404 1449 μὲν
455 1381 535 1440 σύ,
588 1379 871 1446 ὑπεδήσατο
927 1384 980 1433 δὲ
1030 1381 1407 1448 Ἀρισταγόρης.
1497 1379 1838 1447 Ἀρταφρένης
1889 1382 1981 1445 μὲν
2010 1395 2057 1423 10

313 1471 466 1519 ταῦτα
506 1467 556 1519 ἐς
599 1465 688 1530 τὴν
728 1466 1014 1518 ἀπόστασιν
1056 1465 1239 1533 ἔχοντα
1283 1466 1406 1524 εἶπε,
1438 1463 1673 1518 Ἱστιαῖος
1718 1466 1771 1516 δὲ
1811 1465 1981 1518 δείσας

315 1552 380 1604 ὡς
411 1548 644 1602 συνιέντα
673 1548 1015 1617 Ἀρταφρένεα
1035 1548 1130 1602 ὑπὸ
1153 1549 1243 1614 τὴν
1268 1550 1465 1617 πρώτην
1498 1551 1810 1602 ἐπελθοῦσαν
1833 1548 1983 1622 νύκτα

316 1634 499 1702 ἀπέδρη
546 1635 627 1687 ἐπὶ
671 1633 954 1693 θάλασσαν,
1001 1633 1226 1699 βασιλέα
1275 1637 1490 1700 Δαρεῖον
1536 1631 1867 1698 ἐξηπατηκώς·
1928 1631 1983 1686 ὃς

316 1719 488 1787 Σαρδὼ
538 1721 696 1783 νῆσον
742 1717 831 1783 τὴν
877 1719 1122 1784 μεγίστην
1171 1716 1535 1783 ὑποδεξάμενος
1587 1716 1984 1785 κατεργάσεσθαι

315 1803 525 1856 ὑπέδυνε
543 1808 641 1855 τῶν
660 1802 844 1854 ’[ὥνων
861 1801 950 1866 τὴν
969 1803 1236 1869 ἡγεμονίην
1256 1807 1343 1854 τοῦ
1369 1801 1490 1869 πρὸς
1512 1806 1725 1869 Δαρεῖον
1744 1800 1981 1867 πολέμου.
2012 1817 2058 1858 15

253 1908 279 1939 2
319 1890 499 1953 διαβὰς
544 1890 597 1938 δὲ
643 1888 692 1940 ἐς
737 1887 861 1938 Χίον
907 1885 1047 1951 ἐδέθη
1080 1886 1188 1939 ’ὑπὸ
1238 1886 1392 1945 Χίων,
1447 1887 1816 1953 καταγνωσθεὶς
1863 1884 1984 1952 πρὸς

320 1971 481 2024 αὐτῶν
517 1971 730 2037 νεώτερα
766 1969 1016 2038 πρήσσειν
1056 1968 1321 2037 πρήγματα
1370 1972 1421 2024 ἐς
1457 1970 1631 2024 αὐτοὺς
1668 1972 1720 2021 ἐκ
1754 1970 1982 2037 Δαρείου.

320 2056 562 2129 μαθόντες
600 2053 770 2119 μέντοι
800 2056 846 2106 οἱ
882 2058 998 2106 Χῖοι
1028 2054 1115 2106 τὸν
1148 2054 1311 2106 πάντα
1338 2056 1510 2122 λόγον,
1549 2054 1614 2108 ὡς
1642 2052 1880 2119 πολέμιος
1910 2054 1984 2117 εἴη

253 2152 286 2199 3
323 2138 548 2204 βασιλέϊ,
583 2139 771 2191 ἔλυσαν
801 2137 963 2190 αὐτόν.
1055 2139 1265 2190 ἐνθαῦτα
1301 2138 1359 2203 δὴ
1394 2139 1727 2205 εἰρωτώμενος
1764 2137 1860 2190 ὑπὸ
1888 2141 1986 2197 τῶν

323 2223 504 2275 Ἰώνων
536 2224 562 2273 ὁ
591 2222 829 2276 Ἱστιαῖος
866 2221 969 2273 κατ’
1001 2223 1029 2272 ὅ
1057 2243 1104 2274 τι
1139 2223 1401 2289 προθύμως
1439 2224 1593 2275 οὕτως
1631 2221 1891 2274 ἐπέστειλε
1918 2225 1985 2290 τῷ
2013 2243 2062 2272 20

323 2306 659 2376 Ἀρισταγόρῃ
691 2307 999 2358 ἀπίστασθαι
1030 2305 1127 2357 ἀπὸ
1159 2306 1405 2370 βασιλέος
1443 2306 1521 2358 καὶ
1562 2306 1712 2358 κακὸν
1747 2310 1987 2356 τοσοῦτον

327 2392 400 2455 εἴη
422 2389 601 2443 Ἴωνας
637 2388 1017 2455 ἐξεργασμένος,
1050 2389 1140 2454 τὴν
1171 2392 1263 2454 μὲν
1298 2388 1581 2456 γενομένην,
1603 2390 1797 2442 αὐτοῖσι
1828 2389 1988 2452 αἰτίην

327 2474 384 2525 οὗ
421 2473 558 2539 μάλα
598 2471 845 2539 ἐξέφαινε,
879 2474 906 2523 ὁ
946 2476 999 2525 δὲ
1037 2472 1184 2540 ἔλεγέ
1228 2480 1325 2541 σφι
1371 2473 1437 2527 ὡς
1479 2473 1727 2539 βασιλεὺς
1775 2477 1987 2539 Δαρεῖος

386 2623 405 2649 1
439 2613 632 2650 ε’τελευτα
658 2609 697 2648 R
713 2609 742 2649 S
756 2609 795 2648 V
1014 2623 1038 2648 2
1067 2609 1339 2661 μεμετημένος
1369 2610 1407 2648 R
1422 2609 1452 2649 S
1466 2609 1567 2649 VP¹
1786 2623 1811 2660 3
1842 2613 1886 2652 ἐν
1908 2610 1990 2650 SV

327 2664 446 2714 Σάρδι
469 2665 499 2703 S
515 2664 595 2716 [V]
761 2678 787 2712 4
815 2665 935 2715 ἤρετο
955 2663 995 2702 Α
1010 2665 1043 2703 Β
1058 2665 1091 2702 C
1254 2677 1278 2714 5
1312 2668 1450 2714 ἐθωυμ.
1474 2665 1507 2704 Ρ
1523 2665 1562 2703 R
1577 2664 1606 2703 S
1621 2664 1658 2702 V
1814 2677 1836 2714 7
1868 2664 1988 2713 ὁρέων

327 2719 369 2757 Α
384 2719 418 2757 Β
435 2719 468 2756 C
484 2718 517 2757 P
699 2731 727 2768 9
756 2719 979 2771 ὑπόδειγμα
999 2719 1038 2757 R
1225 2731 1275 2758 10
1304 2719 1529 2760 ὑπεδύσατο
1550 2718 1580 2757 S
1752 2731 1799 2767 14
1828 2722 1990 2772 Σαρδων

330 2773 365 2812 C
381 2773 421 2811 R
434 2773 473 2811 V
583 2773 717 2821 νήσων
739 2772 773 2812 Ρ
787 2772 827 2810 R
840 2773 878 2811 V
988 2772 1167 2826 -ξόμενος
1191 2773 1229 2812 R
1243 2774 1280 2811 V
1390 2773 1710 2826 κατεργάσεσθαι
1734 2771 1768 2810 Ρ
1784 2786 1792 2810 :
1824 2796 1832 2801 ·
1843 2778 1988 2814 σασθαι

330 2827 422 2865 rell.
612 2829 662 2865 16
689 2826 807 2880 πρὸς]
831 2829 895 2867 ὑπ’
918 2826 951 2865 Ρ
965 2827 1004 2866 R
1018 2827 1101 2867 SV
1281 2839 1328 2876 17
1360 2828 1528 2868 ἑωυτοὺς
1550 2827 1589 2865 R
1604 2826 1634 2865 S
1650 2826 1688 2865 V
1867 2838 1917 2876 19
1945 2826 1988 2867 δὲ

332 2880 384 2920 Pt
397 2881 436 2919 R
450 2881 479 2920 S
492 2881 532 2919 V
640 2894 693 2920 20
723 2881 922 2922 ἐπέστελε
943 2881 977 2919 C
1089 2894 1142 2920 22
1173 2880 1484 2937 ἐξεργασάμενος
1507 2880 1547 2922 R
1561 2881 1591 2922 S
1604 2880 1643 2920 V
1745 2878 1988 2936 γενομένην]

330 2952 401 2984 νυν
422 2934 452 2974 S
465 2935 503 2973 V
615 2937 657 2983 ἐν
677 2936 859 2982 αὐτοῖσιν
879 2934 919 2976 R
934 2935 965 2975 S
978 2935 1015 2975 V
