2132 3340
761 37 1132 86 ΙΣΤΟΡΙΩΝ
1200 39 1244 85 Η

0 156 420 261 ζξτζισθέντες
454 169 550 221 ὑπὸ
580 173 678 221 τῶν
709 173 1002 236 στρατηγῶν
1034 174 1120 220 τοῦ
1149 169 1296 232 πεζοῦ
1327 173 1543 235 στρατοῦ
1573 167 1829 240 ἀπήγοντο

162 254 228 309 ὦς
250 253 597 318 ἀπολεύμενοι.
667 253 745 305 καὶ
767 258 901 305 τοῖσι
924 255 1016 318 μὲν
1039 252 1353 320 κατεκέκριτο
1377 252 1604 312 θάνατος,
1633 252 1828 319 Ξέρξης

161 341 214 391 δὲ
245 338 310 392 ὡς
341 338 548 390 ἐπύθετο
578 343 746 397 ταῦτα,
774 338 1020 405 μεμφθεὶς
1050 342 1149 389 τῶν
1181 342 1474 404 στρατηγῶν
1504 336 1595 402 τὴν
1625 337 1840 404 γνώμην·

160 421 345 489 πέμπει
373 427 471 475 τῶν
502 444 639 476 τινας
668 422 974 489 δορυφόρων,
1009 421 1372 487 ἐντειλάμενος,
1405 417 1466 486 ἢν
1498 421 1828 488 καταλάβωσι

112 525 136 566 5
160 507 274 562 τοὺς
298 507 640 560 κατασκόπους
663 507 859 570 ζῶντας,
882 505 1023 573 ἄγειν
1043 505 1158 573 παρ’
1183 507 1382 558 ἑωυτόν.
1436 506 1500 560 ὣς
1518 509 1571 559 δὲ
1595 505 1669 558 ἔτι
1689 528 1824 573 περι-

162 594 334 647 εόντας
365 582 542 644 αὐτοὺς
574 590 857 656 κατέλαβον
890 590 969 642 καὶ
999 590 1189 658 ἤγαγον
1213 592 1264 645 ἐς
1287 592 1411 657 ὄψιν
1442 590 1532 654 τὴν
1557 581 1824 656 βασιλέος,

159 676 218 728 τὸ
246 677 473 729 ἐνθεῦτεν
503 676 778 741 πυθόμενος
807 674 885 727 ἐπ’
917 676 1021 727 οἶσι
1051 674 1222 739 ἦλθον,
1250 674 1488 727 ἐκέλευσέ
1519 681 1683 742 σφεας
1712 675 1828 728 τοὺς

159 761 463 828 δορυφόρους
491 759 817 827 περιάγοντας
853 760 1226 812 ἐπιδείκνυσθαι
1263 759 1427 811 πάντα
1462 781 1516 812 τε
1552 760 1640 812 τὸν
1676 759 1826 824 πεζὸν

160 845 375 912 στρατὸν
420 844 500 897 καὶ
543 844 635 909 τὴν
678 845 870 904 ἵππον,’
897 846 1050 897 ἐπεὰν
1096 847 1150 896 δὲ
1194 848 1348 895 ταῦτα
1394 844 1657 910 θηεύμενοι
1701 844 1825 899 ἔωσι

86 928 389 997 Ιοιιπλήρεες,
442 928 757 995 ἀποπέμπειν
816 931 867 983 ἐς
916 927 1005 993 τὴν
1062 927 1123 980 ἂν
1184 928 1323 980 αὐτοὶ
1382 927 1601 980 ἐθέλωσι
1654 929 1824 997 χώρην

157 1012 380 1068 ἀσινέας.
468 1012 718 1081 ἐπιλέγων
754 1015 808 1066 δὲ
844 1012 932 1065 τὸν
968 1013 1126 1080 λόγον
1156 1013 1299 1065 τόνδε
1327 1017 1482 1065 ταῦτα
1511 1012 1820 1073 ἐνετέλλετο,

158 1098 223 1152 ὡς
254 1101 297 1152 εἰ
323 1098 710 1164 μὲνάπώλοντο
740 1101 786 1150 οἱ
817 1096 1138 1158 κατάσκοποι,
1174 1096 1275 1149 οὔτ’
1307 1096 1367 1149 ἂν
1398 1099 1459 1148 τὰ
1489 1100 1671 1150 ἑωυτοῦ
1700 1096 1822 1164 πρή-

157 1205 322 1250 γματα
358 1182 696 1250 προεπύθοντο
727 1184 774 1234 οἱ
793 1180 1048 1247 ’Έλληνες
1083 1182 1231 1234 ἐόντα
1265 1182 1422 1249 λόγου
1450 1181 1598 1247 μέζω,
1630 1181 1732 1233 οὔτ’
1764 1182 1824 1234 ἄν

156 1288 208 1319 τι
232 1267 347 1321 τοὺς
379 1268 649 1333 πολεμίους
676 1265 807 1334 μέγα
830 1268 1066 1319 ἐσίναντο
1095 1266 1274 1333 ἄνδρας
1303 1271 1434 1333 τρεῖς
1465 1265 1822 1321 ἀπολέσαντες·

85 1368 132 1412 15
155 1350 514 1416 νοστησάντων
543 1354 595 1403 δὲ
628 1351 816 1403 τούτων
854 1353 904 1404 ἐς
935 1350 1024 1415 τὴν
1052 1350 1279 1402 Ἑλλάδα
1314 1350 1503 1402 δοκέειν
1538 1351 1638 1418 ἔφη
1676 1351 1821 1403 ἀκού-

157 1436 344 1489 σαντας
373 1436 487 1489 τοὺς
508 1433 769 1500 “Ελληνας
798 1437 860 1486 τὰ
890 1438 1072 1487 ἑωυτοῦ
1103 1434 1367 1502 πρήγματα
1394 1435 1491 1501 πρὸ
1522 1441 1608 1487 τοῦ
1639 1436 1824 1488 στόλου

155 1525 244 1572 τοῦ
271 1520 533 1588 γινομένου
564 1520 880 1587 παραδώσειν
912 1518 1078 1588 σφέας
1114 1519 1207 1584 τὴν
1242 1521 1369 1589 ἰδέην
1405 1521 1709 1587 ἐλευθερίην,
1744 1520 1823 1571 καὶ

147 1606 310 1659 ὀὕτως
344 1605 458 1658 οὐδὲ
494 1603 694 1670 δεήσειν
730 1604 808 1657 ἐπ’
847 1605 1022 1659 αὐτοὺς
1060 1603 1523 1671 στρατηλατέοντας
1558 1602 1824 1671 πρήγματα

155 1689 309 1757 ἔχειν.
398 1690 501 1742 οἳκε
537 1693 590 1742 δὲ
627 1689 776 1742 αὐτοῦ
811 1690 931 1755 αὕτη
968 1689 999 1754 ἡ
1035 1690 1205 1757 γνώμη
1243 1690 1359 1761 τῇδε
1397 1688 1548 1761 ἄλλῃ·
1597 1689 1691 1740 ἐὼν
1727 1691 1822 1756 γὰρ

82 1790 132 1820 ²0
154 1775 210 1827 ἐν
244 1774 443 1845 Ἀβύδῳ
482 1775 508 1825 ὁ
548 1772 742 1841 Ξέρξης
782 1774 881 1827 εἶδε
922 1779 1076 1826 πλοῖα
1115 1776 1170 1825 ἐκ
1207 1779 1293 1825 τοῦ
1327 1775 1524 1825 Πόντου
1563 1775 1823 1840 σιταγωγὰ

154 1856 480 1926 διεκπλέοντα
507 1863 595 1911 τὸν
617 1857 1018 1924 Ἑλλήσποντον,
1045 1858 1095 1913 ἔς
1118 1880 1172 1910 τε
1206 1859 1413 1926 Αἴγιναν
1445 1859 1524 1910 καὶ
1556 1858 1818 1910 Πελοπόν-

154 1965 311 2008 νησον
343 1944 656 2010 κομιζόμενα.
744 1945 790 1996 οἳ
820 1946 911 2010 μὲν
942 1943 1000 2008 δὴ
1038 1942 1273 2010 πάρεδροι
1309 1942 1458 1994 αὐτοῦ
1491 1943 1554 1996 ὡς
1581 1943 1820 1994 ἐπύθοντο

154 2027 370 2094 πολέμια
400 2028 528 2081 εἶναι
556 2031 617 2081 τὰ
648 2033 816 2087 πλοῖα,
851 2028 1039 2093 ἕτοιμοι
1075 2027 1207 2092 ἦσαν
1239 2026 1423 2094 αἱρέειν
1454 2026 1592 2086 αὐτά,
1627 2025 1817 2091 ἐσβλέ-

154 2134 332 2167 ποντες
370 2115 421 2167 ἐς
457 2112 544 2165 τὸν
587 2112 815 2178 βασιλέα
856 2113 1000 2165 ὁκότε
1034 2110 1385 2179 παραγγελέει.
1475 2112 1501 2162 ὁ
1538 2114 1590 2163 δὲ
1628 2110 1820 2178 Ξέρξης

81 2216 129 2258 25
155 2197 313 2263 εἴρετο
357 2198 532 2251 αὐτοὺς
575 2199 666 2269 ὅκῃ
711 2196 929 2249 πλέοιεν·
994 2200 1040 2249 οἱ
1085 2199 1140 2248 δὲ
1189 2196 1350 2248 εἶπαν·
1413 2196 1499 2249 Ἐς
1530 2195 1653 2258 ,τοὺς
1700 2194 1821 2249 σοὺς

153 2283 436 2347 πολεμίους,
482 2279 520 2332 ὦ
569 2281 805 2341 δέσποτα,
856 2287 998 2351 σῖτον
1050 2280 1272 2348 ἄγοντες.
1362 2281 1388 2331 ὁ
1438 2283 1492 2333 δὲ
1544 2280 1820 2346 ὑπολαβὼν

153 2363 270 2432 ἔφη·
315 2367 421 2418 Οὐκ
452 2364 521 2417 ὧν
552 2367 631 2418 καὶ
662 2366 804 2431 ἡμεῖς
836 2369 940 2418 ἐκεῖ
973 2364 1193 2431 πλέομεν
1228 2365 1348 2417 ἔνθα
1377 2387 1470 2432 περ
1501 2365 1653 2424 οὗτοι,
1685 2364 1826 2416 τοῖσί

208 2517 233 2542 2
277 2503 544 2555 ἀπολούμενοι
582 2504 621 2542 Α
644 2503 678 2542 Β
702 2505 735 2542 C
760 2504 792 2542 P
931 2503 1197 2557 κατακέκριτο
1238 2504 1272 2542 C
1296 2503 1329 2542 P
1352 2504 1390 2542 R
1414 2504 1444 2542 S
1465 2503 1503 2542 V
1677 2516 1702 2551 3
1741 2503 1820 2551 τὴν

152 2560 319 2610 ’γνώμην
343 2563 427 2600 τῶν
454 2563 698 2611 στρατηγῶν
721 2558 758 2596 R
774 2558 805 2598 S
819 2559 856 2597 V
1000 2561 1027 2597 6
1057 2557 1161 2610 ἦγον
1183 2558 1223 2596 Α
1238 2558 1273 2596 Β
1290 2558 1324 2596 C
1339 2559 1372 2596 P
1516 2559 1541 2607 7‘
1572 2557 1636 2608 ἐφ’
1660 2557 1707 2595 Ρι
1726 2557 1764 2594 R
1779 2556 1819 2596 V

154 2611 320 2654 ἐκέλευέ
356 2612 397 2652 Α
419 2612 453 2651 Β
474 2613 508 2651 C
531 2613 564 2651 P
756 2627 783 2663 9
827 2614 927 2662 ἐπὴν
967 2613 1007 2653 Α
1028 2613 1064 2652 Β
1087 2613 1121 2652 C
1143 2613 1177 2651 P
1386 2626 1433 2652 10
1477 2611 1625 2653 θέλωσι
1666 2612 1705 2651 R
1728 2612 1759 2652 S
1779 2612 1819 2650 V

156 2664 290 2720 12⁸÷l]
312 2669 364 2717 ἢν
384 2667 491 2707 SV:
521 2668 570 2709 ἂν
588 2669 638 2717 ἢν
660 2667 699 2706 R
925 2681 973 2718 13
1003 2667 1327 2721 προεπεπύθοντο
1350 2666 1389 2705 R
1615 2679 1663 2716 14
1691 2683 1755 2709 τις
1776 2666 1817 2705 R

153 2722 340 2764 ἑσινέατο
362 2722 397 2762 L
618 2724 669 2762 16
697 2723 811 2776 [τοὺς
822 2722 1078 2775 “Ἰ·ἶλληνσις]”.2
1303 2735 1350 2772 17
1382 2720 1510 2774 σφέας
1528 2719 1632 2775 (καὶ)
1654 2720 1818 2761 Reiske

156 2778 205 2816 18
234 2777 441 2826 οὐδεήσειν
463 2778 502 2816 R
518 2777 548 2817 S
561 2777 600 2816 V
768 2789 817 2828 19
847 2778 951 2818 ἔοικε
980 2777 1020 2816 Α
1037 2778 1070 2816 Β
1087 2777 1121 2816 C
1135 2777 1170 2816 E
1280 2781 1378 2832 τῇδε
1402 2776 1817 2827 Schweighaeuser:

151 2833 204 2880 τῆ
223 2848 270 2872 τε
293 2831 354 2873 E:
383 2832 490 2885 τῆ(ι)
512 2848 562 2885 γε
584 2831 675 2871 rell.
829 2845 876 2871 21
910 2832 1191 2874 διεκπλώοντα
1211 2832 1244 2871 L
1393 2845 1446 2881 24
1475 2831 1760 2886 παραγγέλλοι
1781 2829 1818 2870 Ε

152 2895 205 2935 25
234 2886 323 2927 ὅποι
344 2885 379 2925 E
546 2899 597 2936 27
627 2904 701 2941 περ
720 2887 785 2928 καὶ
805 2886 944 2927 Aldus

1878 40 1986 91 vn.
2010 44 2106 104 146

1864 275 1892 308 2

1863 1027 1953 1079 14⁷
