2132 3340
770 142 1143 191 ΙΣΤΟΡΙΩΝ
1203 143 1223 191 l
1874 143 1962 192 IX.
1991 142 2063 191 26

165 270 338 341 ἄρχειν
370 273 626 338 παρίεμεν·
672 277 758 323 τοῦ
788 274 841 324 δὲ
873 270 1042 339 ἑτέρου
1073 274 1240 338 φαμὲν
1270 266 1369 338 <ἐς>
1396 268 1551 336 ἡμέας
1582 269 1835 323 ἱκνέεσθαι

162 356 479 423 ἡγεμονεύειν
510 354 633 407 κατά
655 378 748 423 περ
772 358 826 408 ἐν
848 357 915 427 τῷ
935 356 1127 423 πρόσθε
1150 356 1333 426 χρόνῳ.
1406 355 1560 424 χωρίς
1582 377 1636 407 τε
1658 356 1833 407 τούτου

163 445 249 492 τοῦ
279 439 599 507 ἀπηγημένου
627 440 774 508 ἔργου
797 437 1157 507 ἀξιονικότεροί
1181 438 1621 505 εἶμενἊθηναίων
1651 440 1833 504 ταύτην

163 524 254 589 τὴν
285 523 425 590 τάξιν
456 524 610 594 ἔχειν.
682 525 867 577 πολλοὶ
894 527 987 590 μὲν
1010 526 1104 592 γὰρ
1131 524 1209 575 καὶ
1234 524 1286 576 εὖ
1309 524 1514 593 ἔχοντες
1537 524 1660 591 πρὸς
1680 523 1834 589 ὑμέας
1871 539 1897 584 7
1920 530 1931 545 “

118 639 139 677 5
163 610 297 675 ἡμῖν,
329 608 504 675 ἄνδρες
537 612 854 675 Σπαρτιῆται,
889 610 1077 677 ἀγῶνες
1110 609 1427 676 ἀγωνίδαται,
1454 609 1638 661 πολλοὶ
1668 611 1722 661 δὲ
1755 610 1834 661 καὶ

166 697 287 761 πρὸς
318 693 521 748 ἄλλους.
596 695 722 746 οὕτω
754 691 822 746 ὧν
846 694 1034 746 δίκαιον
1055 692 1212 759 ἡμέας
1234 693 1370 762 ἔχειν
1399 693 1456 745 τὸ
1487 694 1659 761 ἕτερον
1691 692 1835 760 κέρας

162 778 194 844 ἥ
223 800 314 845 περ
333 777 640 843 Ἀθηναίους·
687 779 745 830 οὐ
766 777 861 845 γάρ
886 779 988 846 σφί
1006 780 1119 830 ἐστι
1147 779 1269 846 ἔργα
1298 777 1378 830 οἶά
1409 800 1500 845 περ
1524 778 1639 843 ἡμῖν
1665 800 1831 844 κατερ-

163 861 406 931 γασμένα,
434 862 534 915 οὔτ’
559 859 626 915 ὧν
659 864 800 914 καινὰ
833 863 945 915 οὔτε
970 862 1176 916 παλαιά.
1253 866 1299 915 οἱ
1330 865 1422 928 μὲν
1451 867 1605 915 ταῦτα
1635 863 1832 930 ἔλεγον,
1872 876 1937 927 27

162 947 420 1013 Ἀθηναῖοι
463 950 518 1001 δὲ
559 947 682 1014 πρὸς
723 953 879 1000 ταῦτα
922 949 1248 1015 ὑπεκρίναντο
1291 947 1424 1000 τάδε·
1487 946 1836 1014 Ἐπιστάμεθα

91 1059 140 1089 ιο
161 1035 254 1099 μὲν
311 1032 526 1085 σύνοδον
575 1030 721 1097 τήνδε
771 1032 937 1102 μάχης
991 1034 1156 1085 εἵνεκα
1212 1036 1523 1100 συλλεγῆναι
1574 1032 1696 1100 πρὸς
1748 1031 1835 1084 τὸν

221 1116 231 1137 r
503 1118 516 1135 s
596 1115 609 1135 ³
695 1116 708 1135 s
808 1118 820 1135 t
1000 1120 1012 1137 s
1083 1119 1094 1135 x
1176 1120 1191 1136 x
1244 1119 1257 1137 e
1444 1116 1457 1135 r
1701 1117 1713 1135 t
1849 1098 2126 1147 Wlfflin

163 1122 445 1185 βαρβαρον,
493 1122 594 1168 αλλ
655 1138 713 1169 ου
754 1124 942 1185 λογων·
991 1140 1099 1170 επει
1144 1122 1198 1170 δε
1234 1140 1260 1168 ο
1294 1122 1547 1185 Τεγεητης
1590 1120 1834 1185 πρρςθηκε
1867 1151 2132 1211 πραέων

164 1201 356 1255 παλαιά
386 1223 440 1273 τε
465 1202 543 1254 καὶ
576 1203 717 1254 καινὰ
746 1201 917 1269 λέγειν
939 1205 1001 1254 τὰ
1025 1201 1305 1269 ἑκατέροισι
1328 1204 1382 1255 ἐν
1405 1208 1473 1272 τῷ
1499 1202 1646 1254 παντὶ
1670 1202 1834 1271 χρόνῳ

165 1284 499 1354 κατέργασται
541 1285 755 1354 χρηστά,
803 1287 1083 1355 ἀναγκαίως
1126 1287 1244 1352 ἡμῖν
1288 1287 1395 1356 ἔχει
1439 1290 1667 1352 δηλῶσαι
1711 1286 1835 1354 πρὸς

163 1369 314 1437 ὑμέας
342 1371 459 1423 ὅθεν
492 1371 610 1437 ἡμῖν
646 1371 893 1438 πατρώιόν
931 1374 1042 1424 ἐστι
1077 1373 1216 1425 ἐοῦσι
1251 1377 1524 1441 χρηστοῖσι
1563 1373 1660 1424 αἰεὶ
1700 1372 1832 1438 πρώ-

91 1459 140 1526 i5
163 1477 297 1508 τοισι
348 1455 475 1508 εἶναι
523 1459 721 1522 μᾶλλον
771 1451 803 1521 ἢ
847 1455 1074 1524 Ἀρκάσι.
1161 1455 1509 1524 (Ηρακλείδας,
1556 1462 1655 1509 τῶν
1699 1457 1839 1508 οὗτοί
1874 1473 1900 1505 2

164 1546 296 1608 φασι
326 1541 611 1593 ἀποκτεῖναι
646 1540 735 1593 τὸν
768 1540 989 1608 ἡγεμόνα
1029 1543 1082 1593 ἐν
1113 1540 1317 1611 Ἰσθμῷ,
1350 1542 1551 1595 τούτους
1590 1541 1835 1608 πρότερον

165 1623 583 1690 ἐξελαυνομένους
624 1624 720 1678 ὑπὸ
767 1624 966 1678 πάντων
1010 1624 1277 1690 Ἑλλήνων
1321 1627 1372 1680 ἐς
1416 1625 1529 1680 τοὺς
1574 1627 1835 1678 ἀπικοίατο

164 1710 438 1776 φεύγοντες
461 1709 773 1774 δουλοσύνην
795 1709 917 1776 πρὸς
938 1711 1255 1776 Μυκηναίων,
1279 1715 1454 1775 μοῦνοι
1475 1709 1836 1776 ὑποδεξάμενοι

162 1793 256 1858 τὴν
287 1792 573 1860 Εὐρυσθέος
601 1795 750 1861 ὕβριν
783 1797 1090 1861 κατείλομεν,
1126 1795 1220 1847 σὺν
1251 1796 1487 1847 ἐκείνοισι
1519 1793 1659 1867 μάχῃ
1697 1793 1832 1860 νική-

92 1900 144 1930 20
165 1899 345 1932 σαντες
363 1877 475 1932 τοὺς
493 1878 606 1930 τότε
626 1877 834 1948 ἔχοντας
855 1880 1267 1942 Πελοπόννησον.
1342 1884 1485 1931 τοῦτο
1506 1883 1558 1932 δὲ
1577 1879 1836 1947 Ἀργείους
1873 1900 1900 1944 3

164 1962 278 2016 τοὺς
300 1964 425 2028 μετὰ
449 1964 783 2017 Πολυνείκεος
802 1963 884 2015 ἐπὶ
909 1962 1093 2030 Θήβας
1115 1963 1411 2023 ἐλάσαντας,
1438 1963 1834 2029 τελευτήσαντας

164 2050 252 2099 τὸν
287 2048 449 2099 αἰῶνα
478 2047 555 2099 καὶ
592 2046 813 2115 ἀτάφους
845 2047 1111 2114 κειμένους,
1147 2047 1571 2116 στρατευσάμενοι
1602 2050 1684 2101 ἐπὶ
1720 2048 1834 2102 τοὺς

168 2131 442 2197 Καδμείους
472 2131 744 2184 ἀνελέσθαι
773 2153 829 2185 τε
859 2132 974 2188 τοὺς
1007 2134 1206 2199 νεκρούς
1238 2140 1403 2200 φαμεν
1436 2134 1515 2185 καὶ
1552 2131 1713 2200 θάψαι
1744 2136 1832 2197 τῆς

163 2215 403 2283 ἡμετέρης
433 2218 487 2269 ἐν
515 2216 790 2270 Ἐλευσῖνι.
880 2217 989 2270 ἔστι
1026 2220 1079 2270 δὲ
1109 2218 1225 2283 ἡμῖν
1256 2218 1403 2284 ἔργον
1435 2217 1487 2269 εὖ
1518 2217 1638 2286 ἔχον
1669 2218 1749 2269 καὶ
1781 2219 1831 2270 ἐς
1868 2235 1897 2278 4

92 2325 139 2365 25
164 2298 487 2366 Ἀμαζονίδας
537 2303 625 2356 τὰς
677 2300 776 2353 ἀπὸ
821 2303 1182 2368 Θερμώδοντος
1234 2296 1459 2367 ποταμοῦ
1503 2301 1831 2366 ἐσβαλούσας

163 2387 276 2446 κοτὲ
306 2387 356 2439 ἐς
392 2389 486 2452 γῆν
525 2385 616 2450 τὴν
645 2384 894 2451 Ἀττικήν·
943 2387 1022 2439 καὶ
1063 2388 1117 2439 ἐν
1152 2392 1285 2439 τοῖσι
1319 2390 1594 2454 Τρωικοῖσι
1629 2386 1832 2438 πόνοισι

163 2468 390 2535 οὐδαμῶν
422 2470 737 2536 ἐλειπόμεθα.
812 2469 930 2524 ἀλλ’
959 2471 1016 2523 οὗ
1045 2469 1140 2539 γάρ
1169 2493 1217 2524 τι
1255 2470 1460 2539 προέχει
1496 2471 1684 2523 τούτων
1722 2472 1827 2523 ἐπι·
1846 2466 2124 2585 Ἆωάῦιμς

162 2556 462 2620 μεμνῆσθαι·
509 2553 589 2606 καὶ
619 2556 714 2622 γὰρ
752 2552 815 2607 ἂν
843 2556 1057 2624 χρηστοὶ
1097 2557 1210 2608 τότε
1254 2556 1422 2609 ἐόντες
1463 2548 1622 2607 ὡυτοὶ·
1645 2559 1732 2608 νῦν
1771 2553 1835 2608 ἂν
1908 2528 2015 2564 m

221 2705 239 2731 1
273 2694 312 2735 ἐς
332 2693 429 2734 add.
454 2692 581 2732 Koen
706 2693 861 2735 ἷκέσθαι
882 2693 917 2732 C
1069 2707 1094 2732 2
1124 2693 1298 2744 πρόσθεν
1317 2692 1356 2732 Α
1372 2693 1406 2732 Β
1422 2693 1456 2732 C
1604 2695 1632 2733 6
1661 2692 1833 2747 ἄλλους]

163 2748 341 2789 πολλοὺς
374 2748 413 2787 R
437 2748 467 2787 S
487 2747 527 2786 V
707 2761 739 2797 7-
771 2747 1105 2803 κατεργασάμενα
1140 2749 1179 2788 R
1365 2760 1414 2786 12
1454 2766 1501 2789 τε
1536 2747 1577 2786 R
1595 2749 1625 2788 S
1641 2748 1681 2787 V
1699 2762 1708 2787 :
1750 2761 1834 2788 om.

163 2801 203 2840 A
216 2802 250 2841 B
264 2802 298 2841 C
315 2802 348 2840 P
544 2813 592 2852 15
623 2805 787 2853 μᾶλλον
805 2816 887 2843 om.
909 2803 940 2843 S
1144 2805 1194 2842 16
1223 2806 1345 2844 τοῦτο
1367 2801 1443 2851 μὲν
1463 2802 1630 2845 τούτους
1651 2802 1691 2841 Α
1706 2803 1741 2842 Β
1754 2803 1788 2842 C
1803 2803 1836 2842 P

168 2869 214 2906 17
235 2856 396 2899 πάντων
410 2861 491 2898 τῶν
506 2856 642 2897 Aldus
659 2857 765 2908 (non
783 2857 837 2910 C)
952 2871 1002 2908 19
1022 2861 1288 2912 Εὐρυσθενεος
1308 2857 1341 2896 Ρ
1355 2857 1385 2897 S
1400 2856 1438 2895 V
1549 2870 1601 2908 25
1624 2857 1836 2909 Ἀμαζίδας

163 2910 219 2950 Α1
231 2910 285 2950 Β1
394 2912 488 2954 τοὺς
503 2912 536 2950 C
648 2911 922 2965 Θερμὸδοντος
940 2912 980 2951 R
1093 2914 1147 2951 26
1168 2914 1373 2967 ἡρωικοῖσι
1392 2911 1518 2953 RSV
1625 2925 1675 2962 27
1699 2913 1835 2955 ἐλιπό·

162 2970 264 3016 μεθα
283 2966 323 3005 Α
336 2966 371 3005 Β
392 2980 402 3005 1
430 2965 651 3018 λειπόμεθα
671 2966 763 3006 RV
900 2968 1096 3022 προσήκει
1120 2968 1335 3008 Richards
1509 2969 1562 3008 28
1591 2968 1770 3021 χρηστοί
1788 2984 1836 3009 τε

164 3020 301 3063 ἐόντες
319 3019 417 3062 τότε
439 3021 470 3061 S
582 3021 722 3063 ἑωυτοὶ
746 3022 787 3062 R
800 3022 832 3063 S
845 3021 884 3061 V
