2132 3340
79 599 104 641 5

727 108 906 158 ΙΣΤΟ
924 108 1105 157 ΡΙΩΝ
1169 108 1186 156 1

125 241 183 297 τὸ
220 240 557 308 στρατόπεδον
587 238 643 291 τὸ
674 237 962 291 Λακωνικὸν
1002 236 1080 290 καὶ
1119 238 1385 304 ἐπειρῶντο
1422 236 1679 291 πείθοντές
1713 259 1798 303 μιν

1838 108 1925 157 ΙΧ.
1954 119 2018 171 53

126 325 192 380 ὡς
234 325 291 378 οὗ
334 323 484 393 χρεὸν
528 325 603 389 εἴη
648 329 799 375 ταῦτα
844 322 1047 376 ποιέειν.
1138 322 1217 374 καὶ
1261 325 1306 374 οἱ
1352 324 1445 388 μὲν
1488 323 1798 389 παρηγόρεον
1834 336 1901 387 54

126 408 507 477 Ἀμομφάρετον
563 412 745 473 μοῦνον
803 406 1210 472 Λακεδαιμονίων
1268 427 1323 458 τε
1383 406 1462 457 καὶ
1510 405 1800 473 Τεγεητέων

125 491 470 558 λελειμμένον,
518 491 776 556 Ἀθηναῖοι
823 494 875 543 δὲ
922 492 1119 544 ἐποίευν
1163 489 1342 542 τοιάδε·
1404 491 1542 559 εἶχον
1587 489 1800 558 ἀτρέμας

128 576 294 645 σφέας
317 576 490 630 αὐτοὺς
521 578 602 628 ἵνα
627 574 932 644 ἐτάχθησαν,
961 574 1287 640 ἐπιστάμενοι
1309 576 1371 626 τὰ
1395 576 1799 641 Λακεδαιμονίων

128 659 423 730 φρονήματα
447 661 510 715 ὡς
533 659 669 712 ἄλλα
700 661 1019 727 φρονεόντων
1046 660 1125 712 καὶ
1156 659 1291 711 ἄλλα
1313 659 1583 726 λεγόντων.
1657 660 1722 714 ὦς
1746 662 1798 713 δὲ

126 743 326 812 ἐκινήθη
357 744 414 797 τὸ
445 745 800 812 στρατόπεδον,
829 745 1052 810 ἔπεμπον
1086 743 1262 811 σφέων
1287 743 1438 796 ἱππέα
1468 744 1722 811 ὀψόμενόν
1745 766 1799 798 τε

128 831 171 883 εἰ
194 829 494 897 πορεύεσθαι
518 831 816 897 ἐπιχειροῖεν
843 831 889 881 οἱ
914 832 1235 896 Σπαρτιῆται,
1259 829 1358 899 εἴτε
1383 829 1462 881 καὶ
1483 828 1542 880 τὸ
1566 827 1799 896 παράπαν

127 914 194 980 μὴ
219 918 526 967 διανοεῦνται
555 912 1003 973 ἀπαλλάσσεσθαι,
1031 911 1316 980 ἐπειρέσθαι
1347 934 1400 964 τε
1425 914 1720 993 Παυσανίην
1742 913 1800 965 τὸ

57 1026 108 1056 10
127 997 280 1068 χρεὸν
313 1000 386 1064 εἴη
417 997 618 1050 ποιέειν.
688 998 752 1050 ὡς
783 999 837 1050 δὲ
868 998 1073 1049 ἀπίκετο
1104 997 1131 1048 6
1161 993 1316 1063 κῆρυξ
1341 998 1392 1051 ἐς
1421 996 1534 1051 τοὺς
1557 1001 1798 1051 Λακεδαι-
1837 1011 1901 1060 55

59 1446 106 1488 15

128 1084 342 1149 μονίους,
388 1083 491 1149 ὥρα
538 1081 593 1134 τέ
641 1088 806 1150 σφεας
860 1083 983 1133 κατὰ
1032 1082 1203 1150 χώρην
1248 1081 1576 1149 τεταγμένους
1624 1082 1704 1135 καὶ
1753 1085 1803 1137 ἐς

131 1168 295 1221 νείκεα
330 1165 630 1234 ἀπιγμένους
666 1166 827 1219 αὐτῶν
857 1166 973 1221 τοὺς
1008 1167 1243 1234 πρώτους.
1335 1166 1399 1220 ὡς
1429 1168 1524 1234 γὰρ
1555 1165 1613 1232 δὴ
1645 1188 1799 1234 παρη-

131 1253 307 1320 γόρεον
331 1250 417 1304 τὸν
440 1250 825 1318 Ἀμομφάρετον
848 1251 877 1302 ὅ
899 1272 955 1304 τε
982 1249 1244 1318 Εὐρυάναξ
1265 1250 1343 1303 καὶ
1368 1252 1394 1301 ὁ
1418 1253 1712 1317 Παυσανίης
1734 1251 1800 1318 μὴ

132 1336 428 1390 κινδυνεύειν
458 1335 698 1402 μένοντας
726 1336 937 1402 μούνους
960 1336 1378 1401 Λακεδαιμονίων,
1403 1336 1560 1389 οὔκων
1585 1336 1800 1396 ἔπειθον,

132 1423 182 1476 ἐς
218 1420 245 1473 δ
283 1422 333 1475 ἐς
367 1419 533 1473 νείκεά
566 1442 622 1473 τε
659 1421 1005 1486 συμπεσόντες
1042 1421 1252 1472 ἀπίκατο
1290 1420 1368 1472 καὶ
1405 1421 1431 1471 6
1468 1419 1622 1487 κῆρυξ
1649 1422 1675 1472 ὁ
1704 1426 1803 1474 τῶν

132 1504 410 1571 Ἀθηναίων
429 1505 710 1572 παρίστατό
728 1511 826 1573 σφι
847 1503 1133 1572 ἀπιγμένος.
1196 1503 1397 1557 νεικέων
1417 1507 1469 1557 δὲ
1490 1506 1516 1556 ὁ
1535 1504 1799 1574 Ἀμομφά-

130 1611 272 1658 ρετος
293 1588 547 1656 λαμβάνει
570 1588 750 1657 πέτρον
774 1588 1090 1662 ἀμφοτέρῃσι
1113 1596 1229 1662 τῇσι
1258 1590 1407 1658 χερσὶ
1432 1589 1510 1641 καὶ
1533 1590 1684 1644 τιθεὶς
1706 1589 1802 1658 πρὸ

135 1678 301 1727 ποδῶν
329 1679 415 1726 τοῦ
446 1675 746 1727 Παυσανίεω
781 1673 935 1746 ταύτῃ
966 1682 1026 1747 τῇ
1056 1672 1216 1744 ψήφῳ
1247 1675 1563 1742 ψηφίζεσθαι
1599 1675 1697 1742 ἔφη
1733 1673 1800 1741 μὴ

134 1759 341 1827 φεύγειν
371 1758 484 1813 τοὺς
516 1759 705 1824 ξείνους
735 1755 919 1826 [λέγων
942 1758 1056 1812 τοὺς
1085 1755 1410 1826 βαρβάρους].
1489 1759 1515 1810 6
1546 1761 1599 1812 δὲ
1626 1759 1798 1825 μαινό-

61 1868 114 1900 20
132 1864 283 1910 μενον
342 1844 421 1896 καὶ
479 1844 537 1896 οὐ
595 1841 845 1910 φρενήρεα
905 1841 1097 1894 καλέων
1156 1844 1345 1894 ἐκεῖνον
1395 1839 1535 1910 [πρός
1592 1840 1666 1911 τε]
1715 1843 1803 1897 τὸν

135 1927 414 1998 Ἀθηναίων
459 1925 642 1994 κήρυκα
687 1929 1031 1995 ἐπειρωτῶντα
1069 1929 1129 1978 τὰ
1173 1926 1506 1993 ἐντεταλμένα
1548 1927 1718 1995 λέγειν
1757 1925 1803 1995 [6

136 2008 448 2078 Παυσανίης]
477 2011 676 2064 ἐκέλευε
706 2014 768 2063 τὰ
799 2012 1047 2078 παρεόντα
1078 2018 1177 2079 σφι
1207 2010 1487 2078 πρήγματα,
1521 2011 1720 2080 ἐχρήιζέ
1750 2035 1803 2066 τε

134 2102 233 2150 τῶν
251 2096 532 2162 Ἀθηναίων
551 2097 922 2165 προσχωρῆσαί
939 2117 994 2149 τε
1011 2095 1134 2163 πρὸς
1158 2095 1368 2156 ἑωυτοὺς
1386 2097 1467 2148 καὶ
1487 2096 1672 2149 ποιέειν
1690 2099 1803 2164 περὶ

134 2185 222 2247 τῆς
253 2182 440 2234 ἀπόδου
467 2180 530 2233 τά
560 2202 653 2247 περ
684 2180 745 2233 ἂν
777 2180 856 2233 καὶ
886 2184 1051 2248 σφεῖς.
1143 2179 1222 2232 καὶ
1258 2181 1284 2231 6
1316 2183 1408 2246 μὲν
1438 2180 1804 2234 ἀπαλλάσσετο

137 2267 187 2320 ἐς
237 2265 349 2320 τοὺς
397 2265 706 2330 Ἀθηναίους·
767 2264 879 2318 τοὺς
937 2267 991 2317 δὲ
1050 2265 1158 2317 ἐπεὶ
1214 2264 1626 2332 ἀνακρινομένους
1683 2265 1804 2333 πρὸς

137 2350 345 2404 ἑωυτοὺς
374 2350 473 2415 ἠὼς
505 2348 870 2415 κατελάμβανε,
905 2351 959 2402 ἐν
987 2350 1143 2419 τούτῳ
1177 2354 1244 2418 τῷ
1279 2350 1445 2419 χρόνῳ
1476 2348 1747 2415 κατήμενος
1776 2352 1803 2400 ὁ

138 2435 445 2500 Παυσανίης,
493 2434 551 2487 οὐ
595 2432 781 2487 δοκέων
823 2433 913 2486 τὸν
955 2432 1341 2501 Ἀμομφάρετον
1385 2435 1662 2501 λείψεσθαι
1703 2439 1802 2487 τῶν

194 2586 219 2612 2
248 2571 545 2626 παρηγορέοντο
570 2571 740 2611 Bekker
973 2583 999 2621 3
1028 2570 1185 2622 μούνων
1206 2570 1240 2610 Β
1482 2586 1507 2622 4
1538 2571 1690 2625 ἀτρέμα
1711 2571 1750 2611 Α
1765 2573 1800 2611 Β

138 2628 165 2666 8
196 2626 460 2680 ἐπιχειρέοιεν
482 2626 515 2665 Ρ
530 2626 568 2665 R
584 2626 613 2665 S
628 2627 666 2665 V
809 2639 856 2666 12
887 2625 1181 2680 παρηγορέοντο
1201 2625 1241 2665 Α
1256 2626 1290 2664 Β
1307 2627 1341 2665 C
1494 2639 1541 2676 13
1571 2627 1635 2667 καὶ
1657 2639 1738 2666 om.
1766 2628 1800 2667 C

144 2694 192 2730 14
229 2681 548 2732 Λακεδαιμονίων
578 2681 640 2721 Ε;
679 2682 855 2732 -μονίους
885 2681 975 2721 rell.
1153 2683 1279 2722 οὔκων
1310 2681 1460 2720 Stein:
1501 2685 1641 2722 οὔκουν
1663 2682 1724 2721 E:
1755 2685 1803 2723 οὔ

140 2752 218 2778 κως
239 2736 328 2776 rell.
503 2748 550 2786 15
579 2753 627 2777 τε
649 2749 732 2775 om.
751 2736 785 2775 E
951 2734 1142 2777 ἀπικέατο
1167 2735 1200 2773 Ρ
1325 2735 1396 2775 alt.
1419 2739 1439 2776 ὁ
1459 2748 1541 2774 om.
1564 2735 1605 2774 A
1620 2736 1654 2774 Β
1670 2737 1704 2776 C
1719 2737 1753 2775 E
1769 2738 1802 2775 P

145 2793 195 2830 16
223 2788 395 2843 Ἀμμοφ.
419 2791 457 2830 R
610 2793 658 2830 18
687 2794 760 2832 τοῦ
781 2790 815 2829 Ε
835 2804 844 2829 :
874 2791 946 2831 τὸν
968 2790 1028 2830 B:
1060 2794 1140 2830 τῶν
1164 2790 1255 2829 rell.
1401 2803 1450 2841 19
1478 2790 1612 2842 λέγων
1635 2791 1800 2843 (ξείνους

140 2844 277 2898 λέγων
298 2845 399 2897 SV)
419 2846 512 2887 τοὺς
533 2845 758 2898 βαρβάρους
779 2845 858 2883 del.
879 2844 1054 2884 Werfer
1167 2858 1220 2884 20
1248 2843 1406 2886 καλέων
1428 2876 1436 2885 .
1460 2876 1467 2884 .
1494 2875 1502 2885 .
1525 2847 1803 2899 ἐπειρωτῶντα

141 2913 223 2940 om.
248 2900 286 2939 R
376 2899 474 2953 πρός
496 2917 540 2941 τε
564 2906 606 2939 et
628 2903 648 2940 ὀ
669 2899 896 2948 Παυσανίης
917 2899 998 2938 del.
1028 2899 1229 2949 Krueger
1311 2903 1392 2940 τῶν
1413 2898 1493 2939 SV
1606 2913 1654 2939 21
1690 2899 1801 2950 Ἀθη·

140 2958 250 2996 ναῖον
266 2954 307 2994 Α
322 2955 356 2995 Β
370 2955 423 2994 Cc
439 2954 499 3005 (1)
682 2966 735 3004 23
763 2971 810 2995 τε
830 2967 913 2995 om.
940 2952 988 2992 Pl
1005 2953 1043 2992 R
1059 2953 1139 2993 SV
1325 2955 1388 2995 καὶ
1412 2984 1421 2994 .
1448 2983 1457 2993 .
1483 2984 1493 2995 .
1518 2956 1688 2997 ἑωυτοὺς
1709 2956 1800 3009 (26)

137 3023 220 3050 om.
247 3010 287 3050 R
450 3010 506 3049 26
534 3008 752 3059 καθήμενος
773 3008 806 3048 C
