2132 3340
100 42 186 90 IX.

0 1699 191 1750 wudu

216 55 285 102 92

217 273 287 320 93

264 1284 289 1329 0³

946 43 1376 91 HPOAOTOT

329 172 488 241 Ἰονίῳ
528 172 712 242 κόλπῳ,
746 177 831 224 τοῦ
865 176 949 225 τὸν
985 171 1174 240 πατέρα
1211 173 1464 241 κατέλαβε
1500 171 1752 243 [Εὐήνιον]
1790 179 1991 244 πρῆγμα

329 258 534 309 τοιόνδε.
608 257 718 308 ἔστι
749 260 802 308 ἐν
832 258 890 329 τῇ
922 258 1242 330 Ἀπολλωνίῃ
1272 259 1425 331 ταύτῃ
1457 262 1537 326 ἱρὰ
1565 260 1709 325 ἡλίου
1739 262 1987 327 πρόβατα,

328 344 389 392 τὰ
420 343 509 394 τὰς
537 344 628 405 μὲν
661 340 843 408 ἡμέρας
873 343 1121 406 βόσκεται
1151 345 1282 409 παρὰ
1314 345 1552 408 ποταμόν,
1578 343 1632 396 ὃς
1656 345 1709 394 ἐκ
1734 344 1990 410 Λάκμονος

328 428 467 491 ὄρεος
501 424 604 492 ῥέει
647 428 726 476 διὰ
766 428 853 489 τῆς
884 424 1231 491 Ἀπολλωνίης
1270 428 1437 494 χώρης
1477 429 1527 481 ἐς
1568 426 1835 481 θάλασσαν
1875 429 1990 497 παρ’

322 508 532 576 Ὤρικον
557 509 750 574 λιμένα,
778 512 864 562 τὰς
895 513 947 561 δὲ
977 511 1153 564 νύκτας
1177 510 1495 578 ἀραιρημένοι
1517 511 1690 578 ἄνδρες
1713 515 1759 565 οἱ
1789 515 1988 584 πλούτῳ

328 615 381 646 τε
427 594 505 645 καὶ
556 593 692 660 γένεϊ
735 595 1059 659 δοκιμώτατοι
1102 600 1200 646 τῶν
1245 596 1429 656 ‹io-7³0⁹,
1477 596 1610 647 οὗτοι
1662 595 1990 663 φυλάσσουσι

324 677 549 730 ἐνιαυτὸν
581 678 806 732 ἕκαστος·
853 679 964 745 περὶ
995 683 1189 730 πολλοῦ
1220 681 1314 746 γὰρ
1349 679 1408 743 δὴ
1445 684 1694 732 ποιεῦνται
1723 680 1986 733 Ἀπολλω-

327 765 488 827 νιῆται
519 764 578 814 τὰ
610 763 841 829 πρόβατα
869 768 1020 814 ταῦτα
1050 764 1103 814 ἐκ
1135 765 1435 830 θεοπροπίου
1464 764 1613 817 τινός·
1662 766 1716 816 ἐν
1747 767 1800 817 δὲ
1830 764 1987 836 ἄντρῳ

328 847 610 910 αὐλίζονται
646 848 741 898 ἀπὸ
778 850 865 911 τῆς
899 848 1076 900 πόλιος
1117 845 1246 900 ἑκάς.
1323 848 1441 900 ἔνθα
1482 847 1539 912 δὴ
1575 848 1689 900 τότε
1713 850 1745 899 ὁ
1780 849 1988 915 Εὐήνιος

328 931 469 984 οὗτος
513 930 837 997 ἀραιρημένος
877 931 1156 998 ἐφύλασσε.
1247 933 1345 983 καί
1373 954 1483 984 κοτε
1521 932 1669 983 αὐτοῦ
1709 935 1985 999 κατακοιμί-

327 1036 509 1068 σαντος
546 1015 636 1079 τὴν
673 1015 902 1082 φυλακὴν
943 1016 1279 1081 παρελθόντες
1314 1016 1456 1067 λύκοι
1494 1018 1544 1069 ἐς
1579 1016 1636 1068 τὸ
1673 1016 1853 1083 ἄντρον
1887 1017 1984 1069 διέ-

2014 537 2036 578 5

2018 960 2064 987 10

327 1103 535 1166 φθειραν
566 1104 664 1150 τῶν
695 1099 964 1166 προβάτων
996 1100 1060 1153 ὡς
1091 1098 1343 1164 ἑξήκοντα.
1422 1102 1447 1151 ὁ
1471 1103 1525 1152 δὲ
1556 1100 1621 1153 ὡς
1651 1099 1844 1165 ἐπήισε,
1880 1101 1987 1170 εἶχε
2040 1163 2044 1165 ‚

326 1184 443 1255 σιγῇ
477 1184 556 1235 καὶ
587 1183 770 1250 ἔφραζε
802 1183 980 1242 οὐδενί,
1008 1186 1060 1235 ἐν
1092 1185 1188 1254 νόῳ
1220 1184 1351 1252 ἔχων
1375 1182 1822 1248 ἀντικαταστήσειν
1851 1184 1986 1236 ἄλλα

325 1267 607 1334 πριάμενος.
695 1269 773 1319 καὶ
814 1269 870 1319 οὐ
910 1271 1005 1334 γὰρ
1045 1269 1195 1320 ἔλαθε
1235 1268 1348 1322 τοὺς
1387 1267 1795 1332 Ἀπολλωνιήτας
1833 1274 1985 1321 ταῦτα

324 1353 585 1418 γενόμενα,
630 1351 744 1404 ἀλλ’
786 1352 850 1405 ὡς
893 1352 1151 1411 ἐπύθοντο,
1194 1353 1537 1419 ὑπαγαγόντες
1579 1373 1664 1417 μιν
1707 1351 1803 1404 ὑπὸ
1848 1357 1980 1404 δικα-

326 1435 531 1503 στήριον
573 1435 875 1503 κατέκριναν,
916 1437 981 1490 ὡς
1021 1436 1112 1500 τὴν
1154 1436 1385 1503 φυλακὴν
1427 1437 1863 1501 κατακοιμίσαντα,
1897 1439 1983 1501 τῆς

324 1523 472 1586 ὄψιος
514 1524 829 1587 στερηθῆναι.
917 1522 1079 1573 ἐπείτε
1123 1523 1175 1572 δὲ
1219 1520 1307 1572 τὸν
1351 1519 1563 1585 Εὐήνιον
1603 1519 1980 1589 ἐξετύφλωσαν,

324 1605 498 1656 αὐτίκα
526 1607 650 1670 μετὰ
679 1610 831 1656 ταῦτα
862 1605 973 1656 οὔτε
1004 1604 1236 1671 πρόβατά
1268 1611 1364 1671 σφι
1395 1604 1552 1656 ἔτικτε
1583 1605 1696 1656 οὔτε
1731 1608 1794 1672 γῆ
1835 1605 1984 1672 ἔφερε

325 1690 504 1753 ὁμοίως
536 1686 776 1755 [καρπόν].
854 1690 1118 1759 πρόφαντα
1151 1688 1205 1740 δέ
1237 1696 1335 1756 σφι
1372 1689 1426 1741 ἕν
1462 1710 1517 1740 τε
1557 1689 1775 1760 Δωδώνῃ
1815 1689 1893 1740 καὶ
1930 1691 1984 1740 ἐν

324 1777 584 1840 Δελφοῖσι
631 1775 838 1840 ἐγίνετο,
887 1775 1050 1826 ἐπείτε
1097 1773 1376 1839 ἐπειρώτων
1428 1770 1558 1838 [τοὺς
1608 1770 1884 1839 προφήτας]
1928 1778 1984 1823 τὸ

325 1859 482 1909 αἴτιον
526 1862 612 1908 τοῦ
659 1858 926 1924 παρεόντος
971 1862 1135 1916 κακοῦ,
1183 1853 1246 1922 [οἱ
1291 1859 1343 1909 δὲ
1390 1856 1584 1908 αὐτοῖσι
1628 1853 1862 1924 ἔφραζον]
1908 1858 1985 1908 ὅτι

325 1942 503 1994 ἀδίκως
533 1941 620 1993 τὸν
652 1941 879 2008 φύλακον
910 1947 1008 1993 τῶν
1040 1944 1157 2008 ἱρῶν
1180 1940 1447 2008 προβάτων
1480 1939 1691 2005 Εὐήνιον
1721 1943 1807 2005 τῆς
1837 1943 1984 2008 ὄψιος

325 2025 620 2091 ἐστέρησαν·
669 2025 806 2076 αὐτοὶ
835 2028 930 2092 γὰρ
961 2028 1242 2091 ἐπορμῆσαι
1278 2025 1391 2078 τοὺς
1424 2025 1620 2082 λύκους,
1654 2025 1710 2075 οὐ
1746 2025 1985 2092 πρότερόν

324 2130 378 2160 τε
419 2110 700 2161 παύσεσθαι
742 2109 1064 2176 τιμωρέοντες
1107 2111 1276 2178 ἐκείνῳ
1318 2109 1433 2175 πρὶν
1472 2104 1501 2171 ἢ
1544 2109 1679 2160 δίκας
1718 2112 1843 2160 δῶσι
1884 2113 1983 2160 τῶν

326 2194 569 2258 ἐποίησαν
603 2194 782 2247 ταύτας
818 2195 904 2246 τὰς
944 2193 1005 2244 ἂν
1043 2192 1188 2246 αὐτὸς
1225 2193 1398 2257 ἕληται
1440 2192 1518 2244 καὶ
1559 2196 1752 2245 δικαιοῖ·
1800 2193 1984 2244 τούτων

383 2346 400 2371 Ι
433 2332 593 2373 ’Ῑωνικῶ
614 2332 654 2370 R
671 2331 715 2369 S¹
732 2332 769 2370 V
866 2332 956 2384 τοῦ]
979 2331 1126 2372 τούτου
1145 2330 1184 2369 Α
1200 2331 1234 2370 Β
1249 2331 1282 2370 C
1298 2331 1327 2370 P
1424 2330 1590 2379 Εὐήνιον
1615 2330 1695 2368 del.
1721 2329 1986 2385 Kallenberg

325 2400 352 2438 3
382 2388 406 2429 ἃ
428 2388 467 2425 R
482 2387 564 2426 SV
674 2386 828 2441 (Χῶνα)
843 2387 1024 2437 ποταμόν
1046 2386 1168 2426 Stein
1190 2400 1214 2425 e
1230 2386 1423 2435 Theogn.
1446 2398 1538 2423 can.
1561 2397 1639 2434 794
1804 2398 1827 2433 4
1850 2386 1985 2438 χώρης

326 2456 408 2482 οῐη.
437 2441 680 2481 Marcianus
701 2444 781 2491 364
930 2454 954 2491 5
976 2441 1154 2493 “npmcov
1176 2440 1215 2478 R
1310 2438 1560 2492 ἆναιρημένοι
1582 2440 1616 2478 C
1758 2453 1780 2489 7
1812 2440 1984 2480 ἕκαστον

325 2497 380 2535 Α1
399 2511 407 2536 :
440 2496 604 2538 ἕκαστοι
625 2495 660 2535 C
770 2496 867 2549 γὰρ]
891 2513 938 2536 τε
961 2496 998 2534 R
1015 2496 1045 2534 S
1059 2496 1097 2533 V
1209 2498 1256 2544 δὴ
1278 2508 1359 2533 om.
1381 2495 1415 2533 C
1639 2506 1688 2533 10
1719 2493 1982 2546 ἀφαιρημένος

327 2551 420 2591 RV
503 2550 864 2601 κατακοιμίσαντος
886 2550 933 2589 Sl
947 2550 984 2588 V
1004 2564 1012 2588 :
1043 2551 1266 2599 -μήσαντος
1288 2549 1378 2589 rell.
1508 2561 1553 2586 11
1585 2549 1663 2596 τὴν
1682 2561 1762 2586 om.
1783 2547 1823 2585 A
1838 2547 1871 2584 B
1886 2549 1918 2586 C
1933 2547 1982 2585 Pl

331 2619 379 2644 12
411 2609 552 2655 ἐπῆισε
574 2605 612 2643 Α
625 2604 659 2643 Β
676 2605 710 2643 C
727 2619 737 2643 ἰ
769 2607 957 2654 ἐποίησεν
979 2605 1009 2644 S
1022 2604 1061 2643 V
1229 2617 1276 2653 13
1308 2604 1472 2655 ἔφραζεν
1495 2604 1534 2642 R
1550 2602 1579 2642 S
1592 2601 1630 2640 V
1797 2614 1844 2651 15
1873 2601 1982 2654 γινό-

325 2677 428 2710 μενα
450 2660 484 2699 Β
616 2659 727 2701 ἀλλά
747 2676 823 2701 κως
844 2659 965 2698 Stein
1100 2658 1324 2711 ὗποίγοντες
1347 2658 1385 2696 R
1400 2658 1480 2696 SV
1670 2658 1719 2694 16
1747 2656 1983 2709 κατέκριναν

328 2728 409 2754 om.
436 2714 475 2752 R
491 2714 572 2753 SV
755 2715 1103 2764 κατακοιμίσαντα
1125 2713 1190 2754 R:
1222 2714 1428 2763 -μήσαντα
1449 2712 1539 2750 rell.
1755 2724 1803 2760 19
1830 2709 1982 2763 καρπόν

329 2782 410 2808 om.
438 2770 476 2808 R
492 2769 522 2808 S
535 2768 574 2807 V
713 2768 899 2823 πρόβατα
921 2768 960 2806 R
975 2768 1005 2807 S
1019 2768 1057 2806 V
1303 2779 1358 2805 20
1387 2766 1551 2818 ἐγένετο
1574 2765 1613 2803 R
1629 2766 1658 2804 S
1670 2765 1708 2803 V
1847 2765 1981 2804 ἐπείτε

331 2823 510 2862 Reiske':
536 2823 676 2864 ἔπειτα
691 2823 724 2861 L
809 2824 901 2864 τοὺς
913 2822 1121 2876 προφήτας
1137 2828 1181 2860 et
1194 2823 1230 2862 οἵ
1244 2850 1254 2860 .
1275 2851 1284 2860 .
1304 2819 1473 2873 ἔφραζον
1485 2820 1565 2859 del.
1584 2819 1706 2858 Stein
1817 2831 1868 2856 22
1888 2820 1982 2870 ἱρῶν

328 2890 407 2917 om.
433 2878 468 2916 C
597 2890 650 2926 23
680 2881 720 2918 ἐς
742 2878 836 2918 τοὺς
857 2876 891 2915 C
1029 2889 1081 2924 24
1110 2875 1336 2916 παύσασθαι
1359 2874 1398 2912 R
1413 2873 1493 2913 SV
1603 2872 1870 2927 τιμωρέοντας
1892 2870 1982 2912 RV

329 2935 424 2972 δῶσι
445 2931 502 2973 P:
533 2933 676 2973 δώσειν
696 2931 784 2971 rell.
953 2941 1008 2981 25
1036 2930 1211 2971 τουτέων
1231 2928 1265 2967 C

2013 1377 2058 1417 ¹5

2011 1798 2059 1826 20

2011 2215 2056 2255 ²5
