<?xml version="1.0" encoding="UTF-8"?>
<!DOCTYPE html PUBLIC "-//W3C//DTD XHTML 1.0 Transitional//EN"
    "http://www.w3.org/TR/xhtml1/DTD/xhtml1-transitional.dtd">
<html xmlns="http://www.w3.org/1999/xhtml" xml:lang="en" lang="en">
 <head>
  <title>
</title>
<meta http-equiv="Content-Type" content="text/html;charset=utf-8" />
  <meta name='ocr-system' content='tesseract 3.04.00' />
  <meta name='ocr-capabilities' content='ocr_page ocr_carea ocr_par ocr_line ocrx_word'/>
</head>
<body>
  <div class='ocr_page' id='page_1' title='image "./herodotihistoria02herouoft_0352.png"; bbox 0 0 2132 3340; ppageno 0'>
   <div class='ocr_carea' id='block_1_1' title="bbox 100 52 286 114">
    <p class='ocr_par' dir='ltr' id='par_1_1' title="bbox 100 52 286 114">
     <span class='ocr_line' id='line_1_1' title="bbox 100 52 286 114; baseline 0.005 -12"><span class='ocrx_word' id='word_1_1' title='bbox 100 52 189 102; x_wconf 87' lang='lat' dir='ltr'>IX.</span> <span class='ocrx_word' id='word_1_2' title='bbox 218 67 286 114; x_wconf 90' lang='lat'>30</span> 
     </span>
    </p>
   </div>
   <div class='ocr_carea' id='block_1_2' title="bbox 0 535 285 661">
    <p class='ocr_par' dir='ltr' id='par_1_2' title="bbox 0 535 285 661">
     <span class='ocr_line' id='line_1_2' title="bbox 0 535 285 661; baseline 0.011 -3"><span class='ocrx_word' id='word_1_3' title='bbox 0 535 285 661; x_wconf 49' lang='grc' dir='ltr'>..Μᾷ</span> 
     </span>
    </p>
   </div>
   <div class='ocr_carea' id='block_1_3' title="bbox 948 0 1376 102">
    <p class='ocr_par' dir='ltr' id='par_1_3' title="bbox 948 0 1376 102">
     <span class='ocr_line' id='line_1_3' title="bbox 948 0 1376 102; baseline 0.005 -2"><span class='ocrx_word' id='word_1_4' title='bbox 948 0 1376 102; x_wconf 57' lang='grc' dir='ltr'>ΗΡΟΔΠΤΟΎ</span> 
     </span>
    </p>
   </div>
   <div class='ocr_carea' id='block_1_4' title="bbox 319 181 2062 2439">
    <p class='ocr_par' dir='ltr' id='par_1_4' title="bbox 324 181 1990 504">
     <span class='ocr_line' id='line_1_4' title="bbox 324 181 1990 249; baseline 0.002 -17"><span class='ocrx_word' id='word_1_5' title='bbox 324 183 632 234; x_wconf 83' lang='grc' dir='ltr'>ὀκτακοσίων</span> <span class='ocrx_word' id='word_1_6' title='bbox 672 182 864 249; x_wconf 84' lang='grc' dir='ltr'>ἀνδρῶν</span> <span class='ocrx_word' id='word_1_7' title='bbox 902 181 1246 234; x_wconf 85' lang='grc' dir='ltr'>καταδέουσαι.</span> <span class='ocrx_word' id='word_1_8' title='bbox 1336 182 1431 236; x_wconf 79' lang='grc' dir='ltr'>σὺν</span> <span class='ocrx_word' id='word_1_9' title='bbox 1468 185 1521 236; x_wconf 81' lang='grc' dir='ltr'>δὲ</span> <span class='ocrx_word' id='word_1_10' title='bbox 1551 182 1822 236; x_wconf 80' lang='grc' dir='ltr'>Θεσπιέων</span> <span class='ocrx_word' id='word_1_11' title='bbox 1855 189 1990 236; x_wconf 84' lang='grc' dir='ltr'>τοῖσι</span> 
     </span>
     <span class='ocr_line' id='line_1_5' title="bbox 325 264 1988 336; baseline 0.002 -18"><span class='ocrx_word' id='word_1_12' title='bbox 325 271 568 333; x_wconf 83' lang='grc' dir='ltr'>παρεοῦσι</span> <span class='ocrx_word' id='word_1_13' title='bbox 613 264 975 333; x_wconf 80' lang='grc' dir='ltr'>ἐξεπληροῦντο</span> <span class='ocrx_word' id='word_1_14' title='bbox 1018 269 1069 319; x_wconf 80' lang='grc' dir='ltr'>αἱ</span> <span class='ocrx_word' id='word_1_15' title='bbox 1115 267 1288 320; x_wconf 81' lang='grc' dir='ltr'>ἕνδεκα</span> <span class='ocrx_word' id='word_1_16' title='bbox 1331 267 1574 335; x_wconf 84' lang='grc' dir='ltr'>μυριάδες·</span> <span class='ocrx_word' id='word_1_17' title='bbox 1620 271 1850 335; x_wconf 88' lang='grc' dir='ltr'>παρῆσαν</span> <span class='ocrx_word' id='word_1_18' title='bbox 1894 271 1988 336; x_wconf 80' lang='grc' dir='ltr'>γὰρ</span> 
     </span>
     <span class='ocr_line' id='line_1_6' title="bbox 327 346 1989 421; baseline 0.003 -19"><span class='ocrx_word' id='word_1_19' title='bbox 327 350 406 402; x_wconf 92' lang='grc' dir='ltr'>καὶ</span> <span class='ocrx_word' id='word_1_20' title='bbox 439 349 708 413; x_wconf 85' lang='grc' dir='ltr'>Θεσπιέων</span> <span class='ocrx_word' id='word_1_21' title='bbox 739 352 791 403; x_wconf 91' lang='grc' dir='ltr'>ἐν</span> <span class='ocrx_word' id='word_1_22' title='bbox 826 346 892 421; x_wconf 79' lang='grc' dir='ltr'>τῷ</span> <span class='ocrx_word' id='word_1_23' title='bbox 930 350 1250 421; x_wconf 82' lang='grc' dir='ltr'>στρατοπέδῳ</span> <span class='ocrx_word' id='word_1_24' title='bbox 1287 354 1334 404; x_wconf 83' lang='grc' dir='ltr'>οἱ</span> <span class='ocrx_word' id='word_1_25' title='bbox 1364 353 1659 419; x_wconf 81' lang='grc' dir='ltr'>περιεόντες,</span> <span class='ocrx_word' id='word_1_26' title='bbox 1693 351 1900 420; x_wconf 87' lang='grc' dir='ltr'>ἀριθμὸν</span> <span class='ocrx_word' id='word_1_27' title='bbox 1937 356 1989 408; x_wconf 89' lang='grc' dir='ltr'>ἐς</span> 
     </span>
     <span class='ocr_line' id='line_1_7' title="bbox 324 435 1737 504; baseline 0.003 -20"><span class='ocrx_word' id='word_1_28' title='bbox 324 435 645 488; x_wconf 83' lang='grc' dir='ltr'>ὀκτακοσίους</span> <span class='ocrx_word' id='word_1_29' title='bbox 674 435 753 487; x_wconf 87' lang='grc' dir='ltr'>καὶ</span> <span class='ocrx_word' id='word_1_30' title='bbox 782 436 991 503; x_wconf 85' lang='grc' dir='ltr'>χιλίους·</span> <span class='ocrx_word' id='word_1_31' title='bbox 1037 436 1171 504; x_wconf 58' lang='grc' dir='ltr'>δ’[λα</span> <span class='ocrx_word' id='word_1_32' title='bbox 1200 438 1253 488; x_wconf 79' lang='grc' dir='ltr'>δὲ</span> <span class='ocrx_word' id='word_1_33' title='bbox 1284 436 1386 489; x_wconf 80' lang='grc' dir='ltr'>οὐδ’</span> <span class='ocrx_word' id='word_1_34' title='bbox 1417 436 1553 488; x_wconf 81' lang='grc' dir='ltr'>οὗτοι</span> <span class='ocrx_word' id='word_1_35' title='bbox 1582 437 1737 504; x_wconf 81' lang='grc' dir='ltr'>εἶχον.</span> 
     </span>
    </p>

    <p class='ocr_par' dir='ltr' id='par_1_5' title="bbox 319 518 2062 2439">
     <span class='ocr_line' id='line_1_8' title="bbox 407 518 2034 590; baseline 0.002 -20"><span class='ocrx_word' id='word_1_36' title='bbox 407 519 563 570; x_wconf 69' lang='grc' dir='ltr'>Οὗτοι</span> <span class='ocrx_word' id='word_1_37' title='bbox 606 518 698 585; x_wconf 91' lang='grc' dir='ltr'>μέν</span> <span class='ocrx_word' id='word_1_38' title='bbox 742 541 830 572; x_wconf 91' lang='grc' dir='ltr'>νυν</span> <span class='ocrx_word' id='word_1_39' title='bbox 873 519 1142 588; x_wconf 83' lang='grc' dir='ltr'>ταχθέντες</span> <span class='ocrx_word' id='word_1_40' title='bbox 1187 520 1268 573; x_wconf 87' lang='grc' dir='ltr'>ἐπὶ</span> <span class='ocrx_word' id='word_1_41' title='bbox 1305 525 1372 590; x_wconf 79' lang='grc' dir='ltr'>τῷ</span> <span class='ocrx_word' id='word_1_42' title='bbox 1419 519 1637 590; x_wconf 80' lang='grc' dir='ltr'>Ἀσωπῷ</span> <span class='ocrx_word' id='word_1_43' title='bbox 1682 522 1984 588; x_wconf 84' lang='grc' dir='ltr'>ἐστρατοπε-</span> <span class='ocrx_word' id='word_1_44' title='bbox 2011 547 2034 586; x_wconf 83' lang='lat'><strong>5</strong></span> 
     </span>
     <span class='ocr_line' id='line_1_9' title="bbox 323 603 1987 673; baseline 0.003 -20"><span class='ocrx_word' id='word_1_45' title='bbox 323 603 542 655; x_wconf 85' lang='grc' dir='ltr'>δεύοντο·</span> <span class='ocrx_word' id='word_1_46' title='bbox 589 605 636 655; x_wconf 83' lang='grc' dir='ltr'>οἱ</span> <span class='ocrx_word' id='word_1_47' title='bbox 671 606 724 656; x_wconf 81' lang='grc' dir='ltr'>δὲ</span> <span class='ocrx_word' id='word_1_48' title='bbox 761 604 890 671; x_wconf 86' lang='grc' dir='ltr'>ἀμφὶ</span> <span class='ocrx_word' id='word_1_49' title='bbox 928 605 1213 671; x_wconf 88' lang='grc' dir='ltr'>Μαρδόνιον</span> <span class='ocrx_word' id='word_1_50' title='bbox 1249 603 1504 673; x_wconf 85' lang='grc' dir='ltr'>βάρβαροι</span> <span class='ocrx_word' id='word_1_51' title='bbox 1544 604 1610 658; x_wconf 83' lang='grc' dir='ltr'>ὡς</span> <span class='ocrx_word' id='word_1_52' title='bbox 1646 603 1987 673; x_wconf 47' lang='grc' dir='ltr'>ἀπεκήδευσαν</span> 
     </span>
     <span class='ocr_line' id='line_1_10' title="bbox 324 687 1988 755; baseline 0.002 -17"><span class='ocrx_word' id='word_1_53' title='bbox 324 687 629 747; x_wconf 86' lang='grc' dir='ltr'>Μασίστιον,</span> <span class='ocrx_word' id='word_1_54' title='bbox 678 691 926 755; x_wconf 85' lang='grc' dir='ltr'>παρῆσαν,</span> <span class='ocrx_word' id='word_1_55' title='bbox 975 689 1243 754; x_wconf 89' lang='grc' dir='ltr'>πυθόμενοι</span> <span class='ocrx_word' id='word_1_56' title='bbox 1293 687 1406 742; x_wconf 86' lang='grc' dir='ltr'>τοὺς</span> <span class='ocrx_word' id='word_1_57' title='bbox 1441 687 1701 754; x_wconf 66' lang='grc' dir='ltr'>’Έλληνας</span> <span class='ocrx_word' id='word_1_58' title='bbox 1754 688 1881 741; x_wconf 80' lang='grc' dir='ltr'>εἶναι</span> <span class='ocrx_word' id='word_1_59' title='bbox 1932 691 1988 742; x_wconf 89' lang='grc' dir='ltr'>ἐν</span> 
     </span>
     <span class='ocr_line' id='line_1_11' title="bbox 323 772 1984 846; baseline 0.002 -23"><span class='ocrx_word' id='word_1_60' title='bbox 323 776 629 845; x_wconf 78' lang='grc' dir='ltr'>Πλαταιῇσι,</span> <span class='ocrx_word' id='word_1_61' title='bbox 670 772 749 823; x_wconf 89' lang='grc' dir='ltr'>καὶ</span> <span class='ocrx_word' id='word_1_62' title='bbox 785 772 924 824; x_wconf 84' lang='grc' dir='ltr'>αὐτοὶ</span> <span class='ocrx_word' id='word_1_63' title='bbox 961 773 1042 825; x_wconf 87' lang='grc' dir='ltr'>ἐπὶ</span> <span class='ocrx_word' id='word_1_64' title='bbox 1084 772 1171 825; x_wconf 86' lang='grc' dir='ltr'>τὸν</span> <span class='ocrx_word' id='word_1_65' title='bbox 1210 772 1449 825; x_wconf 88' lang='grc' dir='ltr'>Ἀσωπὸν</span> <span class='ocrx_word' id='word_1_66' title='bbox 1483 777 1583 829; x_wconf 62' lang='grc' dir='ltr'>τὸν,</span> <span class='ocrx_word' id='word_1_67' title='bbox 1605 773 1756 846; x_wconf 83' lang='grc' dir='ltr'>ταύτῃ</span> <span class='ocrx_word' id='word_1_68' title='bbox 1791 772 1984 841; x_wconf 83' lang='grc' dir='ltr'>ῥέοντα.</span> 
     </span>
     <span class='ocr_line' id='line_1_12' title="bbox 323 856 1987 926; baseline 0.001 -19"><span class='ocrx_word' id='word_1_69' title='bbox 323 857 613 922; x_wconf 88' lang='grc' dir='ltr'>ἀπικόμενοι</span> <span class='ocrx_word' id='word_1_70' title='bbox 657 859 710 909; x_wconf 80' lang='grc' dir='ltr'>δὲ</span> <span class='ocrx_word' id='word_1_71' title='bbox 761 856 1135 909; x_wconf 85' lang='grc' dir='ltr'>ἀντετάσσοντο</span> <span class='ocrx_word' id='word_1_72' title='bbox 1186 858 1281 910; x_wconf 79' lang='grc' dir='ltr'>ὧδε</span> <span class='ocrx_word' id='word_1_73' title='bbox 1331 856 1428 910; x_wconf 80' lang='grc' dir='ltr'>ὑπὸ</span> <span class='ocrx_word' id='word_1_74' title='bbox 1472 859 1775 926; x_wconf 86' lang='grc' dir='ltr'>Μαρδονίου.</span> <span class='ocrx_word' id='word_1_75' title='bbox 1863 859 1987 910; x_wconf 78' lang='grc' dir='ltr'>κατὰ</span> 
     </span>
     <span class='ocr_line' id='line_1_13' title="bbox 319 940 2062 1010; baseline 0.001 -19"><span class='ocrx_word' id='word_1_76' title='bbox 319 942 413 1005; x_wconf 80' lang='grc' dir='ltr'>μὲν</span> <span class='ocrx_word' id='word_1_77' title='bbox 459 942 873 1006; x_wconf 89' lang='grc' dir='ltr'>Λακεδαιμονίους</span> <span class='ocrx_word' id='word_1_78' title='bbox 916 940 1103 1006; x_wconf 84' lang='grc' dir='ltr'>ἔστησε</span> <span class='ocrx_word' id='word_1_79' title='bbox 1148 941 1367 1009; x_wconf 88' lang='grc' dir='ltr'>Πέρσας.</span> <span class='ocrx_word' id='word_1_80' title='bbox 1456 942 1536 995; x_wconf 86' lang='grc' dir='ltr'>καὶ</span> <span class='ocrx_word' id='word_1_81' title='bbox 1572 941 1630 1006; x_wconf 80' lang='grc' dir='ltr'>δὴ</span> <span class='ocrx_word' id='word_1_82' title='bbox 1664 944 1857 994; x_wconf 86' lang='grc' dir='ltr'>πολλὸν</span> <span class='ocrx_word' id='word_1_83' title='bbox 1891 943 1988 1010; x_wconf 79' lang='grc' dir='ltr'>γὰρ</span> <span class='ocrx_word' id='word_1_84' title='bbox 2015 965 2062 993; x_wconf 89' lang='grc' dir='ltr'>ιο</span> 
     </span>
     <span class='ocr_line' id='line_1_14' title="bbox 320 1023 1981 1092; baseline 0 -15"><span class='ocrx_word' id='word_1_85' title='bbox 320 1028 568 1092; x_wconf 85' lang='grc' dir='ltr'>περιῆσαν</span> <span class='ocrx_word' id='word_1_86' title='bbox 609 1023 791 1091; x_wconf 76' lang='grc' dir='ltr'>πλήθεϊ</span> <span class='ocrx_word' id='word_1_87' title='bbox 831 1027 878 1077; x_wconf 82' lang='grc' dir='ltr'>οἱ</span> <span class='ocrx_word' id='word_1_88' title='bbox 920 1025 1133 1091; x_wconf 88' lang='grc' dir='ltr'>Πέρσαι,</span> <span class='ocrx_word' id='word_1_89' title='bbox 1171 1027 1257 1078; x_wconf 87' lang='grc' dir='ltr'>ἐπί</span> <span class='ocrx_word' id='word_1_90' title='bbox 1292 1047 1347 1078; x_wconf 88' lang='grc' dir='ltr'>τε</span> <span class='ocrx_word' id='word_1_91' title='bbox 1386 1024 1525 1091; x_wconf 83' lang='grc' dir='ltr'>τάξις</span> <span class='ocrx_word' id='word_1_92' title='bbox 1565 1030 1782 1080; x_wconf 81' lang='grc' dir='ltr'>πλεῦνας</span> <span class='ocrx_word' id='word_1_93' title='bbox 1817 1027 1981 1078; x_wconf 83' lang='grc' dir='ltr'>ἐκεκο-</span> 
     </span>
     <span class='ocr_line' id='line_1_15' title="bbox 322 1108 1986 1177; baseline 0.001 -18"><span class='ocrx_word' id='word_1_94' title='bbox 322 1108 511 1174; x_wconf 89' lang='grc' dir='ltr'>σμέατο</span> <span class='ocrx_word' id='word_1_95' title='bbox 543 1109 622 1161; x_wconf 91' lang='grc' dir='ltr'>καὶ</span> <span class='ocrx_word' id='word_1_96' title='bbox 653 1111 857 1177; x_wconf 82' lang='grc' dir='ltr'>ἐπεῖχον</span> <span class='ocrx_word' id='word_1_97' title='bbox 881 1109 959 1161; x_wconf 91' lang='grc' dir='ltr'>καὶ</span> <span class='ocrx_word' id='word_1_98' title='bbox 979 1109 1091 1163; x_wconf 88' lang='grc' dir='ltr'>τοὺς</span> <span class='ocrx_word' id='word_1_99' title='bbox 1113 1108 1382 1177; x_wconf 85' lang='grc' dir='ltr'>Τεγεήτας.</span> <span class='ocrx_word' id='word_1_100' title='bbox 1443 1108 1587 1175; x_wconf 82' lang='grc' dir='ltr'>ἔταξε</span> <span class='ocrx_word' id='word_1_101' title='bbox 1610 1112 1665 1162; x_wconf 80' lang='grc' dir='ltr'>δὲ</span> <span class='ocrx_word' id='word_1_102' title='bbox 1695 1111 1837 1162; x_wconf 87' lang='grc' dir='ltr'>οὕτω·</span> <span class='ocrx_word' id='word_1_103' title='bbox 1882 1110 1912 1160; x_wconf 85' lang='grc' dir='ltr'>ὅ</span> <span class='ocrx_word' id='word_1_104' title='bbox 1939 1131 1986 1161; x_wconf 90' lang='grc' dir='ltr'>τι</span> 
     </span>
     <span class='ocr_line' id='line_1_16' title="bbox 319 1192 1985 1260; baseline 0.001 -15"><span class='ocrx_word' id='word_1_105' title='bbox 319 1195 412 1259; x_wconf 81' lang='grc' dir='ltr'>μὲν</span> <span class='ocrx_word' id='word_1_106' title='bbox 457 1192 517 1258; x_wconf 85' lang='grc' dir='ltr'>ἧν</span> <span class='ocrx_word' id='word_1_107' title='bbox 561 1193 720 1246; x_wconf 83' lang='grc' dir='ltr'>αὐτῶν</span> <span class='ocrx_word' id='word_1_108' title='bbox 764 1194 1104 1246; x_wconf 88' lang='grc' dir='ltr'>δυνατώτατον</span> <span class='ocrx_word' id='word_1_109' title='bbox 1147 1197 1247 1246; x_wconf 80' lang='grc' dir='ltr'>πᾶν</span> <span class='ocrx_word' id='word_1_110' title='bbox 1290 1193 1540 1260; x_wconf 82' lang='grc' dir='ltr'>ἀπολέξας</span> <span class='ocrx_word' id='word_1_111' title='bbox 1585 1194 1774 1259; x_wconf 85' lang='grc' dir='ltr'>ἔστησε</span> <span class='ocrx_word' id='word_1_112' title='bbox 1816 1194 1985 1247; x_wconf 87' lang='grc' dir='ltr'>ἀντίον</span> 
     </span>
     <span class='ocr_line' id='line_1_17' title="bbox 321 1277 1985 1345; baseline 0.002 -17"><span class='ocrx_word' id='word_1_113' title='bbox 321 1279 740 1342; x_wconf 87' lang='grc' dir='ltr'>Λακεδαιμονίων,</span> <span class='ocrx_word' id='word_1_114' title='bbox 787 1277 844 1329; x_wconf 90' lang='grc' dir='ltr'>τὸ</span> <span class='ocrx_word' id='word_1_115' title='bbox 894 1280 948 1331; x_wconf 81' lang='grc' dir='ltr'>δὲ</span> <span class='ocrx_word' id='word_1_116' title='bbox 999 1277 1366 1342; x_wconf 89' lang='grc' dir='ltr'>ἀσθενέστερον</span> <span class='ocrx_word' id='word_1_117' title='bbox 1410 1277 1657 1345; x_wconf 80' lang='grc' dir='ltr'>παρέταξε</span> <span class='ocrx_word' id='word_1_118' title='bbox 1704 1280 1826 1330; x_wconf 80' lang='grc' dir='ltr'>κατὰ</span> <span class='ocrx_word' id='word_1_119' title='bbox 1870 1277 1985 1332; x_wconf 82' lang='grc' dir='ltr'>τοὺς</span> 
     </span>
     <span class='ocr_line' id='line_1_18' title="bbox 319 1360 2059 1430; baseline 0.001 -18"><span class='ocrx_word' id='word_1_120' title='bbox 319 1360 586 1429; x_wconf 84' lang='grc' dir='ltr'>Τεγεήτας.</span> <span class='ocrx_word' id='word_1_121' title='bbox 673 1365 826 1414; x_wconf 85' lang='grc' dir='ltr'>ταῦτα</span> <span class='ocrx_word' id='word_1_122' title='bbox 856 1361 897 1413; x_wconf 89' lang='grc' dir='ltr'>δ’</span> <span class='ocrx_word' id='word_1_123' title='bbox 928 1364 1093 1415; x_wconf 91' lang='grc' dir='ltr'>ἐποίεε</span> <span class='ocrx_word' id='word_1_124' title='bbox 1130 1363 1423 1430; x_wconf 85' lang='grc' dir='ltr'>φραζόντων</span> <span class='ocrx_word' id='word_1_125' title='bbox 1452 1385 1508 1416; x_wconf 91' lang='grc' dir='ltr'>τε</span> <span class='ocrx_word' id='word_1_126' title='bbox 1539 1362 1618 1414; x_wconf 90' lang='grc' dir='ltr'>καὶ</span> <span class='ocrx_word' id='word_1_127' title='bbox 1649 1363 1985 1415; x_wconf 88' lang='grc' dir='ltr'>διδασκόντων</span> <span class='ocrx_word' id='word_1_128' title='bbox 2013 1383 2059 1423; x_wconf 89' lang='lat'>15</span> 
     </span>
     <span class='ocr_line' id='line_1_19' title="bbox 323 1445 1986 1515; baseline 0.001 -18"><span class='ocrx_word' id='word_1_129' title='bbox 323 1447 585 1511; x_wconf 85' lang='grc' dir='ltr'>Θηβαίων.</span> <span class='ocrx_word' id='word_1_130' title='bbox 673 1448 916 1514; x_wconf 88' lang='grc' dir='ltr'>Περσέων</span> <span class='ocrx_word' id='word_1_131' title='bbox 946 1449 999 1499; x_wconf 83' lang='grc' dir='ltr'>δὲ</span> <span class='ocrx_word' id='word_1_132' title='bbox 1028 1446 1298 1515; x_wconf 82' lang='grc' dir='ltr'>ἐχομένους</span> <span class='ocrx_word' id='word_1_133' title='bbox 1327 1445 1472 1512; x_wconf 83' lang='grc' dir='ltr'>ἔταξε</span> <span class='ocrx_word' id='word_1_134' title='bbox 1502 1445 1720 1512; x_wconf 87' lang='grc' dir='ltr'>Μήδους·</span> <span class='ocrx_word' id='word_1_135' title='bbox 1766 1446 1901 1499; x_wconf 81' lang='grc' dir='ltr'>οὗτοι</span> <span class='ocrx_word' id='word_1_136' title='bbox 1931 1448 1986 1499; x_wconf 85' lang='grc' dir='ltr'>δὲ</span> 
     </span>
     <span class='ocr_line' id='line_1_20' title="bbox 323 1529 1986 1600; baseline 0.003 -18"><span class='ocrx_word' id='word_1_137' title='bbox 323 1529 545 1598; x_wconf 87' lang='grc' dir='ltr'>ἐπέσχον</span> <span class='ocrx_word' id='word_1_138' title='bbox 585 1532 872 1596; x_wconf 90' lang='grc' dir='ltr'>Κορινθίους</span> <span class='ocrx_word' id='word_1_139' title='bbox 909 1552 964 1583; x_wconf 90' lang='grc' dir='ltr'>τε</span> <span class='ocrx_word' id='word_1_140' title='bbox 1000 1532 1079 1583; x_wconf 85' lang='grc' dir='ltr'>καὶ</span> <span class='ocrx_word' id='word_1_141' title='bbox 1118 1529 1476 1596; x_wconf 89' lang='grc' dir='ltr'>Ποτειδαιήτας</span> <span class='ocrx_word' id='word_1_142' title='bbox 1514 1531 1592 1583; x_wconf 87' lang='grc' dir='ltr'>καὶ</span> <span class='ocrx_word' id='word_1_143' title='bbox 1630 1530 1986 1600; x_wconf 82' lang='grc' dir='ltr'>Ὀρχομενίους</span> 
     </span>
     <span class='ocr_line' id='line_1_21' title="bbox 320 1613 1984 1684; baseline 0.001 -18"><span class='ocrx_word' id='word_1_144' title='bbox 320 1637 375 1668; x_wconf 89' lang='grc' dir='ltr'>τε</span> <span class='ocrx_word' id='word_1_145' title='bbox 407 1615 485 1666; x_wconf 89' lang='grc' dir='ltr'>καὶ</span> <span class='ocrx_word' id='word_1_146' title='bbox 516 1616 825 1669; x_wconf 89' lang='grc' dir='ltr'>Σικυωνίους.</span> <span class='ocrx_word' id='word_1_147' title='bbox 916 1613 1104 1680; x_wconf 89' lang='grc' dir='ltr'>Μήδων</span> <span class='ocrx_word' id='word_1_148' title='bbox 1139 1619 1192 1668; x_wconf 79' lang='grc' dir='ltr'>δὲ</span> <span class='ocrx_word' id='word_1_149' title='bbox 1228 1615 1495 1684; x_wconf 88' lang='grc' dir='ltr'>ἐχομένους</span> <span class='ocrx_word' id='word_1_150' title='bbox 1525 1614 1667 1680; x_wconf 84' lang='grc' dir='ltr'>ἔταξε</span> <span class='ocrx_word' id='word_1_151' title='bbox 1701 1616 1984 1684; x_wconf 88' lang='grc' dir='ltr'>Βακτρίους·</span> 
     </span>
     <span class='ocr_line' id='line_1_22' title="bbox 324 1698 1982 1775; baseline 0.001 -25"><span class='ocrx_word' id='word_1_152' title='bbox 324 1699 460 1751; x_wconf 78' lang='grc' dir='ltr'>οὗτοι</span> <span class='ocrx_word' id='word_1_153' title='bbox 489 1702 542 1751; x_wconf 80' lang='grc' dir='ltr'>δὲ</span> <span class='ocrx_word' id='word_1_154' title='bbox 573 1698 794 1775; x_wconf 80' lang='grc' dir='ltr'>ἐπέσχον</span> <span class='ocrx_word' id='word_1_155' title='bbox 824 1699 1172 1767; x_wconf 88' lang='grc' dir='ltr'>Ἐπιδαυρίους</span> <span class='ocrx_word' id='word_1_156' title='bbox 1205 1721 1259 1752; x_wconf 93' lang='grc' dir='ltr'>τε</span> <span class='ocrx_word' id='word_1_157' title='bbox 1298 1700 1376 1752; x_wconf 86' lang='grc' dir='ltr'>καὶ</span> <span class='ocrx_word' id='word_1_158' title='bbox 1410 1700 1726 1767; x_wconf 79' lang='grc' dir='ltr'>Τροιζηνίους</span> <span class='ocrx_word' id='word_1_159' title='bbox 1770 1699 1850 1751; x_wconf 90' lang='grc' dir='ltr'>καὶ</span> <span class='ocrx_word' id='word_1_160' title='bbox 1889 1703 1982 1752; x_wconf 92' lang='grc' dir='ltr'>Λε-</span> 
     </span>
     <span class='ocr_line' id='line_1_23' title="bbox 324 1782 2062 1852; baseline 0 -16"><span class='ocrx_word' id='word_1_161' title='bbox 324 1782 538 1850; x_wconf 89' lang='grc' dir='ltr'>πρεήτας</span> <span class='ocrx_word' id='word_1_162' title='bbox 561 1805 615 1836; x_wconf 94' lang='grc' dir='ltr'>τε</span> <span class='ocrx_word' id='word_1_163' title='bbox 635 1784 715 1835; x_wconf 89' lang='grc' dir='ltr'>καὶ</span> <span class='ocrx_word' id='word_1_164' title='bbox 737 1784 1027 1852; x_wconf 90' lang='grc' dir='ltr'>Τιρυνθίους</span> <span class='ocrx_word' id='word_1_165' title='bbox 1046 1783 1125 1835; x_wconf 88' lang='grc' dir='ltr'>καὶ</span> <span class='ocrx_word' id='word_1_166' title='bbox 1145 1785 1460 1849; x_wconf 90' lang='grc' dir='ltr'>Μυκηναίους</span> <span class='ocrx_word' id='word_1_167' title='bbox 1482 1805 1537 1837; x_wconf 89' lang='grc' dir='ltr'>τε</span> <span class='ocrx_word' id='word_1_168' title='bbox 1561 1785 1640 1836; x_wconf 91' lang='grc' dir='ltr'>καὶ</span> <span class='ocrx_word' id='word_1_169' title='bbox 1664 1784 1982 1837; x_wconf 88' lang='grc' dir='ltr'>Φλειασίους.</span> <span class='ocrx_word' id='word_1_170' title='bbox 2012 1807 2062 1836; x_wconf 86' lang='lat'>²0</span> 
     </span>
     <span class='ocr_line' id='line_1_24' title="bbox 322 1866 1982 1935; baseline -0.001 -16"><span class='ocrx_word' id='word_1_171' title='bbox 322 1870 448 1933; x_wconf 80' lang='grc' dir='ltr'>μετὰ</span> <span class='ocrx_word' id='word_1_172' title='bbox 484 1871 537 1920; x_wconf 78' lang='grc' dir='ltr'>δὲ</span> <span class='ocrx_word' id='word_1_173' title='bbox 576 1869 845 1934; x_wconf 87' lang='grc' dir='ltr'>Βακτρίους</span> <span class='ocrx_word' id='word_1_174' title='bbox 882 1868 1068 1933; x_wconf 74' lang='grc' dir='ltr'>ἔστησε</span> <span class='ocrx_word' id='word_1_175' title='bbox 1098 1868 1300 1922; x_wconf 83' lang='grc' dir='ltr'>Ἰνδούς·</span> <span class='ocrx_word' id='word_1_176' title='bbox 1355 1868 1489 1920; x_wconf 78' lang='grc' dir='ltr'>οὗτοι</span> <span class='ocrx_word' id='word_1_177' title='bbox 1523 1871 1576 1920; x_wconf 82' lang='grc' dir='ltr'>δὲ</span> <span class='ocrx_word' id='word_1_178' title='bbox 1615 1866 1837 1935; x_wconf 91' lang='grc' dir='ltr'>ἐπέσχον</span> <span class='ocrx_word' id='word_1_179' title='bbox 1866 1866 1982 1935; x_wconf 88' lang='grc' dir='ltr'>Ἑρ-</span> 
     </span>
     <span class='ocr_line' id='line_1_25' title="bbox 321 1950 2049 2022; baseline -0.001 -18"><span class='ocrx_word' id='word_1_180' title='bbox 321 1951 523 2017; x_wconf 90' lang='grc' dir='ltr'>μιονέας</span> <span class='ocrx_word' id='word_1_181' title='bbox 561 1973 615 2004; x_wconf 89' lang='grc' dir='ltr'>τε</span> <span class='ocrx_word' id='word_1_182' title='bbox 654 1952 732 2003; x_wconf 89' lang='grc' dir='ltr'>καὶ</span> <span class='ocrx_word' id='word_1_183' title='bbox 777 1950 1058 2019; x_wconf 89' lang='grc' dir='ltr'>Ἐρετριέας</span> <span class='ocrx_word' id='word_1_184' title='bbox 1096 1952 1174 2004; x_wconf 87' lang='grc' dir='ltr'>καὶ</span> <span class='ocrx_word' id='word_1_185' title='bbox 1218 1951 1434 2019; x_wconf 87' lang='grc' dir='ltr'>Στυρέας</span> <span class='ocrx_word' id='word_1_186' title='bbox 1474 1974 1530 2005; x_wconf 93' lang='grc' dir='ltr'>τε</span> <span class='ocrx_word' id='word_1_187' title='bbox 1567 1953 1646 2004; x_wconf 83' lang='grc' dir='ltr'>καὶ</span> <span class='ocrx_word' id='word_1_188' title='bbox 1685 1950 1982 2004; x_wconf 90' lang='grc' dir='ltr'>Χαλκιδέας.</span> <span class='ocrx_word' id='word_1_189' title='bbox 2047 2020 2049 2022; x_wconf 64' lang='lat'>‚</span> 
     </span>
     <span class='ocr_line' id='line_1_26' title="bbox 323 2035 1985 2106; baseline 0.001 -19"><span class='ocrx_word' id='word_1_190' title='bbox 323 2036 492 2089; x_wconf 83' lang='grc' dir='ltr'>Ἰνδῶν</span> <span class='ocrx_word' id='word_1_191' title='bbox 524 2039 576 2089; x_wconf 77' lang='grc' dir='ltr'>δὲ</span> <span class='ocrx_word' id='word_1_192' title='bbox 607 2035 874 2104; x_wconf 87' lang='grc' dir='ltr'>ἐχομένους</span> <span class='ocrx_word' id='word_1_193' title='bbox 898 2035 1061 2090; x_wconf 87' lang='grc' dir='ltr'>Σάκας</span> <span class='ocrx_word' id='word_1_194' title='bbox 1091 2035 1250 2101; x_wconf 83' lang='grc' dir='ltr'>ἔταξε,</span> <span class='ocrx_word' id='word_1_195' title='bbox 1276 2037 1322 2089; x_wconf 79' lang='grc' dir='ltr'>οἳ</span> <span class='ocrx_word' id='word_1_196' title='bbox 1354 2035 1580 2106; x_wconf 87' lang='grc' dir='ltr'>ἐπέσχον</span> <span class='ocrx_word' id='word_1_197' title='bbox 1610 2035 1985 2103; x_wconf 84' lang='grc' dir='ltr'>Ἀμπρακιώτας</span> 
     </span>
     <span class='ocr_line' id='line_1_27' title="bbox 322 2118 1982 2188; baseline 0 -16"><span class='ocrx_word' id='word_1_198' title='bbox 322 2142 376 2172; x_wconf 89' lang='grc' dir='ltr'>τε</span> <span class='ocrx_word' id='word_1_199' title='bbox 408 2120 489 2172; x_wconf 89' lang='grc' dir='ltr'>καὶ</span> <span class='ocrx_word' id='word_1_200' title='bbox 519 2119 864 2187; x_wconf 89' lang='grc' dir='ltr'>Ἀνακτορίους</span> <span class='ocrx_word' id='word_1_201' title='bbox 895 2120 974 2172; x_wconf 86' lang='grc' dir='ltr'>καὶ</span> <span class='ocrx_word' id='word_1_202' title='bbox 998 2121 1298 2175; x_wconf 89' lang='grc' dir='ltr'>Λευκαδίους</span> <span class='ocrx_word' id='word_1_203' title='bbox 1329 2120 1407 2172; x_wconf 88' lang='grc' dir='ltr'>καὶ</span> <span class='ocrx_word' id='word_1_204' title='bbox 1433 2119 1638 2174; x_wconf 88' lang='grc' dir='ltr'>Παλέας</span> <span class='ocrx_word' id='word_1_205' title='bbox 1669 2119 1747 2172; x_wconf 89' lang='grc' dir='ltr'>καὶ</span> <span class='ocrx_word' id='word_1_206' title='bbox 1778 2118 1982 2188; x_wconf 79' lang='grc' dir='ltr'>Αἰγινή-</span> 
     </span>
     <span class='ocr_line' id='line_1_28' title="bbox 325 2202 2056 2273; baseline -0.001 -17"><span class='ocrx_word' id='word_1_207' title='bbox 325 2226 431 2258; x_wconf 92' lang='grc' dir='ltr'>τας.</span> <span class='ocrx_word' id='word_1_208' title='bbox 518 2204 718 2256; x_wconf 91' lang='grc' dir='ltr'>Σακέων</span> <span class='ocrx_word' id='word_1_209' title='bbox 756 2207 810 2256; x_wconf 81' lang='grc' dir='ltr'>δὲ</span> <span class='ocrx_word' id='word_1_210' title='bbox 848 2203 1116 2273; x_wconf 89' lang='grc' dir='ltr'>ἐχομένους</span> <span class='ocrx_word' id='word_1_211' title='bbox 1154 2202 1298 2269; x_wconf 86' lang='grc' dir='ltr'>ἔταξε</span> <span class='ocrx_word' id='word_1_212' title='bbox 1336 2205 1478 2256; x_wconf 89' lang='grc' dir='ltr'>ἀντία</span> <span class='ocrx_word' id='word_1_213' title='bbox 1513 2203 1790 2269; x_wconf 90' lang='grc' dir='ltr'>Ἀθηναίων</span> <span class='ocrx_word' id='word_1_214' title='bbox 1819 2225 1874 2256; x_wconf 94' lang='grc' dir='ltr'>τε</span> <span class='ocrx_word' id='word_1_215' title='bbox 1905 2203 1984 2255; x_wconf 87' lang='grc' dir='ltr'>καὶ</span> <span class='ocrx_word' id='word_1_216' title='bbox 2011 2226 2056 2266; x_wconf 84' lang='lat'>25</span> 
     </span>
     <span class='ocr_line' id='line_1_29' title="bbox 327 2286 1985 2355; baseline -0.001 -15"><span class='ocrx_word' id='word_1_217' title='bbox 327 2288 626 2341; x_wconf 89' lang='grc' dir='ltr'>Πλαταιέων</span> <span class='ocrx_word' id='word_1_218' title='bbox 672 2288 750 2340; x_wconf 88' lang='grc' dir='ltr'>καὶ</span> <span class='ocrx_word' id='word_1_219' title='bbox 797 2287 1075 2355; x_wconf 82' lang='grc' dir='ltr'>Μεγαρέων</span> <span class='ocrx_word' id='word_1_220' title='bbox 1127 2288 1374 2342; x_wconf 85' lang='grc' dir='ltr'>Βοιωτούς</span> <span class='ocrx_word' id='word_1_221' title='bbox 1418 2309 1471 2340; x_wconf 88' lang='grc' dir='ltr'>τε</span> <span class='ocrx_word' id='word_1_222' title='bbox 1518 2287 1598 2339; x_wconf 87' lang='grc' dir='ltr'>καὶ</span> <span class='ocrx_word' id='word_1_223' title='bbox 1642 2286 1861 2354; x_wconf 86' lang='grc' dir='ltr'>Λοκροὺς</span> <span class='ocrx_word' id='word_1_224' title='bbox 1907 2286 1985 2338; x_wconf 85' lang='grc' dir='ltr'>καὶ</span> 
     </span>
     <span class='ocr_line' id='line_1_30' title="bbox 327 2371 1986 2439; baseline -0.001 -16"><span class='ocrx_word' id='word_1_225' title='bbox 327 2372 557 2438; x_wconf 90' lang='grc' dir='ltr'>Μηλιέας</span> <span class='ocrx_word' id='word_1_226' title='bbox 589 2372 666 2424; x_wconf 87' lang='grc' dir='ltr'>καὶ</span> <span class='ocrx_word' id='word_1_227' title='bbox 698 2371 1004 2426; x_wconf 82' lang='grc' dir='ltr'>Θεσσαλοὺς</span> <span class='ocrx_word' id='word_1_228' title='bbox 1037 2372 1116 2424; x_wconf 91' lang='grc' dir='ltr'>καὶ</span> <span class='ocrx_word' id='word_1_229' title='bbox 1147 2371 1363 2424; x_wconf 88' lang='grc' dir='ltr'>Φωκέων</span> <span class='ocrx_word' id='word_1_230' title='bbox 1394 2371 1507 2426; x_wconf 84' lang='grc' dir='ltr'>τοὺς</span> <span class='ocrx_word' id='word_1_231' title='bbox 1537 2373 1748 2439; x_wconf 88' lang='grc' dir='ltr'>χιλίους·</span> <span class='ocrx_word' id='word_1_232' title='bbox 1801 2372 1858 2424; x_wconf 87' lang='grc' dir='ltr'>οὗ</span> <span class='ocrx_word' id='word_1_233' title='bbox 1891 2372 1986 2438; x_wconf 76' lang='grc' dir='ltr'>γὰρ</span> 
     </span>
    </p>
   </div>
   <div class='ocr_carea' id='block_1_5' title="bbox 327 2505 2062 2886">
    <p class='ocr_par' dir='ltr' id='par_1_6' title="bbox 327 2505 2062 2886">
     <span class='ocr_line' id='line_1_31' title="bbox 386 2505 2062 2563; baseline -0.001 -15"><span class='ocrx_word' id='word_1_234' title='bbox 386 2523 404 2548; x_wconf 91' lang='lat'>1</span> <span class='ocrx_word' id='word_1_235' title='bbox 441 2510 592 2563; x_wconf 81' lang='grc' dir='ltr'>ἀνδρῶν</span> <span class='ocrx_word' id='word_1_236' title='bbox 620 2522 701 2550; x_wconf 90' lang='lat' dir='ltr'>om.</span> <span class='ocrx_word' id='word_1_237' title='bbox 737 2509 874 2550; x_wconf 86' lang='lat' dir='ltr'>RSV</span> <span class='ocrx_word' id='word_1_238' title='bbox 1077 2522 1103 2548; x_wconf 81' lang='lat'><em>2</em></span> <span class='ocrx_word' id='word_1_239' title='bbox 1141 2509 1238 2563; x_wconf 82' lang='grc' dir='ltr'>γὰρ]</span> <span class='ocrx_word' id='word_1_240' title='bbox 1271 2508 1315 2550; x_wconf 79' lang='grc' dir='ltr'>δὲ</span> <span class='ocrx_word' id='word_1_241' title='bbox 1346 2508 1445 2548; x_wconf 84' lang='lat' dir='ltr'>CP¹</span> <span class='ocrx_word' id='word_1_242' title='bbox 1506 2505 1509 2507; x_wconf 47' lang='grc'><strong><em>’</em></strong></span> <span class='ocrx_word' id='word_1_243' title='bbox 1648 2520 1674 2558; x_wconf 87' lang='grc'>3</span> <span class='ocrx_word' id='word_1_244' title='bbox 1716 2510 1756 2550; x_wconf 83' lang='grc' dir='ltr'>ἐς</span> <span class='ocrx_word' id='word_1_245' title='bbox 1784 2521 1867 2548; x_wconf 90' lang='lat' dir='ltr'>om.</span> <span class='ocrx_word' id='word_1_246' title='bbox 1901 2507 1986 2547; x_wconf 87' lang='lat' dir='ltr'>RS</span> <span class='ocrx_word' id='word_1_247' title='bbox 2059 2551 2062 2553; x_wconf 60' lang='grc'>,</span> 
     </span>
     <span class='ocr_line' id='line_1_32' title="bbox 328 2561 1987 2618; baseline -0.003 -13"><span class='ocrx_word' id='word_1_248' title='bbox 328 2578 352 2614; x_wconf 91' lang='lat'><strong>4</strong></span> <span class='ocrx_word' id='word_1_249' title='bbox 396 2567 467 2605; x_wconf 79' lang='grc' dir='ltr'>οὐκ</span> <span class='ocrx_word' id='word_1_250' title='bbox 499 2564 534 2603; x_wconf 91' lang='lat' dir='ltr'>C</span> <span class='ocrx_word' id='word_1_251' title='bbox 769 2565 797 2602; x_wconf 89' lang='lat'><strong>6</strong></span> <span class='ocrx_word' id='word_1_252' title='bbox 839 2564 940 2617; x_wconf 80' lang='grc' dir='ltr'>ἀμφὶ</span> <span class='ocrx_word' id='word_1_253' title='bbox 974 2564 1063 2618; x_wconf 79' lang='grc' dir='ltr'>περὶ</span> <span class='ocrx_word' id='word_1_254' title='bbox 1098 2563 1132 2602; x_wconf 90' lang='lat' dir='ltr'>C</span> <span class='ocrx_word' id='word_1_255' title='bbox 1386 2565 1413 2602; x_wconf 90' lang='lat'>8</span> <span class='ocrx_word' id='word_1_256' title='bbox 1456 2561 1745 2614; x_wconf 83' lang='grc' dir='ltr'>Πλαταίη(ι)σι</span> <span class='ocrx_word' id='word_1_257' title='bbox 1780 2562 1821 2601; x_wconf 94' lang='grc' dir='ltr'><strong>Α</strong></span> <span class='ocrx_word' id='word_1_258' title='bbox 1838 2562 1874 2601; x_wconf 92' lang='grc' dir='ltr'>Β</span> <span class='ocrx_word' id='word_1_259' title='bbox 1892 2562 1932 2601; x_wconf 91' lang='lat' dir='ltr'>R</span> <span class='ocrx_word' id='word_1_260' title='bbox 1948 2561 1987 2600; x_wconf 93' lang='lat' dir='ltr'>V</span> 
     </span>
     <span class='ocr_line' id='line_1_33' title="bbox 327 2616 1987 2671; baseline -0.002 -11"><span class='ocrx_word' id='word_1_261' title='bbox 327 2632 355 2668; x_wconf 93' lang='lat'><strong>9</strong></span> <span class='ocrx_word' id='word_1_262' title='bbox 385 2618 612 2660; x_wconf 81' lang='grc' dir='ltr'>ἐτάσσοντο</span> <span class='ocrx_word' id='word_1_263' title='bbox 634 2618 669 2657; x_wconf 89' lang='grc' dir='ltr'>Β</span> <span class='ocrx_word' id='word_1_264' title='bbox 864 2631 909 2656; x_wconf 89' lang='lat'>11</span> <span class='ocrx_word' id='word_1_265' title='bbox 942 2619 1131 2670; x_wconf 86' lang='grc' dir='ltr'>περίεσαν</span> <span class='ocrx_word' id='word_1_266' title='bbox 1149 2618 1190 2658; x_wconf 91' lang='grc' dir='ltr'>Α</span> <span class='ocrx_word' id='word_1_267' title='bbox 1204 2618 1238 2657; x_wconf 93' lang='grc' dir='ltr'>Β</span> <span class='ocrx_word' id='word_1_268' title='bbox 1253 2617 1287 2657; x_wconf 90' lang='lat' dir='ltr'>C</span> <span class='ocrx_word' id='word_1_269' title='bbox 1304 2617 1354 2656; x_wconf 72' lang='lat' dir='ltr'>Pc</span> <span class='ocrx_word' id='word_1_270' title='bbox 1370 2632 1378 2659; x_wconf 93' lang='lat'><strong>:</strong></span> <span class='ocrx_word' id='word_1_271' title='bbox 1413 2617 1630 2671; x_wconf 84' lang='grc' dir='ltr'>περιέασαν</span> <span class='ocrx_word' id='word_1_272' title='bbox 1653 2618 1692 2656; x_wconf 90' lang='lat' dir='ltr'><strong>R</strong></span> <span class='ocrx_word' id='word_1_273' title='bbox 1709 2616 1790 2656; x_wconf 89' lang='lat' dir='ltr'>SV</span> <span class='ocrx_word' id='word_1_274' title='bbox 1899 2617 1987 2658; x_wconf 80' lang='grc' dir='ltr'>ἐπεί</span> 
     </span>
     <span class='ocr_line' id='line_1_34' title="bbox 330 2670 1987 2722; baseline -0.002 -11"><span class='ocrx_word' id='word_1_275' title='bbox 330 2673 368 2711; x_wconf 91' lang='lat' dir='ltr'><strong>R</strong></span> <span class='ocrx_word' id='word_1_276' title='bbox 385 2672 467 2713; x_wconf 87' lang='lat' dir='ltr'>SV</span> <span class='ocrx_word' id='word_1_277' title='bbox 616 2686 664 2712; x_wconf 88' lang='lat'>12</span> <span class='ocrx_word' id='word_1_278' title='bbox 692 2671 764 2713; x_wconf 85' lang='lat' dir='ltr'><strong>alt.</strong></span> <span class='ocrx_word' id='word_1_279' title='bbox 788 2673 852 2714; x_wconf 83' lang='grc' dir='ltr'>καὶ</span> <span class='ocrx_word' id='word_1_280' title='bbox 873 2685 954 2712; x_wconf 91' lang='lat' dir='ltr'>om.</span> <span class='ocrx_word' id='word_1_281' title='bbox 977 2672 1112 2712; x_wconf 89' lang='lat' dir='ltr'>ABC</span> <span class='ocrx_word' id='word_1_282' title='bbox 1128 2672 1163 2712; x_wconf 89' lang='lat' dir='ltr'>P</span> <span class='ocrx_word' id='word_1_283' title='bbox 1314 2685 1364 2722; x_wconf 86' lang='lat'>13</span> <span class='ocrx_word' id='word_1_284' title='bbox 1393 2675 1523 2714; x_wconf 78' lang='grc' dir='ltr'>αὐτῶν</span> <span class='ocrx_word' id='word_1_285' title='bbox 1545 2673 1598 2711; x_wconf 88' lang='lat' dir='ltr'>de</span> <span class='ocrx_word' id='word_1_286' title='bbox 1621 2672 1780 2711; x_wconf 82' lang='lat' dir='ltr'>Pauw:</span> <span class='ocrx_word' id='word_1_287' title='bbox 1809 2673 1931 2712; x_wconf 78' lang='grc' dir='ltr'>αὐτοῦ</span> <span class='ocrx_word' id='word_1_288' title='bbox 1952 2670 1987 2708; x_wconf 89' lang='lat' dir='ltr'>L</span> 
     </span>
     <span class='ocr_line' id='line_1_35' title="bbox 332 2726 1985 2781; baseline -0.001 -14"><span class='ocrx_word' id='word_1_289' title='bbox 332 2740 380 2777; x_wconf 92' lang='lat'>17</span> <span class='ocrx_word' id='word_1_290' title='bbox 411 2731 548 2769; x_wconf 81' lang='grc' dir='ltr'>Ποτιδ.</span> <span class='ocrx_word' id='word_1_291' title='bbox 578 2727 611 2765; x_wconf 88' lang='lat' dir='ltr'>L</span> <span class='ocrx_word' id='word_1_292' title='bbox 727 2741 775 2778; x_wconf 86' lang='lat'>19</span> <span class='ocrx_word' id='word_1_293' title='bbox 802 2727 1025 2781; x_wconf 82' lang='grc' dir='ltr'>Λεπριήτας</span> <span class='ocrx_word' id='word_1_294' title='bbox 1045 2727 1085 2765; x_wconf 93' lang='grc' dir='ltr'>Α</span> <span class='ocrx_word' id='word_1_295' title='bbox 1099 2726 1180 2766; x_wconf 90' lang='lat' dir='ltr'>BC</span> <span class='ocrx_word' id='word_1_296' title='bbox 1276 2740 1331 2766; x_wconf 88' lang='lat'>20</span> <span class='ocrx_word' id='word_1_297' title='bbox 1358 2740 1420 2777; x_wconf 84' lang='lat' dir='ltr'>pr.</span> <span class='ocrx_word' id='word_1_298' title='bbox 1443 2744 1489 2767; x_wconf 82' lang='grc' dir='ltr'>τε</span> <span class='ocrx_word' id='word_1_299' title='bbox 1512 2739 1592 2766; x_wconf 89' lang='lat' dir='ltr'>om.</span> <span class='ocrx_word' id='word_1_300' title='bbox 1616 2726 1656 2764; x_wconf 91' lang='lat' dir='ltr'>A</span> <span class='ocrx_word' id='word_1_301' title='bbox 1670 2726 1705 2764; x_wconf 95' lang='lat' dir='ltr'>B</span> <span class='ocrx_word' id='word_1_302' title='bbox 1721 2726 1755 2765; x_wconf 94' lang='lat' dir='ltr'>C</span> <span class='ocrx_word' id='word_1_303' title='bbox 1865 2733 1985 2766; x_wconf 82' lang='grc' dir='ltr'>Φλια-</span> 
     </span>
     <span class='ocr_line' id='line_1_36' title="bbox 329 2778 1986 2835; baseline -0.001 -13"><span class='ocrx_word' id='word_1_304' title='bbox 329 2782 542 2823; x_wconf 72' lang='grc' dir='ltr'>σίουςὉΡ</span> <span class='ocrx_word' id='word_1_305' title='bbox 557 2781 596 2819; x_wconf 90' lang='lat' dir='ltr'>R</span> <span class='ocrx_word' id='word_1_306' title='bbox 611 2782 641 2820; x_wconf 88' lang='lat' dir='ltr'>S</span> <span class='ocrx_word' id='word_1_307' title='bbox 654 2781 692 2820; x_wconf 94' lang='lat' dir='ltr'>V</span> <span class='ocrx_word' id='word_1_308' title='bbox 890 2794 943 2831; x_wconf 83' lang='lat'>23</span> <span class='ocrx_word' id='word_1_309' title='bbox 973 2783 1275 2835; x_wconf 80' lang='grc' dir='ltr'>Ἀμβρακιώτας</span> <span class='ocrx_word' id='word_1_310' title='bbox 1298 2782 1336 2820; x_wconf 89' lang='lat' dir='ltr'>R</span> <span class='ocrx_word' id='word_1_311' title='bbox 1353 2782 1383 2821; x_wconf 90' lang='lat' dir='ltr'>S</span> <span class='ocrx_word' id='word_1_312' title='bbox 1395 2781 1433 2819; x_wconf 92' lang='lat' dir='ltr'>V</span> <span class='ocrx_word' id='word_1_313' title='bbox 1451 2795 1460 2820; x_wconf 89' lang='lat'><strong>:</strong></span> <span class='ocrx_word' id='word_1_314' title='bbox 1490 2780 1784 2833; x_wconf 79' lang='grc' dir='ltr'>Ἀμπρακιήτας</span> <span class='ocrx_word' id='word_1_315' title='bbox 1804 2779 1843 2817; x_wconf 91' lang='grc' dir='ltr'>Α</span> <span class='ocrx_word' id='word_1_316' title='bbox 1856 2779 1890 2817; x_wconf 90' lang='grc' dir='ltr'>Β</span> <span class='ocrx_word' id='word_1_317' title='bbox 1903 2779 1938 2818; x_wconf 82' lang='lat' dir='ltr'>C</span> <span class='ocrx_word' id='word_1_318' title='bbox 1953 2778 1986 2817; x_wconf 86' lang='lat' dir='ltr'>P</span> 
     </span>
     <span class='ocr_line' id='line_1_37' title="bbox 330 2832 1987 2886; baseline -0.003 -8"><span class='ocrx_word' id='word_1_319' title='bbox 330 2849 380 2886; x_wconf 83' lang='lat'>24</span> <span class='ocrx_word' id='word_1_320' title='bbox 418 2837 654 2878; x_wconf 83' lang='grc' dir='ltr'>Λευκαδίους</span> <span class='ocrx_word' id='word_1_321' title='bbox 674 2853 721 2877; x_wconf 90' lang='grc' dir='ltr'>τε</span> <span class='ocrx_word' id='word_1_322' title='bbox 747 2837 810 2877; x_wconf 81' lang='grc' dir='ltr'>καὶ</span> <span class='ocrx_word' id='word_1_323' title='bbox 838 2836 876 2873; x_wconf 89' lang='lat' dir='ltr'>R</span> <span class='ocrx_word' id='word_1_324' title='bbox 892 2836 922 2875; x_wconf 90' lang='lat' dir='ltr'>S</span> <span class='ocrx_word' id='word_1_325' title='bbox 936 2837 974 2875; x_wconf 97' lang='lat' dir='ltr'>V</span> <span class='ocrx_word' id='word_1_326' title='bbox 1138 2837 1316 2877; x_wconf 82' lang='grc' dir='ltr'>Παλαίας</span> <span class='ocrx_word' id='word_1_327' title='bbox 1338 2837 1372 2875; x_wconf 90' lang='grc' dir='ltr'>Β</span> <span class='ocrx_word' id='word_1_328' title='bbox 1388 2835 1437 2874; x_wconf 85' lang='lat' dir='ltr'>C¹</span> <span class='ocrx_word' id='word_1_329' title='bbox 1605 2846 1655 2884; x_wconf 84' lang='lat'>25</span> <span class='ocrx_word' id='word_1_330' title='bbox 1695 2835 1830 2875; x_wconf 85' lang='grc' dir='ltr'>ἀντίον</span> <span class='ocrx_word' id='word_1_331' title='bbox 1853 2833 1890 2872; x_wconf 88' lang='lat' dir='ltr'>R</span> <span class='ocrx_word' id='word_1_332' title='bbox 1906 2833 1935 2871; x_wconf 86' lang='lat' dir='ltr'>S</span> <span class='ocrx_word' id='word_1_333' title='bbox 1949 2832 1987 2873; x_wconf 90' lang='lat' dir='ltr'>V</span> 
     </span>
    </p>
   </div>
   <div class='ocr_carea' id='block_1_6' title="bbox 329 2889 907 2942">
    <p class='ocr_par' dir='ltr' id='par_1_7' title="bbox 329 2889 907 2942">
     <span class='ocr_line' id='line_1_38' title="bbox 329 2889 907 2942; baseline -0.003 -11"><span class='ocrx_word' id='word_1_334' title='bbox 329 2903 378 2942; x_wconf 84' lang='lat'>27</span> <span class='ocrx_word' id='word_1_335' title='bbox 412 2889 592 2940; x_wconf 85' lang='grc' dir='ltr'>Μηλιέας</span> <span class='ocrx_word' id='word_1_336' title='bbox 613 2908 659 2932; x_wconf 84' lang='grc' dir='ltr'>τε</span> <span class='ocrx_word' id='word_1_337' title='bbox 681 2892 745 2933; x_wconf 78' lang='grc' dir='ltr'>καὶ</span> <span class='ocrx_word' id='word_1_338' title='bbox 768 2890 807 2929; x_wconf 91' lang='grc' dir='ltr'>Α</span> <span class='ocrx_word' id='word_1_339' title='bbox 824 2890 857 2929; x_wconf 90' lang='grc' dir='ltr'>Β</span> <span class='ocrx_word' id='word_1_340' title='bbox 874 2891 907 2930; x_wconf 92' lang='lat' dir='ltr'>C</span> 
     </span>
    </p>
   </div>
  </div>
 </body>
</html>
