2034 3328
16 127 102 176 VI.
127 141 187 189 41
852 126 1279 176 ΗΡοΔοΤοὙ

223 263 315 325 μὲν
351 261 491 311 οὐδὲν
534 259 810 327 Μητίοχον,
845 260 1008 326 ἀγαθὰ
1050 262 1103 311 63
1144 257 1323 326 συχνά·
1372 259 1450 311 καὶ
1489 262 1586 326 γὰρ
1628 259 1764 312 οἷκον
1805 263 1883 313 καὶ

226 347 404 409 κτῆσιν
434 343 586 395 ἔδωκε
619 344 705 397 καὶ,
730 344 956 409 Περσίδα
987 347 1209 410 γυναῖκα,
1239 345 1292 394 ἐκ
1315 346 1402 408 τῆς
1432 346 1476 395 οἱ
1507 342 1657 410 τέκνα
1686 344 1885 411 ἐγένετο

0 426 142 467 Μ
224 431 284 479 τὰ
338 431 387 481 ἐς
439 426 642 495 Πέρσας
704 426 1045 494 κεκοσμέαται.
1138 426 1418 493 Μιλτιάδης
1469 431 1523 480 63
1573 427 1633 493 ἐξ
1669 427 1884 496 Ἴμβρου

14 466 287 512 uso-'²040-

225 511 507 565 ἀπικνέεται
539 513 592 566 ἐς
620 513 707 565 τὰς
738 510 969 577 Ἀθηνας.

119 611 186 663 42
306 597 404 649 Καὶ
436 598 559 647 κατὰ
589 595 645 648 τὸ
668 596 778 649 ἔτος
807 601 950 648 τοῦτο
981 598 1033 648 ἐκ
1064 601 1162 648 τῶν
1193 595 1434 664 Περσέων
1458 595 1600 648 οὐδὲν
1623 596 1705 650 ἐπὶ
1729 595 1884 649 πλέον
1907 618 1930 658 5

224 680 422 747 ἐγένετο
468 680 656 732 τούτων
709 682 759 735 ἐς
811 685 970 734 νεῖκος
1023 680 1179 749 φέρον
1221 680 1384 740 Ἴωσι,
1439 681 1574 733 ἀλλὰ
1623 680 1742 733 τάδε
1770 683 1884 746 μὲν

222 754 447 833 χρήσιμα
506 755 657 832 κάρτα
713 769 847 816 τοῖσι
896 764 1042 816 Ἴωσι
1099 763 1298 832 ἐγένετο
1355 765 1532 818 τούτου
1587 769 1674 816 τοῦ
1731 765 1881 819 ἔτεος·

222 840 564 917 Ἀρταφρένης
595 850 621 900 6
652 850 875 916 Σαρδίων
903 850 1126 917 ὕπαρχος
1155 842 1608 916 μεταπεμψάμενος
1639 847 1883 917 ἀγγέλους

221 935 275 984 ἐκ
294 938 393 985 τῶν
413 929 602 985 πολίων
628 931 882 997 συνθήκας
899 934 1054 1000 σφίσι
1077 933 1273 985 αὐτοῖσι
1295 932 1409 987 τοὺς
1431 931 1608 987 Ἴωνας
1630 932 1884 1000 ἠνάγκασε

221 1006 609 1076 ποιέεσθαι,-ἵνα
649 1018 900 1069 δωσίδικοι
941 1018 1040 1069 εἷεν
1078 1017 1156 1069 καὶ
1191 1016 1257 1082 μὴ
1297 1015 1549 1082 ἀλλήλους
1589 1006 1791 1084 φέροιέν
1827 1040 1882 1071 τε
1910 1042 1960 1071 ιο
2004 1067 2011 1071 .

156 1125 181 1157 2
222 1102 299 1153 καὶ
351 1091 534 1169 ἄγοιεν.
623 1101 773 1153 ταῦτά
823 1123 879 1154 τε
921 1094 1178 1168 ἠνάγκασε
1222 1100 1410 1154 ποιέειν
1456 1101 1534 1153 καὶ
1585 1104 1673 1154 τὰς
1715 1102 1880 1170 χώρας

220 1185 395 1252 σφέων
417 1184 813 1258 μετρήσαςκατὰ
836 1184 1181 1253 παρασάγγας,
1207 1185 1321 1239 τοὺς
1347 1185 1584 1238 καλέουσι
1605 1188 1652 1238 οἱ
1685 1185 1880 1252 Πέρσαι

218 1272 279 1321 τὰ
322 1268 584 1337 τριήκοντα
636 1269 831 1328 στάδια,
880 1272 1002 1321 κατὰ
1054 1269 1113 1334 δὴ
1157 1269 1359 1323 τούτους
1401 1268 1652 1335 μετρήσας
1696 1271 1880 1337 φόρους

219 1353 362 1419 ἔταξε
411 1353 688 1413 ἑκάστοισι,
735 1354 782 1405 οἳ
830 1356 952 1405 κατὰ
1000 1353 1169 1422 χώρην
1217 1353 1530 1406 διατελέουσι
1575 1353 1778 1421 ἔχοντες
1824 1356 1879 1406 ἐκ

217 1439 391 1490 τούτου
431 1443 517 1489 τοῦ
556 1439 742 1505 ’χρόνου
785 1438 880 1489 αἰεὶ
926 1437 998 1489 ἔτι
1044 1438 1120 1489 καὶ
1166 1439 1215 1491 ἐς
1256 1438 1342 1502 ἐμὲ
1383 1437 1447 1491 ὡς
1493 1436 1780 1505 ἐτάχθησαν
1824 1437 1884 1504 ἐξ
1906 1460 1953 1504 ¹5

217 1521 597 1589 Ἀρταφρένεος·
665 1520 952 1589 ἐτάχθησαν
997 1523 1050 1573 63
1094 1520 1280 1590 σχεδὸν
1327 1523 1448 1572 κατὰ
1497 1521 1649 1573 ταύτὰ
1693 1523 1753 1572 τὰ
1799 1523 1878 1574 καὶ

111 1623 178 1672 43
216 1607 457 1673 πρότερον
494 1627 648 1673 ειχον.
740 1607 824 1658 καί
852 1613 950 1673 σφι
985 1609 1137 1657 ταῦτα
1172 1607 1264 1670 μὲν
1301 1607 1521 1672 εἰρηναῖα
1559 1626 1634 1670 ην·
1683 1604 1783 1671 ἅμα
1822 1608 1876 1658 δὲ

0 1702 99 1727 ⁴⁸³⁸
215 1695 282 1760 τῷ
312 1691 421 1757 ἔαρι
450 1695 547 1742 τῶν
579 1690 750 1742 ἄλλων
782 1689 1190 1767 καταλελυμένων
1222 1694 1515 1757 στρατηγῶν
1537 1691 1593 1742 ἐκ
1627 1688 1876 1754 βασιλέος

218 1775 500 1841 ΝΙαρδόνιος
540 1766 575 1825 6
607 1775 852 1841 Γωβρύεω
898 1773 1164 1839 κατέβαινε
1207 1773 1288 1826 ἐπὶ
1332 1772 1617 1833 θάλασσαν,
1660 1773 1876 1840 στρατὸν

215 1858 409 1911 πολλὸν
438 1861 529 1924 μὲν
562 1857 712 1925 κάρτα
742 1857 950 1922 πεζὸν“
921 1880 1022 1923 αμα
1052 1858 1294 1924 ἀγόμενος
1319 1857 1514 1910 πολλὸν
1544 1860 1598 1910 δὲ
1628 1859 1872 1918 ναυτικόν,
1901 1879 1951 1908 20

151 1948 153 1950 ’
213 1932 415 2007 ἡλικίην
434 1964 488 1994 τε
511 1942 622 1996 νέος
645 1943 739 1994 ἐὼν
765 1943 843 1994 καὶ
866 1942 1049 1994 νεωστὶ
1073 1942 1363 2008 γεγαμηκὼς
1386 1941 1635 2007 βασιλέος
1661 1943 1876 2009 Δαρείου
1927 1986 1932 1992 .

150 2048 175 2079 2
215 2026 459 2105 θυγατέρα
499 2026 890 2094 Ἀρτοζώστρην.
980 2026 1114 2093 ἄγων
1150 2029 1202 2078 63
1249 2025 1332 2078 τὸν
1378 2025 1590 2092 στρατὸν
1634 2015 1817 2100 τοῦτον
1847 2027 1875 2077 6

215 2098 496 2186 Μαρδονιος
534 2111 697 2162 ἐπείτε
729 2110 932 2214 ἐγένετο
957 2112 1011 2162 ἐν
1041 2118 1101 2183 τῇ
1140 2112 1356 2182 Κιλικίῃ,
1390 2109 1536 2163 αὐτὸς
1569 2112 1661 2175 μὲν
1691 2112 1874 2176 ἐπιβὰς

212 2195 294 2246 ἐπὶ
325 2194 434 2248 νεὸς
465 2195 724 2259 ἐκομίζετο
744 2193 844 2259 ἅμα
875 2195 990 2266 τῇσι
1021 2193 1212 2266 ἄλλῃσι
1241 2196 1403 2259 νηυσί,
1431 2193 1667 2261 στρατιὴν
1698 2196 1752 2246 63
1782 2193 1873 2258 τὴν

150 2301 174 2343 3
215 2277 371 2354 πεζην
398 2277 547 2329 ἄλλοι
582 2279 823 2344 ἡγεμόνες
853 2277 982 2345 ἦγον
1007 2279 1087 2330 ἐπὶ
1117 2277 1205 2329 τὸν
1234 2277 1635 2351 Ελλήσποντον.
1724 2278 1788 2332 ὡς
1818 2280 1871 2330 63
1896 2297 1946 2340 ²5

210 2361 516 2428 παραπλεων
546 2383 636 2425 την
659 2361 847 2426 Ἀσίην
871 2363 1073 2414 ἀπίκετο
1098 2363 1124 2412 6
1149 2363 1430 2429 Μαρδόνιος
1460 2364 1511 2416 ἐς
1540 2382 1628 2426 την
1660 2361 1868 2426 Ἰωνίην,

217 2448 427 2498 ἐνθαῦτα
475 2445 714 2512 μέγιστον
773 2450 932 2511 θῶμα
964 2445 1084 2512 ἐρέω
1143 2451 1275 2499 τοῖσι
1333 2446 1398 2511 μὴ
1461 2432 1870 2511 ἀποδεκομένοισι

270 2595 301 2622 2·
325 2589 366 2635 ἐξ
384 2583 431 2632 ἧς
451 2583 490 2628 Α
505 2584 538 2622 Β
556 2583 589 2622 C
656 2624 660 2629 ,
725 2597 749 2635 5
783 2587 843 2625 ἔτι
863 2583 990 2626 πλέον
1011 2585 1045 2623 Ρ
1059 2585 1098 2623 R
1114 2584 1143 2624 S
1157 2584 1194 2622 V
1333 2597 1354 2634 7
1385 2584 1511 2652 κάρτα
1532 2585 1715 2638 χρήσιμα
1734 2582 1822 2624 ΑΒ
1837 2583 1871 2624 C

194 2640 240 2677 ’8
270 2637 313 2679 63
334 2642 354 2678 6
375 2638 414 2676 A
429 2638 463 2676 B
479 2640 511 2677 C
650 2652 676 2688 9
704 2639 905 2690 πολεμίων
928 2639 974 2677 Ρι
989 2641 1027 2678 R
1043 2640 1073 2679 S
1086 2640 1125 2678 V
1279 2653 1329 2679 10
1357 2641 1585 2681 ποιέεσθαι.
1631 2638 1871 2691 .ἠνᾶ’γκασέ

214 2706 297 2732 om.
325 2692 361 2730 R
459 2694 675 2734 ·δωσίδικοι
697 2693 727 2732 S
741 2694 806 2733 V:
836 2697 924 2734 δοσ.
945 2694 985 2732 Α
1000 2694 1033 2732 Β
1049 2695 1082 2733 C
1096 2694 1130 2733 P
1152 2701 1208 2747 fl
1241 2700 1337 2744 post
1358 2695 1564 2743 ἄλληλους
1584 2694 1625 2732 in
1647 2693 1868 2732 verbm-um

214 2746 444 2788 ποιέεσθαι.
496 2749 574 2800 .Ὑᾶ
577 2761 659 2788 οιεν
679 2748 935 2798 repetitione
956 2749 1063 2790 αὐθις
1084 2749 1201 2788 addit
1215 2749 1252 2787 V
1366 2762 1414 2787 12
1441 2765 1554 2802 μετρ.
1576 2749 1715 2799 σφέων
1729 2747 1769 2786 Α
1783 2748 1818 2786 Β
1835 2747 1869 2786 C

220 2813 267 2850 15
299 2803 405 2842 καὶ”
384 2820 444 2842 ετι
467 2802 499 2840 P
515 2803 553 2840 R
545 2765 652 2841 7SV
847 2805 896 2841 16
926 2805 1025 2844 αὐτὰ
1047 2803 1115 2842 R:
1144 2805 1195 2844 τὰ
1216 2805 1316 2845 αὐτὰ
1337 2803 1366 2842 S
1380 2803 1418 2852 V
1602 2815 1650 2851 17
1669 2804 1869 2874 εεἷρηγιιιῒοι

174 2858 177 2860 ’
218 2855 257 2893 R
272 2856 310 2894 V
490 2869 537 2907 19
576 2856 756 2909 Γοβρύεω
787 2857 820 2895 C
852 2896 854 2898 ,
996 2871 1048 2896 20
1080 2857 1150 2910 63]
1182 2875 1230 2899 τε
1261 2857 1302 2896 R
1317 2857 1397 2896 SV
1574 2869 1621 2895 21
1661 2856 1797 2906 ἡλικίη
1829 2856 1868 2894 R

216 2910 282 2962 τε]
312 2909 356 2951 63
383 2911 416 2949 C
582 2925 634 2949 22
664 2910 824 2963 Ἀρταζ.
850 2911 883 2949 C
1012 2915 1157 2953 τοῦτον
1178 2918 1276 2962 post
1296 2911 1519 2965 Μαρδόνιος·
1534 2910 1595 2950 P.
1624 2924 1703 2950 om.
1732 2911 1770 2949 R
1787 2910 1870 2949 SV

217 2977 268 3013 23
300 2965 458 3017 ἐγίνετο
480 2965 519 3002 R
533 2965 568 3002 V
760 2979 812 3012 24
843 2967 940 3007 νεὼς
961 2966 1000 3003 R
1016 2966 1097 3005 SV
1225 2968 1376 3021 ἄλλῃσι
1397 2979 1478 3006 οῐῐι.
1503 2966 1541 3004 R
1557 2965 1637 3004 SV
1757 2965 1870 3007 νευσί

219 3019 308 3057 RV
472 3033 523 3069 27
555 3020 869 3071 θῶυμαΑΒΡτ
900 3023 1025 3071 θαῦμα
1046 3021 1126 3059 SV
