2132 3340
7 89 239 151 v11.178
910 88 1342 137 HPOAOTOT

278 216 480 283 τέμενός
511 219 637 277 ἐστι,
665 218 743 270 ἐπ’
766 218 823 283 ἧς
857 219 936 270 καὶ
969 219 995 268 ὁ
1024 223 1185 285 χῶρος
1216 219 1359 273 οὗτος
1386 218 1477 283 τὴν
1506 221 1788 284 ἐπωνυμίην
1819 220 1941 289 ἔχει,

281 303 359 354 καὶ
409 303 618 374 θυσίῃσί
663 309 827 368 σφεας
873 300 1131 367 μετήισαν.
1223 303 1424 370 Δελφοὶ
1473 305 1565 369 μὲν
1612 302 1669 367 δὴ
1718 306 1840 355 κατὰ
1886 303 1944 356 τὸ

277 384 584 453 χρηστήριον
615 387 688 438 ἔτι
721 387 800 438 καὶ
829 391 916 438 νῦν
945 386 1058 439 τοὺς
1088 385 1294 451 ἀνέμους
1326 386 1634 439 ἱλάσκονται.
1711 447 1714 452 ¹
1764 390 1767 393 ’

144 478 238 526 179
359 469 421 521 ‘O
463 473 515 522 δὲ
561 469 786 523 ναυτικὸς
830 469 1029 536 Ξέρξεω
1072 470 1281 538 στρατὸς
1325 471 1605 538 ὁρμώμενος
1646 473 1699 523 ἐκ
1742 471 1943 540 Θέρμης

0 568 228 615 Μωα-
278 555 452 607 πόλιος
497 554 756 624 παρέβαλε
802 555 948 619 νηυσὶ
991 556 1109 626 τῇσι
1152 554 1332 622 ἄριστα
1376 555 1661 629 πλεούσῃσι
1705 555 1822 608 δέκα
1866 557 1989 619 ἶθὺ5

278 638 503 697 Σκιάθου,
537 640 657 690 ἔνθα
689 639 819 704 ἦσαν
851 638 1312 706 προφυλάσσουσαι
1343 638 1449 693 νέες
1478 645 1607 707 τρεῖς
1629 639 1940 705 Ἑλληνίδες,

274 724 537 788 Τροιζηνίη
570 745 623 774 τε
655 722 734 774 καὶ
758 724 987 790 Αἰγιναίη
1021 723 1100 774 καὶ
1124 722 1340 788 Ἀττική.
1408 725 1693 791 προϊδόντες
1723 727 1775 777 δὲ
1807 726 1942 777 οὗτοι

141 812 235 859 180
274 807 360 858 τὰς
401 799 514 860 νέας
549 813 648 859 τῶν
684 806 962 874 βαρβάρων
1000 809 1050 860 ἐς
1087 807 1253 874 φυγὴν
1289 808 1543 875 ὥρμησαν.
1630 808 1720 872 τὴν
1753 811 1845 874 μὲν
1882 809 1939 874 δὴ

273 891 584 956 Τροιζηνίην,
610 895 697 956 τῆς
728 890 851 959 ἦρχε
875 890 1141 958 Πρηξῖνος,
1168 891 1340 943 αὐτίκα
1362 891 1583 957 αἱρέουσι
1613 894 1942 959 ἐπισπόμενοι

274 976 320 1026 οἳ
352 974 627 1042 βάρβαροι·
676 975 754 1027 καὶ
795 976 968 1027 ἔπειτα
1003 981 1101 1027 τῶν
1138 974 1421 1041 ἐπιβατέων
1458 976 1607 1041 αὐτῆς
1642 976 1728 1029 τὸν
1767 984 1939 1030 καλλι·
1967 998 2018 1030 10

273 1059 517 1110 στεύοντα
567 1060 840 1126 ἀγαγόντες
893 1060 973 1112 ἐπὶ
1019 1059 1110 1124 τὴν
1158 1058 1350 1130 πρῴρην
1397 1064 1484 1125 τῆς
1532 1060 1642 1115 νεὸς
1673 1061 1935 1129 ἔσφαξαν,

0 1154 226 1195 tm
272 1142 517 1213 διαδέξιον
559 1144 841 1209 ποιεύμενοι
882 1143 969 1195 τὸν
1011 1146 1146 1195 εἶλον
1182 1150 1280 1196 τῶν
1315 1143 1582 1208 Ἑλλήνων
1621 1150 1818 1212 πρῶτον
1859 1146 1940 1198 καὶ

273 1226 566 1279 κάλλιστον.
654 1233 720 1297 τῷ
762 1230 815 1280 δὲ
855 1227 1227 1295 σφαγιασθέντι
1262 1229 1418 1298 τούτῳ
1460 1229 1644 1294 οὔνομα
1683 1228 1743 1293 ἦν
1777 1229 1936 1282 Λέων·

0 1309 234 1402 aba&
270 1310 402 1378 τάχα
431 1311 474 1363 δ’
503 1311 564 1363 ἄν
593 1333 641 1363 τι
673 1312 750 1363 καὶ
780 1317 866 1363 τοῦ
895 1312 1163 1377 οὐνόμᾳῑρς
1194 1314 1469 1379 ἐπαύροιτο.
1541 1314 1571 1378 ἡ
1603 1315 1656 1365 δὲ
1687 1315 1935 1381 Αἰγιναίη,

0 1404 256 1462 ...αὔξῃ-ι
270 1398 356 1459 τῆς
394 1395 711 1463 ἐτριηράρχεε
740 1395 1033 1461 Ἀσωνίδης,
1069 1397 1153 1448 καί
1184 1395 1294 1449 τινά
1331 1404 1428 1464 σφι
1465 1398 1682 1464 θόρυβον
1711 1397 1936 1466 παρέσχε
1963 1421 2011 1461 15

0 1450 181 1504 *phu
324 1478 448 1531 υθέω
484 1485 570 1532 τοῦ
599 1479 859 1547 Ἰσχενόου
896 1481 1297 1546 ἐπιβατεύοντος,
1337 1481 1514 1549 ἀνδρὸς
1550 1483 1756 1549 ἀρίστου
1792 1503 1947 1549 γενο-’

268 1562 418 1627 μένου
460 1565 643 1629 ταύτην
687 1564 778 1629 τὴν
821 1564 1022 1631 ἡμέρην·
1068 1564 1122 1618 ὃς
1166 1565 1331 1629 ἐπειδὴ
1374 1566 1403 1630 ἡ
1442 1571 1558 1630 νηῦς
1599 1566 1839 1631 ἡλίσκετο
1884 1569 1936 1622 ἐς

0 1635 231 1707 ''Pl-⁸⁴⁹2
269 1653 413 1699 τοῦτο
443 1650 642 1716 ἀντεῖχε
675 1650 960 1717 μαχόμενος
991 1650 1041 1703 ἐς
1073 1648 1099 1700 ὃ
1132 1648 1519 1717 κατεκρςρργήθη
1552 1648 1695 1704 ἅπας.
1785 1651 1851 1704 ὡς
1880 1654 1935 1704 δὲ

269 1733 439 1784 πεσὼν
483 1733 570 1784 οὐκ
614 1732 830 1785 ἀπέθανε
873 1733 989 1784 ἀλλ’
1032 1732 1092 1797 ἧν
1137 1735 1367 1799 ἔμπνοος,
1410 1737 1456 1786 οἱ
1499 1733 1712 1802 Πέρσαι,
1754 1737 1806 1787 οἵ
1842 1757 1933 1802 περ

269 1816 577 1882 ἐπεβάτευον
625 1818 707 1870 ἐπὶ
753 1822 852 1869 τῶν
900 1822 1041 1877 νεῶν,
1092 1817 1152 1869 δι’
1197 1817 1377 1884 ἀρετὴν
1420 1818 1511 1882 τὴν
1558 1821 1748 1872 ἐκείνου
1795 1841 1930 1887 περι-
1958 1842 2010 1871 20

95 1969 107 1980 .
267 1900 482 1965 ποιῆσαί
511 1923 596 1966 μιν
631 1902 744 1968 περὶ
780 1902 1023 1953 πλείστου
1060 1900 1379 1967 ἐποιήσαντο,
1414 1903 1607 1976 σμ-ύρνῃ
1643 1925 1697 1955 τε
1735 1904 1933 1969 ἰώμενοι
1953 1908 2132 1978 *qv-rb·

0 1976 245 2022 *m
267 1985 329 2036 τὰ
365 1986 515 2037 ἕλκεα
552 1987 630 2037 καὶ
668 1986 1185 2058 σινδόνας-βυσσίνης
1214 1991 1471 2052 τελαμῶσι
1507 1988 1930 2041 κατειλίσσοντες·

203 2085 229 2127 3
270 2070 354 2120 καί
395 2091 495 2134 μιν,
542 2070 607 2123 ὡς
649 2069 811 2122 ὀπίσω
857 2063 1092 2121 ἀπίκοντο
1139 2072 1190 2124 ἐς
1234 2070 1291 2121 τὸ
1334 2073 1526 2123 ἑωυτῶν
1572 2073 1928 2138 στρατόπεδον,

267 2154 622 2205 ἐπεδείκνυσαν
659 2154 1050 2220 ἐκπαγλεόμενοι
1085 2153 1225 2226 πάσῃ
1262 2155 1320 2226 τῇ
1358 2157 1579 2227 στρατιῇ,
1612 2154 1930 2222 περιέποντες

267 2236 336 2288 εὖ·
381 2237 494 2290 τοὺς
529 2239 582 2289 δὲ
616 2237 803 2290 ἄλλους
832 2237 947 2291 τοὺς
983 2237 1174 2303 ἔλαβον
1207 2239 1260 2290 ἐν
1290 2240 1349 2310 τῇ
1379 2240 1459 2303 νηὶ
1494 2239 1644 2310 ταύτῃ
1675 2244 1929 2307 περιεῖπον
1956 2261 2005 2301 25

138 2323 230 2370 182
267 2320 332 2374 ὡς
362 2320 661 2387 ἀνδράποδα.
731 2323 780 2373 αἱ
809 2324 902 2386 μὲν
933 2321 991 2386 δὴ
1015 2322 1100 2373 δύο
1130 2327 1226 2374 τῶν
1257 2327 1382 2374 νεῶν
1412 2324 1537 2374 οὕτω
1568 2324 1927 2390 ἐχειρώθησαν·

265 2405 294 2469 ἡ
315 2407 369 2456 δὲ
387 2406 540 2471 τρίτη,
564 2409 650 2470 τῆς
670 2404 989 2473 ἐτριηράρχεε
1008 2407 1206 2473 Φόρμος
1226 2405 1347 2473 ἀνὴρ
1367 2405 1644 2471 Ἀθηναῖος,
1668 2407 1930 2475 φεύγουσα

319 2557 345 2582 2
373 2543 616 2596 μετῆ(ι)σαν
631 2544 671 2583 Α
685 2544 718 2582 Β
735 2543 769 2582 C
854 2542 923 2595 δὴ]
948 2561 1017 2585 νυν
1039 2543 1078 2581 R
1095 2544 1125 2583 S
1139 2543 1177 2582 V
1286 2557 1311 2594 4
1343 2543 1580 2597 ὁρμεόμενος
1596 2545 1630 2584 Ρ
1649 2559 1659 2585 :
1688 2546 1876 2597 -εῶμενος
1891 2546 1927 2585 C

265 2610 290 2647 5
319 2598 524 2649 παρέλαβε
544 2598 601 2637 A1
617 2599 652 2637 B
667 2599 701 2638 C
887 2613 914 2650 9
943 2597 991 2647 ἧς
1010 2598 1050 2637 Α
1064 2599 1099 2637 Β
1114 2599 1148 2637 C
1335 2611 1381 2637 ΙΙ
1414 2601 1585 2652 ἄγοντες
1607 2600 1647 2639 R
1663 2600 1692 2639 S
1705 2599 1744 2638 V
1852 2603 1927 2649 τῆς

265 2655 421 2706 πρώρης
441 2653 480 2692 Α
496 2653 530 2692 Β
558 2653 684 2707 (πρό-)
706 2653 739 2692 C
755 2653 788 2692 P
898 2654 990 2702 νηὸς
1021 2653 1055 2692 C
1069 2654 1103 2692 P
1120 2667 1129 2692 ἕ
1160 2654 1255 2694 νεὼς
1276 2653 1315 2691 R
1332 2653 1414 2692 SV
1567 2666 1616 2693 12
1646 2654 1780 2708 ὄρνιθα
1799 2655 1927 2705 δεξιὸν

266 2707 439 2757 Madvig
633 2720 682 2757 13
712 2708 836 2759 ὄνομα
856 2709 888 2746 C
909 2721 918 2746 z
951 2710 1127 2757 τοῦνομα
1158 2707 1192 2746 Ρ
1206 2707 1244 2745 R
1260 2707 1290 2747 S
1304 2708 1344 2746 V
1540 2721 1588 2758 14
1617 2726 1657 2749 τι
1679 2722 1761 2748 om.
1785 2708 1874 2747 AB
1891 2708 1926 2747 C

265 2761 460 2810 ὀνόματος
482 2762 516 2800 L
668 2774 715 2811 15
746 2761 993 2810 Ἀστωνίδης
1011 2762 1049 2800 R
1065 2762 1147 2801 SV
1288 2764 1338 2801 16
1366 2762 1501 2803 Πύθεω
1523 2762 1558 2805 L
1698 2775 1745 2812 17
1777 2766 1870 2804 ναῦς
1891 2763 1926 2802 L

267 2817 316 2853 18
345 2816 692 2870 κατεκρεουργήθη
715 2816 748 2854 C
764 2818 796 2855 P
810 2816 849 2854 R
865 2816 947 2856 SV
1029 2829 1080 2855 21
1113 2816 1314 2871 σμύρνῃσί
1332 2816 1371 2854 Α
1385 2816 1419 2854 Β
1434 2817 1468 2855 C
1485 2816 1519 2855 P
1615 2831 1668 2856 22
1696 2816 1767 2868 τὰ]
1790 2819 1854 2858 καὶ
1874 2819 1926 2858 τὰ

265 2870 357 2908 RV
484 2873 547 2912 καὶ
579 2874 624 2912 ἐκ
655 2871 792 2910 RSV
983 2884 1037 2921 23
1077 2871 1272 2912 ἆπίκαντο
1303 2872 1343 2910 R
1537 2885 1590 2920 24
1632 2872 1794 2912 ἐπιδείκ.
1830 2870 1927 2911 RV

266 2925 584 2976 ἐκπλαγεόμενοι
607 2925 646 2963 R
662 2925 692 2964 S
706 2926 744 2964 V
851 2928 902 2971 τῆ
924 2938 1004 2963 om.
1029 2925 1067 2962 R
1180 2929 1349 2978 στρατιῆ
1371 2927 1435 2966 καὶ
1458 2925 1497 2963 R
1513 2926 1543 2965 S
1557 2924 1596 2964 V
1732 2927 1787 2964 26
1820 2927 1924 2966 οὕτω

265 2991 346 3018 om.
371 2978 410 3016 R
427 2979 507 3017 SV
662 2992 713 3028 27
743 2967 891 3032 Φίρμος.
907 2979 942 3017 Ρ
960 2992 970 3018 z
998 2980 1141 3033 Φρίμος
1162 2980 1196 3017 C
1309 2979 1490 3032 φεύγουο·
1511 2979 1550 3018 R
