2034 3328
0 86 28 138 Γ.
43 99 113 136 20

55 1042 113 1103 ὼ

765 82 1196 133 ΗΡΟΔΟΤΟΎ

150 214 250 267 ὅσα
285 215 498 284 εἴχομεν,
542 214 619 267 καὶ
655 212 777 281 πρὸς
816 214 878 265 τὰ
917 211 997 265 οἶά
1033 234 1088 265 τε
1127 211 1189 278 ἧν
1227 209 1516 280 ἐξευρόντας
1551 210 1806 279 παρέχειν,

150 297 313 351 πάντα
346 301 460 363 ὑμῖν
494 297 721 365 πάρεστι,
757 297 836 349 καὶ
871 297 929 362 δὴ
968 297 1047 349 καὶ
1075 298 1189 350 τόδε
1222 295 1280 348 τὸ
1315 295 1516 349 πάντων
1549 294 1807 363 μέγιστον,

150 381 238 436 τάς
266 403 321 433 τε
357 385 549 433 ἑωυτῶν
577 381 790 448 μητέρας
828 381 907 433 καὶ
942 383 1030 435 τὰς
1065 382 1316 448 ἀδελφεὰς
1351 379 1934 451 ἐπιδαψιὶὲευόμεθαᾶὦε

149 467 279 531 ὑμῖν,
313 465 377 519 ὡς
406 465 690 518 παντελέως
725 463 913 531 μάθητε
942 465 1208 531 τιμώμενοι
1243 468 1364 531 πρὸς
1396 463 1563 530 ἡμέων
1589 468 1689 516 τῶν
1717 462 1812 530 πέρ

151 551 268 602 ἐστε
302 546 447 612 ἄξιοι,
479 548 600 616 πρὸς
637 551 691 601 δὲ
730 549 808 600 καὶ
843 547 1055 614 βασιλέϊ
1083 554 1150 619 τῷ
1181 547 1439 616 πέμψαντι
1473 548 1812 615 ἀπαγγείλητε
1836 566 1860 608 5

152 633 217 688 ὡς
246 632 368 700 ἀνὴρ
382 631 596 698 “Ελλην,
631 633 937 685 Μακεδόνων
965 633 1202 700 ὕπαρχος,
1236 633 1289 684 εὖ
1319 630 1470 697 ὑμέας
1498 630 1701 696 ἐδέξατο
1732 632 1812 684 καὶ

150 715 364 789 τραπέζῃ
422 718 501 769 καὶ
560 718 712 789 κοίτῃ.
821 721 973 768 ταῦτα
1029 718 1170 770 εἴπας
1224 715 1556 783 Ἀλέξανδρος
1619 715 1814 783 παρίζει

151 800 328 873 Πέρσῃ
363 801 502 868 ἀνδρὶ
533 800 685 869 ἄνδρα
716 800 982 852 Μακεδόνα
1011 800 1076 855 ὡς
1111 804 1320 868 γυναῖκα
1354 804 1421 869 τῷ
1455 800 1610 870 λόγῳ·
1654 802 1702 852 οἱ
1739 798 1809 859 δέ,

151 886 313 938 ἐπείτε
365 884 541 953 σφέων
590 887 637 937 οἱ
688 884 886 952 Πέρσαι
934 884 1119 952 ψαύειν
1164 886 1447 951 ἐπειρῶντο,
1496 882 1814 952 διεργάζοντο

150 969 341 1023 αὐτούς.
1840 989 1892 1020 10

233 1053 328 1104 Καὶ
359 1052 493 1105 οὗτοι
523 1055 615 1118 μὲν
637 1053 792 1124 τούτῳ
821 1058 888 1123 τῷ
918 1054 1053 1123 μόρῳ
1079 1050 1440 1121 διεφθάρησαν,
1468 1053 1548 1105 καὶ
1570 1053 1708 1104 αὐτοὶ
1733 1052 1813 1104 καὶ

148 1138 178 1202 ἡ
204 1138 441 1203 θεραπηίη
467 1136 642 1189 αὐτῶν·
689 1138 854 1189 εἵπετο
878 1139 973 1204 γὰρ
997 1136 1054 1202 δή
1081 1144 1179 1205 σφι
1209 1138 1289 1189 καὶ
1312 1132 1541 1204 ὀχήματα
1566 1136 1643 1188 καὶ
1668 1135 1810 1203 θερά-

150 1241 328 1274 ποντες
359 1221 438 1272 καὶ
467 1221 497 1286 ἡ
527 1224 668 1273 πᾶσα
695 1221 861 1286 πολλὴ
893 1220 1197 1289 παρασκευή·
1243 1220 1406 1273 πάντα
1440 1221 1498 1286 δὴ
1529 1225 1682 1273 ταῦτα
1711 1219 1814 1286 ἅμα

151 1309 276 1357 πᾶσι
300 1305 534 1357 ἐκείνοισι
556 1304 827 1373 ἠφάνιστο.
900 1307 1024 1371 μετὰ
1054 1308 1107 1357 δὲ
1136 1306 1303 1375 χρόνῳ
1328 1306 1385 1358 οὐ
1407 1310 1582 1375 πολλῷ
1603 1306 1814 1372 ὕστερον

153 1387 353 1453 ζήτησις
374 1394 471 1440 τῶν
491 1389 685 1456 ’ἀνδρῶν
708 1389 894 1441 τούτων
915 1388 1109 1457 μεγάλη
1135 1391 1191 1440 ἐκ
1213 1394 1313 1441 τῶν
1336 1388 1579 1455 Περσέων
1603 1389 1811 1456 ἐγίνετο,
1842 1412 1890 1455 ¹5

153 1474 237 1525 καί
273 1479 435 1540 σφεας
471 1471 802 1540 Ἀλέξανδρος
840 1472 1086 1539 κατέλαβε
1129 1475 1303 1545 σοφίῃ,
1342 1471 1578 1541 χρήματά,
1606 1493 1661 1526 τε
1699 1472 1814 1526 δοὺς

152 1558 322 1609 πολλὰ
353 1557 431 1608 καὶ
459 1557 548 1621 τὴν
571 1560 752 1609 ἑωυτοῦ
783 1556 1036 1624 ἀδελφεὴν
1066 1558 1125 1629 τῇ
1158 1557 1342 1622 οὔνομα
1370 1555 1430 1621 ἧν
1455 1561 1493 1608 Γ
1494 1557 1672 1625 υγαίηῂ
1699 1556 1814 1627 δοὺς

153 1643 207 1692 δὲ
246 1646 398 1692 ταῦτα
438 1639 688 1706 κατέλαβε
729 1642 755 1691 ὁ
790 1638 1122 1708 Ἀλέξανδρος
1165 1640 1399 1713 Βουβάρῃ
1441 1641 1580 1708 ἀνδρὶ
1615 1639 1812 1713 Πέρσῃ,

153 1721 252 1776 τῶν
281 1724 550 1790 διζημένων
579 1725 691 1778 τοὺς
724 1724 1061 1790 ἀπολομένους
1091 1730 1158 1795 τῷ
1191 1730 1468 1794 στρατηγῷ.
1549 1727 1576 1776 ὁ
1605 1724 1698 1790 μέν
1727 1746 1816 1778 νυν

153 1814 251 1860 τῶν
282 1808 522 1874 Περσέων
551 1809 738 1860 τούτων
769 1808 976 1862 θάνατος
1013 1809 1138 1860 οὕτω
1178 1809 1550 1876 καταλαμφθεὶς
1584 1807 1815 1876 ἐσιγήθη.
1841 1830 1904 1863 2οᾸ

53 1905 119 1941 22
145 1891 211 1913 θΙῖιἾ
474 1896 489 1911 x
555 1891 579 1910 ’ὃ
763 1893 778 1911 Ι
989 1892 1003 1909 Χ
1087 1893 1100 1911 5
1154 1892 1167 1909 Χ
1351 1894 1365 1912 Ι
1695 1893 1708 1911 Ι

175 1898 407 1956 Βλληνας
442 1895 495 1945 δε
530 1913 656 1944 ειναι
690 1914 891 1946 τουτους
926 1914 1040 1946 τους
1077 1914 1174 1944 απο
1206 1897 1489 1959 Περδικκεω
1524 1913 1812 1961 γεγονοτας,

158 1975 277 2027 κατά
308 1997 398 2042 περ
422 1976 558 2028 αὐτοὶ
586 1975 811 2043 λέγουσι,
838 1976 983 2031 αὐτός
1006 1998 1059 2028 τε
1083 1978 1208 2028 οὕτω
1230 1975 1461 2045 τυγχάνω
1485 1976 1816 2042 ἐπιστάμενος

159 2059 236 2111 καὶ
259 2058 316 2123 δὴ
338 2060 417 2111 καὶ
442 2061 493 2111 ἐν
517 2065 649 2111 τοῖσι
667 2062 848 2112 ὄπισθε
872 2061 1076 2127 λόγοισι
1098 2057 1413 2123 ἀποδέξω’ὦς
1433 2059 1813 2126 εἷσὶ“Έλληνες,

157 2142 278 2210 πρὸς
308 2145 361 2195 δὲ
396 2145 475 2195 καὶ
506 2146 550 2195 οἱ
581 2143 668 2195 τὸν
697 2146 752 2196 ἐν
783 2143 1037 2215 Ὀλυμπίῃ
1067 2142 1321 2197 διέποντες
1355 2145 1525 2210 ἀγῶνα
1551 2141 1817 2208 Ἑλλήνων

159 2228 283 2278 οὕτω
321 2227 550 2293 ἔγνωσαν
580 2227 718 2280 εἶναι.
808 2227 1142 2294 Ἀλεξάνδρου
1170 2229 1268 2294 γὰρ
1295 2228 1548 2280 ἀεθλεύειν
1578 2227 1817 2293 ἑλομένου
1842 2249 1892 2290 ²5

162 2310 242 2362 καὶ
273 2310 581 2379 καταβέίντος
617 2310 692 2362 ἐπ’
723 2310 840 2362 αὐτὸ
869 2315 1012 2362 τοῦτο
1043 2313 1090 2362 οἱ
1121 2311 1522 2376 ἀντιθευσόμενοι
1551 2309 1816 2376 Ἑλλήνων
1911 2306 1914 2307 ⁷

161 2393 365 2462 ἔξεργόν
402 2415 502 2460 μιν,
541 2393 755 2462 φάμενοι
797 2394 854 2446 οὐ
891 2393 1167 2461 βαρβάρων
1207 2393 1527 2461 ἀγωνιστέων
1566 2394 1691 2447 εἶναι
1727 2394 1816 2447 τὸν

223 2543 242 2569 1
275 2529 359 2572 οἶόν
382 2530 514 2570 SVU
674 2544 699 2569 2
729 2532 777 2571 τὸ
796 2543 876 2570 om.
902 2529 1036 2570 SVU
1213 2543 1240 2581 3
1268 2547 1315 2571 τε
1335 2530 1622 2572 om.PSVU
1734 2534 1814 2573 ε’πι·

167 2585 433 2638 δαψιλεύμεθα
451 2584 492 2622 Α
505 2585 539 2623 Β
554 2585 587 2624 C
744 2598 769 2634 4
797 2585 946 2636 μάθετε
965 2585 1005 2623 Α
1018 2585 1053 2622 Β
1069 2585 1103 2623 C
1261 2587 1289 2624 6
1318 2589 1512 2627 Μακεδων
1530 2586 1569 2624 Α
1582 2587 1617 2624 Β
1632 2585 1664 2624 C
1679 2586 1762 2625 PV
1773 2585 1815 2630 U

168 2653 190 2688 7
220 2644 242 2680 ὃ
269 2642 356 2680 Ἀλ.
385 2638 523 2678 ABC
746 2651 794 2678 12
823 2639 974 2680 αὐτέων
1005 2639 1138 2678 SVU
1364 2653 1412 2689 14
1441 2644 1540 2681 πᾶσι
1569 2653 1650 2679 om.
1679 2640 1816 2679 ΑΒΕ

167 2693 382 2746 ἠφανίζετο
403 2694 441 2732 Α
456 2693 491 2732 Β
506 2694 540 2732 C
721 2705 768 2743 15
797 2693 974 2734 τουτέων
994 2694 1024 2733 S
1038 2694 1076 2732 V
1089 2690 1128 2732 U
1153 2694 1218 2745 (it.
1239 2694 1313 2745 20)
1426 2694 1614 2746 Περσέων
1631 2707 1713 2734 orn.
1735 2695 1766 2733 S
1779 2695 1818 2733 V

170 2747 334 2800 ἐγένετο
355 2747 407 2785 C¹
544 2748 593 2786 18
620 2747 772 2796 ταύτην
793 2748 874 2787 SV
1014 2761 1063 2798 19
1091 2753 1147 2799 τῷ
1174 2752 1392 2801 στρατηγῷ
1411 2749 1704 2788 Valckenaer:
1734 2753 1817 2789 τῶν

170 2806 410 2855 στρατηγῶν
444 2803 475 2840 L
503 2810 506 2815 '
692 2815 741 2840 21
781 2802 948 2843 τούτους
979 2803 1076 2843 εἶναι
1107 2802 1287 2842 PSVU
1451 2805 1545 2844 τοὺς
1574 2816 1656 2843 orn.
1683 2803 1815 2843 SVU

169 2857 366 2909 Περδίκεω
402 2857 486 2894 CV
703 2869 755 2905 23
792 2856 863 2895 alt.
894 2858 959 2896 καὶ
993 2870 1071 2895 om.
1105 2857 1187 2896 SV
1407 2870 1457 2906 24
1499 2861 1540 2898 ἐν
1569 2871 1651 2898 om.
1679 2857 1816 2896 ABC

169 2911 449 2959 Ἑλληνοδίκαι
469 2910 506 2948 Α
522 2910 557 2948 Β
571 2911 604 2950 C
620 2910 654 2949 P
872 2922 923 2959 25
952 2913 1015 2951 καὶ
1036 2912 1139 2951 οὕτω
1158 2911 1197 2948 V
1360 2910 1608 2960 βουλομένου
1627 2913 1706 2964 γὰρ
1726 2915 1813 2952 Ἀλ.

170 2964 375 3006 ἀεθλεύειν
395 2964 434 3002 Α
450 2965 484 3002 Β
501 2966 534 3003 C
698 2978 749 3014 27
781 2964 959 3017 ἐξεῖργόν
979 2965 1013 3003 L
1123 2963 1370 3017 ἀγωνιστέον
1387 2966 1416 3004 S
1431 2966 1469 3005 V
1482 2965 1521 3004 U
