2034 3328
0 106 20 155 ’.
39 118 110 166 29
760 101 1186 150 ΗΡΟΔΟΤΟΎ

147 232 288 300 εὗρον
326 232 440 287 τοὺς
480 232 659 300 ἀγροὺς
699 233 752 285 εὖ
791 230 1197 300 ἐξεργασμένους·
1243 230 1431 284 δοκέειν
1471 233 1566 299 γὰρ
1605 230 1806 300 ἔφασαν

148 318 226 369 καὶ
256 323 354 368 τῶν
377 319 627 382 δημοσίων
656 309 781 369 οὕτω
812 316 869 382 δή
896 323 1058 384 σφεας
1089 314 1483 382 ἐπιμελήσεσθαι
1514 317 1684 384 ὥσπερ
1706 321 1806 369 τῶν

147 401 422 469 σφετέρων·
474 402 586 454 τοὺς
629 404 682 453 6&
726 401 910 455 ἄλλους
955 401 1236 466 Μιλησίους
1280 400 1391 454 τοὺς
1434 394 1548 468 πρὶν
1594 400 1803 453 στασιά-

41 503 108 551 30
149 486 318 549 ζοντας
356 485 545 536 τούτων
584 484 763 550 ἔταξαν
803 487 1079 537 πείθεσθαι.
1168 483 1347 552 Πάριοι
1385 483 1477 550 μέν
1513 505 1600 537 νυν
1636 488 1803 550 Μιλη-

147 571 285 622 σίους
315 570 440 620 οὕτω
472 567 789 636 κατήρτισαν·
833 569 946 621 τότε
976 571 1030 621 δὲ
1061 570 1113 620 ἐκ
1142 567 1354 621 τουτέων
1377 573 1475 621 τῶν
1500 569 1689 621 πολίων
1711 570 1807 622 ὧδε
1831 592 1854 634 5
1890 624 1913 645 ι,
1982 579 1987 582 ’

144 652 325 720 ἤρχετο
356 655 477 704 κακὰ
507 655 735 720 γίνεσθαι
770 661 830 726 τῇ
860 652 1039 724 Ἰωνίῃ.
1128 654 1182 704 ἐκ
1213 651 1384 717 Νάξου
1417 653 1605 720 ἔφυγον
1634 652 1807 721 ἄνδρες

0 735 462 806 ηίΜῶ-ν-ζταχέων
482 737 678 789 ὑπὸτοΰ
695 735 864 803 δήμου,
887 738 1131 804 φυγόντες
1153 739 1207 788 6&
1229 737 1465 789 ἀπίκοντο
1489 739 1539 790 ἐς
1559 738 1804 803 Μίλητον.

80 840 106 873 2
143 823 230 885 τῆς
274 824 327 873 6&
373 820 602 886 Μιλήτου
647 822 887 889 ἐτύγχανε
930 822 1194 887 ἐπίτροπος
1238 821 1332 872 ἐὼν
1376 820 1736 889 Ἀρισταγόρης
1780 823 1807 873 6

146 906 510 972 Μολπαγόρεω,
557 905 786 973 γαμβρός
829 927 883 957 τε
926 905 1021 956 ἐὼν
1067 905 1143 955 καὶ
1191 904 1398 973 ἀνε-ψιὸς
1440 904 1678 958 Ἱστιαίου
1719 910 1807 958 τοῦ
1841 897 1965 961 tou-0⁹

144 990 463 1056 Λυσαγόρεω,
506 993 591 1040 τὸν
637 991 662 1039 6
705 993 916 1056 Δαρεῖος
961 990 1015 1040 ἐν
1052 988 1295 1040 Σούσοισι
1340 993 1553 1058 κατεῖχε.
1640 990 1668 1040 6
1708 991 1805 1059 γὰρ
1833 1010 1882 1040 10

143 1071 377 1126 Ἱστιαῖος
421 1074 656 1141 τύραννος
707 1072 767 1137 ἣν
812 1072 1041 1138 Μιλήτου
1088 1074 1168 1125 καὶ
1214 1073 1457 1141 ἐτύγχανε
1502 1077 1677 1126 τοῦτον
1719 1073 1839 1126 τὸν

143 1157 326 1223 χρόνον
363 1158 457 1208 ἐὼν
493 1159 547 1208 ἐν
583 1157 840 1217 Σούσοισι,
880 1158 964 1208 ὅτε
998 1159 1042 1208 οἱ
1078 1155 1259 1222 Νάξιοι
1294 1155 1466 1222 ἦλθον,
1505 1156 1656 1223 ξεῖνοι
1689 1158 1806 1224 πρὶν

79 1254 104 1297 3
144 1241 307 1293 ἐόντες
329 1245 396 1310 τῷ
420 1240 655 1310 Ἱστιαίῳ.
731 1241 1017 1306 ἀπικόμενοι
1040 1243 1092 1292 6&
1115 1243 1161 1293 οἱ
1185 1239 1365 1306 Νάξιοι
1388 1243 1438 1295 ἐς
1459 1241 1550 1306 τὴν
1574 1243 1806 1304 Μίλητον

141 1323 339 1376 ἐδέοντο
368 1329 454 1376 τοῦ
477 1324 861 1392 Ἀρισταγόρεω,
895 1326 942 1377 εἴ
969 1346 1063 1378 κως
1093 1324 1286 1391 αὐτοῖσι
1316 1325 1570 1393 παράσχοι
1599 1326 1804 1391 δύναμίν

140 1429 251 1460 τινα
281 1409 359 1460 καὶ
392 1408 674 1461 κατέλθοιεν
704 1410 755 1463 ἐς
784 1408 875 1473 τὴν
900 1411 1109 1461 ἑωυτῶν.
1198 1410 1224 1459 6
1254 1411 1306 1460 6&
1337 1408 1690 1475 ἐπιλεξάμενος
1721 1409 1801 1468 ὣς,
1831 1428 1877 1470 15

138 1487 201 1556 ἢν
244 1492 305 1543 δι’
349 1492 497 1545 αὐτοῦ
541 1492 820 1544 κατέλθωσι
865 1495 915 1546 ἐς
957 1492 1046 1556 τὴν
1089 1493 1256 1551 πόλιν,
1301 1491 1439 1559 ἄρξει
1482 1496 1568 1557 τῆς
1613 1492 1800 1558 Νάξου,

139 1579 333 1643 σκῆψιν
369 1579 422 1628 6&
454 1578 742 1642 ποιεύμενος
777 1576 866 1641 τὴν
901 1575 1087 1641 ξεινίην
1123 1575 1213 1640 τὴν
1240 1575 1494 1635 Ἱστιαίου,
1525 1577 1670 1629 τόνδε
1705 1583 1803 1644 σφι

74 1675 101 1719 4
137 1660 294 1726 λόγον
311 1660 614 1729 προσέφερε·
661 1660 818 1715 Αὐτὸς
846 1663 938 1726 μὲν
959 1661 1073 1726 ὑμῖν
1095 1659 1151 1711 οὗ
1177 1659 1451 1729 φερέγγυός
1476 1663 1574 1727 εἶμι
1597 1660 1803 1726 δύναμιν

138 1749 420 1812 παρασχεῖν
442 1745 689 1809 τοσαύτην
719 1744 850 1796 ὥστε
882 1743 1112 1811 κατάγειν
1142 1745 1388 1797 ἀεκόντων
1410 1750 1508 1796 τῶν
1530 1743 1620 1809 τὴν
1651 1745 1802 1797 πόλιν

138 1828 358 1895 ἐχόντων
405 1827 624 1893 Ναξίων·
685 1827 993 1894 πυνθάνομαι
1038 1830 1134 1895 γὰρ
1181 1829 1560 1897 ὀκτακισχιλίην
1612 1829 1802 1882 ἀσπίδα
1829 1847 1879 1876 20

138 1909 376 1974 Ναξίοισι
420 1911 545 1964 εἶναι
590 1912 667 1964 καὶ
710 1917 864 1964 πλοῖα
906 1914 1066 1979 μακρὰ
1110 1911 1295 1964 πολλά·
1347 1911 1703 1980 μηχανήσομαι
1746 1915 1799 1964 δὲ

73 2010 96 2058 5
137 1998 305 2047 πᾶσαν
330 1995 551 2059 σπουδὴν
575 1996 877 2061 ποιεύμενος.
948 1995 1153 2048 ἐπινοέω
1185 1999 1238 2048 6&
1260 2000 1391 2069 τῇδε.
1459 1995 1801 2063 Ἀρταφρένης

135 2100 219 2143 μοι
248 2078 483 2148 τυγχάνει
514 2081 607 2131 ἐὼν
638 2081 804 2147 φίλος·
852 2081 878 2130 6
907 2082 960 2132 6&
982 2078 1322 2148 Ἀρταφρένης
1349 2081 1463 2145 ὑμῖν
1485 2079 1800 2133 Ὑστάσπεος

134 2162 226 2228 μέν
263 2164 373 2214 ἐστι
407 2168 538 2223 παῖς,
579 2165 793 2231 Δαρείου
827 2166 880 2215 6&
913 2167 1001 2214 τοῦ
1035 2162 1282 2229 βασιλέος
1322 2164 1584 2231 ἀδελφεός,
1622 2168 1720 2215 τῶν
1756 2163 1798 2215 δ’

135 2247 512 2298 ἐπιθαλασσίων
535 2252 631 2298 τῶν
655 2249 710 2298 ἐν
731 2254 790 2320 τῇ
813 2247 963 2319 Ἀσίῃ
993 2246 1137 2315 ἄρχει
1159 2246 1372 2306 πάντων,
1399 2245 1529 2314 ἔχων
1561 2246 1798 2313 στρατιήν
1825 2265 1872 2305 25

134 2350 190 2381 τε
224 2329 420 2394 πολλὴν
458 2330 536 2382 καὶ
569 2332 765 2384 πολλὰς
799 2330 929 2384 νέας.
1016 2335 1190 2382 τοῦτον
1226 2328 1295 2381 ὧν
1332 2329 1484 2382 δοκέω
1523 2330 1610 2383 τὸν
1643 2329 1797 2398 ἄνδρα

67 2422 98 2466 6
134 2412 365 2479 ποιήσειν
399 2418 498 2466 τῶν
532 2412 593 2466 ἂν
627 2414 919 2483 χρηίζωμεν.
1005 2418 1158 2465 ταῦτα
1193 2406 1495 2467 ἀκούσαντες
1533 2416 1580 2466 οἱ
1615 2412 1797 2479 Νάξιοι

134 2496 450 2563 προσέθεσαν
479 2503 545 2567 τῷ
568 2497 903 2569 Ἀρισταγόρῃ
926 2495 1176 2564 πρήσσειν
1199 2498 1258 2568 τῇ
1281 2497 1475 2548 δύναιτο
1506 2496 1686 2564 ἄριστα
1717 2499 1796 2550 καὶ

187 2647 212 2683 4
242 2635 346 2676 οὕτω
366 2633 588 2683 Μιλησίους
610 2634 643 2673 Ρ
657 2633 686 2673 S
700 2633 791 2673 VU
928 2645 978 2672 10
1005 2645 1070 2683 pr.
1093 2635 1114 2673 ὁ
1134 2645 1216 2672 om.
1238 2631 1278 2670 A
1292 2631 1328 2671 B
1343 2631 1378 2672 C
1521 2645 1565 2672 11
1599 2636 1674 2683 τῆς
1693 2641 1791 2676 Μιλ.

134 2687 267 2728 SVU
418 2689 467 2726 16
495 2691 618 2729 αὐτοῦ
637 2688 676 2726 Α
691 2689 726 2727 Β
741 2688 774 2727 C
797 2687 914 2727 Suid.
941 2700 1022 2727 S.V.
1049 2686 1356 2738 ἐπιλεξάμενοςτ
1387 2688 1530 2728 ἑαυτοῦ
1553 2686 1614 2727 P:
1644 2690 1793 2729 ἑωυτοῦ

133 2742 267 2782 SVU
451 2755 496 2791 17
527 2743 596 2783 alt.
621 2742 717 2794 τὴν]
741 2746 813 2783 τοῦ
834 2742 889 2783 S:
920 2754 1002 2781 om.
1025 2740 1165 2779 ABC
1335 2741 1384 2779 18
1411 2742 1483 2781 ’τὸν
1503 2740 1791 2793 λόγονΑΒΟ

131 2796 352 2850 προέφερεν
372 2796 452 2836 SV
468 2797 507 2835 U
577 2805 585 2813 ·
731 2809 781 2846 19
809 2812 988 2850 παρασχ.
1011 2810 1101 2836 τοσ.
1126 2794 1167 2833 Α
1181 2792 1266 2834 B'C
1290 2795 1409 2834 Suid.
1434 2807 1466 2835 s.
1483 2808 1521 2834 v.
1543 2795 1790 2848 φερέγγυοςε

130 2866 221 2894 τοσ.
245 2866 425 2904 παραυ-χ.
451 2850 543 2890 rell.
730 2862 777 2888 21
810 2850 853 2891 δὲ
877 2863 961 2889 om.
986 2850 1025 2888 V
1208 2862 1261 2887 22
1291 2847 1457 2904 -φέρνης
1479 2848 1509 2888 S
1525 2848 1616 2888 VU
1632 2851 1696 2900 (it.
1719 2854 1789 2900 23)

129 2917 184 2956 23
211 2907 304 2956 ὑμῖν
332 2918 413 2944 om.
450 2904 630 2943 PSVU
797 2903 1032 2947 ’Υστάσπεω
1063 2903 1264 2943 PlSVU
1488 2905 1542 2943 26
1570 2921 1616 2945 τε
1646 2917 1726 2944 om.
1759 2906 1790 2944 S

130 2958 417 3003 venoaSVU
582 2959 636 2998 28
664 2956 746 3014 ᾗΙ.
