2132 3340
756 155 1128 204 ΙΣΤΟΡΙΩΝ
1188 157 1208 206 ι
1650 224 1653 228 ,
1812 158 2034 223 *12239

154 285 473 353 κατημένοισι
503 284 595 351 ἤδη
616 286 932 354 ἐγεγόνεσαν
966 287 1108 348 ὀκτώ,
1141 288 1225 340 ὅτε
1260 292 1412 339 ταῦτα
1450 287 1635 341 ἐκεῖνος
1673 310 1816 341 συνε-

153 372 370 439 βούλευε
394 372 676 441 Μαρδονίῳ.
751 372 778 422 ὁ
797 374 850 424 δὲ
871 373 1043 438 μαθὼν
1066 372 1157 438 τὴν
1182 374 1480 442 παραίνεσιν
1503 373 1556 425 εὖ
1580 373 1817 442 ἔχουσαν,

154 456 220 512 ὣς
251 455 466 523 εὐφρόνη
499 454 713 523 ἐγένετο,
747 455 932 521 πέμπει
960 456 1051 521 τὴν
1082 458 1236 510 ἵππον
1266 459 1318 512 ἐς
1352 459 1441 511 τὰς
1477 459 1697 524 ἐκβολὰς
1731 460 1821 512 τὰς

157 541 514 609 Κιθαιρωνίδας
549 540 599 593 αἲ
638 541 719 593 ἐπὶ
762 540 1060 615 Πλαταιέων
1098 541 1326 610 φέρουσι,
1359 544 1448 596 τὰς
1485 542 1694 594 Βοιωτοὶ
1727 544 1820 609 μὲν

104 651 127 692 5
152 629 301 693 Τρεῖς
353 626 578 692 κεφαλὰς
632 624 885 686 καλέουσι,
940 625 1200 692 Ἀθηναῖοι
1252 629 1306 679 δὲ
1360 630 1523 694 Δρυὸς
1575 625 1817 695 κεφαλάς.

153 708 468 777 πεμφθέντες
497 712 551 762 δὲ
582 711 627 761 οἱ
666 710 871 762 ἱππόται
902 711 958 763 οὐ
993 709 1154 777 μάτην
1192 712 1445 764 ἀπίκοντο·
1492 710 1821 776 ἐσβάλλοντα
1859 731 1886 765 2

153 797 250 862 γὰρ
280 795 331 848 ἐς
359 793 416 846 τὸ
446 795 616 846 πεδίον
646 794 970 860 λαμβάνουσι
999 795 1240 863 ὑποζύγιά
1263 818 1317 848 τε
1339 797 1657 855 πεντακόσια,
1685 797 1821 849 σιτία

154 878 341 946 ἄγοντα
371 877 470 931 ἀπὸ
501 877 899 944 Πελοποννήσου
938 881 989 933 ἐς
1024 879 1081 931 τὸ
1123 881 1476 947 στρατόπεδον,
1514 882 1592 933 καὶ
1627 881 1817 947 ἀνθρώ-

155 984 278 1017 πους
302 963 348 1015 οἳ
373 963 570 1015 εἵποντο
592 967 728 1015 τοῖσι
761 964 971 1031 ζεύγεσι.
1049 965 1251 1018 ἑλόντες
1275 967 1328 1018 δὲ
1347 966 1530 1031 ταύτην
1552 964 1642 1030 τὴν
1664 965 1820 1033 ἄγρην

84 1071 132 1100 10
155 1050 201 1100 οἱ
228 1046 426 1115 Πέρσαι
448 1046 692 1115 ἀφειδέως
716 1048 974 1115 ἐφόνευον,
999 1044 1101 1116 [οὐ]
1118 1049 1407 1116 φειδόμενοι
1426 1050 1538 1102 οὔτε
1555 1051 1821 1117 ὑποζυγίου

156 1131 354 1187 οὐδενὸς
395 1132 508 1185 οὔτε
548 1132 822 1199 ἀνθρώπου.
900 1132 964 1188 ὡς
1006 1136 1060 1187 δὲ
1101 1133 1225 1199 ἄδην
1262 1134 1401 1202 εἶχον
1437 1135 1727 1194 κτείνοντες,
1760 1137 1821 1187 τὰ
2101 1202 2116 1211 ‚

155 1219 312 1270 λοιπὰ
354 1216 516 1269 αὐτῶν
557 1215 774 1282 ἤλαυνον
818 1220 1208 1286 περιβ-ᾳλόμενοι
1261 1218 1393 1286 παρά
1436 1241 1490 1271 τε
1536 1209 2132 1302 Μαρδόνιονζῇῗζιμω
2029 1239 2057 1289 ,Ῑ

158 1302 236 1354 καὶ
280 1303 331 1356 ἐς
373 1300 430 1353 τὸ
471 1302 826 1370 στρατόπεδον.
912 1305 1039 1368 μετὰ
1083 1306 1135 1356 δὲ
1177 1308 1321 1355 τοῦτο
1363 1303 1420 1356 τὸ
1467 1303 1612 1371 ἔργον
1654 1304 1824 1371 ἑτέρας
1861 1323 1934 1370 4ο

156 1386 243 1438 δύο
281 1384 467 1453 ἡμέρας
505 1385 783 1453 διέτριψαν,
816 1386 1063 1454 οὐδέτεροι
1106 1389 1410 1454 βουλόμενοι
1453 1388 1618 1457 μάχης
1662 1387 1821 1455 ἄρξαι·

85 1495 132 1536 15
155 1470 303 1540 μέχρι
332 1473 424 1536 μὲν
453 1472 547 1538 γὰρ
571 1476 656 1522 τοῦ
677 1470 913 1524 Ἀσωποῦ
938 1471 1151 1537 ἐπήισαν
1175 1475 1220 1525 οἱ
1244 1472 1499 1540 βάρβαροι
1529 1474 1823 1540 πειρώμενοι

103 1602 110 1609 ,
156 1560 255 1608 τῶν
290 1553 571 1619 Ἑλλήνων,
613 1555 869 1621 διέβαινον
907 1558 959 1608 δὲ
999 1556 1260 1624 οὐδέτεροι.
1335 1558 1365 1623 ἡ
1401 1557 1572 1624 μέντοι
1608 1558 1759 1611 ἵππος
1793 1558 1823 1622 ἡ

159 1641 446 1709 Μαρδονίου
489 1640 585 1692 αἰεὶ
632 1639 933 1708 προσέκειτό
970 1662 1024 1693 τε
1066 1642 1144 1694 καὶ
1190 1642 1370 1694 ἐλύπεε
1408 1642 1520 1695 τοὺς
1541 1640 1822 1707 “Ελληνας·

158 1726 203 1777 οἱ
233 1725 332 1793 γὰρ
361 1727 602 1790 Θηβαῖοι,
636 1724 725 1777 ἅτε
754 1726 1039 1791 μηδίζοντες
1068 1726 1315 1794 μεγάλως,
1350 1726 1612 1793 προθύμως
1643 1726 1824 1798 ἔφερον

0 1840 41 1884 ᾖ
156 1808 246 1862 τὸν
280 1809 504 1876 πόλεμον
546 1810 624 1862 καὶ
666 1810 762 1862 αἰεὶ
806 1809 1106 1877 κατηγέοντο
1145 1809 1502 1881 μέχρι-μάχης,
1534 1810 1590 1862 τὸ
1633 1813 1686 1863 δὲ
1726 1812 1822 1863 ἀπὸ
1846 1804 2132 1895 ⁸34⁹}sssp

0 1906 135 1947 &220
156 1893 333 1947 τούτου
361 1895 753 1965 παραδεκόμενοι
787 1892 986 1962 Πέρσαι
1016 1916 1070 1947 τε
1103 1896 1181 1948 καὶ
1214 1898 1379 1960 Μῆδοι
1412 1894 1549 1961 μάλα
1586 1895 1739 1948 ἔσκον
1775 1877 1911 1947 οἳμ,
2044 1876 2061 1921 ³
2131 1898 2132 1903 ¹

158 1979 509 2047 ᾀπεδείκνυντο
540 1978 794 2052 &perois-s
1847 1950 2132 2072 ψῗξξ

242 2062 411 2132 Μέχρι
438 2062 530 2129 μέν
555 2085 641 2116 νυν
663 2069 762 2116 τῶν
785 2063 903 2116 δέκα
926 2062 1147 2132 ἡμερέων
1177 2063 1317 2116 οὐδὲν
1343 2064 1422 2117 ἐπὶ
1455 2068 1608 2116 πλεῦν
1633 2064 1825 2132 ἐγίνετο
1860 2083 1918 2131 41

156 2146 361 2200 τούτων·
408 2148 473 2203 ὦς
508 2151 561 2201 δὲ
598 2147 831 2214 ἑνδεκάτη
865 2149 1094 2216 ἐγεγόνεε
1122 2148 1277 2217 ἡμέρη
1309 2147 1741 2214 ἀντικατημένοισι
1772 2151 1826 2200 ἐν

159 2236 464 2307 Πλαταιῇσι,
505 2233 555 2284 οἵ
585 2254 640 2286 τε
675 2232 733 2297 δὴ
761 2231 1016 2298 “Ἐλληνες
1055 2238 1230 2303 πολλῷ
1272 2238 1481 2288 πλεῦνες
1522 2234 1826 2301 ἐγεγόνεσαν
1964 2275 2132 2327 aar&

51 2339 56 2344 ·
86 2338 131 2379 25
159 2318 237 2369 καὶ
262 2317 545 2399 Μαρδόνιος
569 2317 888 2385 περιημέκτεε
912 2325 973 2392 τῇ
996 2318 1129 2390 ἕδρῃ,
1158 2320 1367 2370 ἐνθαῦτα
1391 2319 1441 2371 ἐς
1462 2318 1644 2385 λόγους
1669 2297 2096 2383 ἧλθονἪ..
2121 2357 2132 2371 .

159 2401 443 2468 Μαρδόνιός
463 2423 519 2454 τε
541 2403 568 2452 ὁ
593 2406 631 2453 Γ
632 2402 838 2469 ωβρύεω
870 2403 948 2454 καὶ
971 2400 1281 2469 Ἀρτάβαζος
1311 2403 1337 2453 ὁ
1361 2401 1660 2469 Φαρνάκεος,
1688 2402 1742 2456 ὃς
1773 2404 1826 2454 ἐν

157 2486 380 2552 ὀλίγοισι
410 2484 652 2553 Περσέων
682 2484 743 2550 ἧν
772 2485 894 2553 ἀνὴρ
925 2487 1123 2552 δόκιμος
1153 2488 1286 2554 παρὰ
1318 2485 1500 2558 Ξέρξῃ.
1580 2491 1822 2552 βουλευο-
1865 2504 1891 2536 2

155 2567 321 2636 μένων
349 2571 404 2622 δὲ
444 2571 550 2622 αἵδε
585 2569 717 2635 ἦσαν
748 2572 797 2621 αἱ
827 2575 1033 2637 γνῶμαι,
1065 2570 1094 2636 ἡ
1125 2573 1217 2636 μὲν
1247 2566 1381 2638 [γὰρ]
1410 2570 1723 2638 Ἀρταβάζου
1760 2571 1825 2624 ὡς

158 2652 308 2722 χρεὸν
328 2655 401 2719 εἵη
423 2651 778 2718 ἀναζεύξαντας
798 2653 888 2718 τὴν
907 2656 1154 2723 ταχίστην
1172 2653 1335 2708 πάντα
1358 2654 1446 2706 τὸν
1465 2659 1680 2723 στρατὸν
1702 2655 1825 2707 ἰέναι

212 2806 238 2844 3
269 2794 446 2842 ἐσβολὰς
468 2793 507 2832 R
526 2807 535 2832 t
567 2793 746 2844 ἐμβολὰς
766 2791 797 2832 S
811 2792 848 2830 V
1013 2793 1040 2836 6
1071 2791 1307 2840 ἐσβαλόντα
1330 2793 1368 2831 R
1385 2792 1465 2831 SV
1650 2806 1672 2843 7
1703 2796 1759 2836 εἷς
1784 2793 1822 2833 R

163 2862 212 2887 10
241 2850 284 2889 οὗ
305 2861 387 2888 om.
413 2848 451 2886 R
466 2847 496 2886 S
512 2847 548 2886 V
729 2859 776 2885 12
806 2846 1147 2900 περιβαλλόμενοι
1170 2847 1199 2886 S
1213 2847 1250 2885 V
1388 2847 1493 2900 παρά
1512 2865 1558 2888 τε
1579 2861 1660 2888 om.
1685 2849 1718 2887 C
1737 2863 1746 2887 τ
1775 2867 1822 2889 τε

157 2915 238 2942 om.
270 2901 359 2940 AB
588 2903 636 2940 18
667 2900 858 2953 ἐφέροντο
888 2901 1068 2952 πόλεμον
1099 2901 1132 2940 C
1355 2915 1410 2941 20
1438 2902 1624 2953 μάλιστα
1655 2903 1693 2942 R
1714 2903 1819 2942 SV:

158 2958 264 2999 καλὰ
284 2957 318 2995 C
501 2970 552 3006 24
582 2957 828 3005 Πλαταίηισι
849 2955 938 2995 ΑΒ
1105 2967 1156 3004 25
1188 2955 1407 3008 Μαρδόνιος
1431 2988 1438 2995 .
1463 2987 1471 2996 .
1498 2987 1507 2996 .
1529 2956 1655 3005 ἦλθον
1676 2971 1757 2998 om.
1782 2959 1819 2997 R

159 3013 212 3050 26
241 3011 477 3065 rofipbewC
494 3011 526 3050 P
664 3023 714 3060 27
747 3009 909 3063 λόγοισι
931 3011 964 3049 C
1105 3011 1365 3062 βουλομένων
1387 3012 1424 3049 R
1442 3011 1472 3050 S
1487 3011 1523 3050 V
1664 3014 1716 3051 28
1744 3030 1822 3066 γαρ

158 3079 240 3106 om.
265 3067 300 3105 A
317 3066 397 3106 BC
415 3066 448 3105 P
612 3077 666 3115 29
696 3065 978 3118 ἀναζεύξαντες
1001 3065 1033 3104 C

1585 3107 1661 3149 23*
