2132 3340
30 53 172 102 VIII.
201 55 295 102 108
953 51 1383 100 HPOAOTOT

266 207 291 250 3
332 183 649 249 ἐργασαίατο.
741 185 782 234 εἰ
823 184 917 249 γὰρ
956 183 1294 250 ἀναγκασθείη
1337 183 1687 250 ἀπολαμφθεὶς
1727 185 1754 234 ὁ
1791 182 1996 251 Πέρσης

328 264 493 331 μένειν
539 268 593 318 ἐν
635 267 694 338 τῇ
738 266 966 338 Εὐρώπῃ,
1009 272 1218 336 πειρῷτο
1262 264 1323 318 ἂν
1363 267 1578 334 ἡσυχίην
1620 266 1685 332 μὴ
1731 267 1886 335 ἄγειν,
1929 268 1994 323 ὥς

330 350 503 418 ἄγοντι
531 348 623 416 μέν
649 353 695 402 οἱ
717 350 935 419 ἡσυχίην
959 351 1071 403 οὔτε
1101 372 1148 402 τι
1179 348 1484 421 προχωρέειν
1508 352 1613 403 οἶόν
1643 373 1697 403 τε
1728 352 1872 404 ἔσται
1893 357 1994 405 τῶν

329 431 632 501 πρηγμάτων
655 435 768 487 οὔτε
797 456 871 488 τις
903 434 1075 499 κομιδὴ
1103 439 1158 486 τὸ
1190 436 1351 487 ὀπίσω
1384 432 1689 503 φανήσεται,
1707 441 1836 506 λιμῷ
1866 433 1923 489 τέ
1944 439 1992 490 οἱ

327 519 357 584 ἡ
391 518 596 586 στρατιὴ
622 516 985 587 διαφθερέεται,
1009 517 1338 588 ἐπιχειρέοντι
1362 522 1414 571 δὲ
1437 519 1564 589 αὐτῷ
1589 519 1669 572 καὶ
1698 520 1843 588 ἔργου
1875 522 1987 589 ε’χο-
2005 529 2039 585 ”5

327 603 460 673 μένῳ
491 603 654 656 πάντα
683 605 745 655 τὰ
776 605 899 655 κατὰ
928 603 1018 668 τὴν
1050 603 1293 671 Εὐρώπην
1325 602 1404 656 οἶά
1434 625 1488 657 τε
1519 604 1664 656 ἔσται
1693 608 1989 674 προσχωρῆ-

329 710 417 740 σαι
449 691 570 740 κατὰ
600 689 748 743 πόλις
778 710 832 741 τε
864 689 944 740 καὶ
982 690 1106 740 κατὰ
1140 688 1301 748 ἔθνεα,
1335 688 1445 754 ἤτοι
1485 688 1832 755 ἁλισκομένων
1867 711 1926 757 γε
1960 686 1991 755 ἢ

328 771 423 839 πρὸ
453 773 623 825 τούτου
654 774 1046 840 ὁμολογεόντων·
1091 763 1284 841 τροφήν
1315 796 1370 826 τε
1401 772 1533 838 ἕξειν
1563 772 1728 841 σφέας
1757 773 1844 826 τὸν
1874 772 1986 827 ἐπέ-

261 875 289 918 4
326 879 458 909 τειον
497 859 593 910 αἰεὶ
626 861 713 910 τὸν
756 863 855 910 τῶν
897 856 1163 922 Ἑλλήνων
1210 859 1411 925 καρπόν.
1500 859 1634 910 ἀλλὰ
1667 857 1856 911 δοκέειν
1896 861 1992 926 γὰρ

325 941 587 1007 νικηθέντα
610 950 669 1015 τῇ
693 943 941 1014 ναυμαχίῃ
966 942 1022 994 οὐ
1043 942 1237 1008 μενέειν
1261 944 1316 995 ε’ν
1340 943 1398 1016 τῇ
1419 942 1631 1014 Εὐρώπῃ
1654 941 1740 994 τὸν
1765 941 1988 1010 Πέρσην·
2017 964 2067 993 10

327 1025 496 1079 ἐατέον
527 1024 595 1078 ὧν
626 1026 753 1079 εἶναι
784 1028 1005 1094 φεύγειν,
1039 1029 1089 1081 ἐς
1125 1026 1151 1078 ὃ
1188 1027 1311 1100 ἔλθῃ
1347 1027 1546 1095 φεύγων
1583 1029 1634 1082 ἐς
1667 1026 1758 1091 τὴν
1788 1030 1986 1080 ἑωυτοῦ·

325 1109 381 1162 τὸ
423 1112 650 1164 ἐνθεῦτεν
687 1114 740 1164 δὲ
777 1113 889 1178 περὶ
924 1115 1011 1178 τῆς
1046 1113 1236 1164 ἐκείνου
1273 1111 1533 1165 ποιέεσθαι
1571 1110 1662 1176 ἤδη
1699 1110 1785 1163 τὸν
1821 1111 1990 1179 ἀγῶνα

326 1194 537 1248 ἐκέλευε.
611 1196 791 1261 ταύτης
814 1198 866 1248 δὲ
891 1197 1088 1265 εἴχοντο
1112 1199 1199 1261 τῆς
1220 1197 1418 1264 γνώμης
1451 1197 1528 1248 καὶ
1560 1197 1990 1262 Πελοποννησίων

187 1294 286 1342 109
325 1285 423 1332 τῶν
455 1279 626 1332 ἄλλων
657 1283 702 1333 οἱ
740 1282 1026 1348 στρατηγοί.
1118 1281 1182 1334 ὡς
1219 1284 1273 1333 δὲ
1308 1281 1459 1346 ἔμαθε
1497 1282 1576 1334 ὅτι
1602 1279 1660 1332 οὐ
1683 1281 1847 1333 πείσει
1874 1281 1988 1335 τούς

325 1386 383 1431 γε
419 1364 641 1419 πολλοὺς
679 1364 853 1418 πλέειν
893 1354 944 1419 ἐς
979 1364 1067 1418 τὸν
1101 1364 1488 1430 Ἑλλήσποντον
1525 1366 1551 1416 ὁ
1590 1364 1984 1430 Θεμιστοκλέης,
2015 1385 2063 1426 15

323 1450 627 1515 μεταβαλὼν
658 1449 779 1516 πρὸς
815 1449 928 1504 τοὺς
957 1449 1251 1514 Ἀθηναίους
1284 1446 1436 1512 (οὗτοι
1466 1451 1559 1517 γὰρ
1590 1448 1812 1515 μάλιστα
1843 1450 1984 1502 ἐκπε-

325 1535 586 1601 φευγότων
625 1534 995 1601 περιημέκτεον,
1039 1533 1252 1600 ὁρμέατό
1290 1556 1344 1585 τε
1387 1536 1437 1587 ἐς
1476 1532 1563 1586 τὸν
1602 1531 1987 1597 Ἑλλήσποντον
2025 1577 2037 1583 -

324 1618 499 1670 πλέειν
531 1619 610 1671 καὶ
641 1619 723 1671 ἐπὶ
759 1617 937 1685 σφέων
972 1619 1133 1670 αὐτῶν
1168 1618 1461 1683 βαλόμενοι,
1497 1619 1539 1669 εἰ
1574 1619 1730 1669 ὧλλοι
1763 1616 1829 1682 μὴ
1860 1622 1982 1683 βου-

258 1720 284 1752 2
322 1698 515 1767 λοίατο)
545 1702 689 1770 ἔλεγέ
722 1709 818 1770 σφι
850 1702 980 1755 τάδε·
1030 1703 1126 1754 Καὶ
1156 1701 1302 1755 αὐτὸς
1324 1701 1414 1767 ἤδη
1444 1706 1686 1754 πολλοῖσι
1715 1701 1982 1768 παρεγενό-

321 1807 419 1851 μην
466 1787 544 1839 καὶ
588 1792 759 1857 πολλῷ
805 1786 943 1839 πλέω
987 1784 1175 1850 ἀκήκοα
1217 1785 1385 1838 τοιάδε
1427 1784 1678 1853 γενέσθαι,
1711 1784 1890 1852 ἄνδρας
1933 1786 1986 1840 ἐς
2011 1805 2061 1834 20

323 1872 594 1938 ἀναγκαίην
640 1870 999 1935 ἀπειληθέντας
1039 1869 1383 1935 νενικημένους
1424 1869 1776 1938 ἀναμάχεσθαί
1810 1891 1866 1922 τε
1904 1869 1986 1921 καὶ

322 1954 700 2021 ἀναλαμβάνειν
741 1954 831 2019 τὴν
874 1954 1118 2021 προτέρην
1161 1954 1420 2019 κακότητα.
1509 1953 1650 2019 ἡμεῖς
1690 1953 1745 2006 δέ
1780 1950 1986 2020 (εὕρημα

320 2041 416 2106 γὰρ
461 2038 731 2106 εὑρήκαμεν
773 2038 926 2104 ἡμέας
971 2061 1024 2091 τε
1067 2038 1245 2092 αὐτοὺς
1291 2039 1369 2091 καὶ
1410 2037 1501 2102 τὴν
1544 2037 1785 2097 Ἑλλάδα,
1831 2037 1985 2105 νέφος

321 2128 563 2175 τοσοῦτον
593 2123 864 2189 ἀνθρώπων
895 2120 1229 2188 ἀνωσάμενοι)
1256 2121 1323 2187 μὴ
1362 2123 1613 2187 διώκωμεν
1648 2122 1828 2188 ἄνδρας
1860 2121 1981 2189 φεύ-

258 2233 284 2277 3
322 2229 515 2274 γοντας.
603 2206 719 2260 τάδε
750 2209 846 2274 γὰρ
876 2207 964 2258 οὐκ
993 2208 1134 2273 ἡμεῖς
1167 2205 1594 2273 κατεργασάμεθα,
1628 2207 1763 2258 ἀλλὰ
1794 2205 1902 2258 θεοί
1926 2226 1982 2259 τε
2009 2221 2056 2262 25

323 2292 400 2342 καὶ
434 2292 607 2359 ἥρωες,
643 2292 689 2343 οἳ
728 2292 1018 2358 ἐφθόνησαν
1053 2290 1208 2357 ἄνδρα
1244 2291 1333 2342 ἕνα
1369 2293 1455 2354 τῆς
1490 2311 1545 2343 τε
1575 2289 1751 2355 Ἀσίης
1788 2289 1982 2354 καὶτῆς

324 2375 561 2443 Εὐρώπης
588 2380 917 2442 βασιλεῦσαι,
951 2376 1095 2427 ἐόντα
1126 2375 1331 2427 ἀνόσιόν
1367 2396 1423 2427 τε
1460 2375 1539 2426 καὶ
1574 2372 1881 2427 ἀτάσθαλον·
1927 2371 1982 2428 ὃς

379 2527 396 2553 1
431 2514 673 2567 ἐργασαίατο
706 2513 894 2552 Dindorf
907 2529 916 2553 :
957 2512 1175 2567 ἐργάσαιτο
1205 2512 1467 2552 ABCPV:
1506 2529 1624 2553 -σατο
1657 2511 1726 2550 R:
1760 2528 1919 2553 -σ-αιντο
1948 2511 1980 2552 S

319 2581 344 2606 2
376 2571 419 2609 ἐν
438 2572 490 2618 τῆ
511 2576 552 2608 Ε.
573 2567 709 2619 μένειν
730 2569 768 2606 R
785 2569 865 2607 SV
1015 2566 1233 2621 πειρῶ(ι)τ’
1254 2567 1295 2605 Α
1309 2567 1344 2605 Β
1362 2567 1395 2605 C
1410 2567 1443 2606 P
1661 2579 1685 2617 5
1716 2567 1741 2616 ἡ
1763 2579 1844 2606 om.
1867 2565 1923 2603 Al
1939 2566 1979 2618 B.

320 2621 597 2675 διαφθαρέεται
617 2622 658 2661 Α
674 2623 709 2661 Β
728 2622 761 2661 C
779 2623 810 2662 S
822 2622 860 2660 V
990 2622 1251 2675 ἐπιχωρέοντι
1273 2622 1313 2661 R
1329 2622 1358 2661 S
1370 2621 1408 2659 V
1608 2623 1636 2660 6
1665 2624 1923 2675 προχωρῆσαι
1945 2621 1979 2660 C
2046 2662 2057 2670 ‚

321 2690 343 2726 7
375 2677 517 2719 πόλιάς
538 2678 572 2716 C
589 2678 627 2716 R
642 2677 724 2717 SV
875 2678 901 2716 8
932 2675 994 2718 ἐπ’
1016 2677 1123 2718 ἔτιον
1145 2676 1185 2716 R
1337 2690 1364 2726 9
1392 2677 1466 2717 τὸν
1485 2689 1566 2715 om.
1591 2675 1625 2715 P
1638 2676 1678 2715 R
1693 2676 1774 2715 SV
1884 2675 1979 2716 ἀλλ’

319 2734 364 2771 οὐ
385 2731 539 2773 δοκέειν
559 2732 593 2771 C
764 2746 813 2772 10
841 2731 976 2783 μένειν
997 2732 1030 2771 C
1144 2730 1303 2783 Πέρσεα
1324 2731 1364 2770 R
1380 2730 1460 2770 SV
1634 2743 1678 2769 11
1713 2733 1820 2771 ἔλθοι
1841 2729 1878 2768 Α
1894 2729 1929 2768 Β
1943 2730 1978 2768 C

322 2798 370 2835 13
400 2786 462 2838 δὲ]
486 2788 534 2835 δὴ
558 2786 607 2825 Ρι
665 2800 667 2803 ’
799 2798 846 2836 15
875 2787 1026 2828 πλώειν
1048 2786 1087 2825 R
1103 2785 1185 2825 SV
1364 2788 1413 2824 16
1441 2785 1558 2839 πρὸς]
1582 2786 1703 2837 ἔλεγε
1723 2786 1819 2837 πρὸς
1841 2784 1881 2822 R
1896 2783 1979 2823 SV

317 2852 355 2932 11³
346 2844 490 2934 Ἱδὼῧμ.
511 2841 551 2880 Α
565 2841 599 2880 Β
616 2841 730 2939 ςᾶἰλ
787 2896 827 2935 A
841 2843 926 2936 Blg
941 2843 1104 2935 1ζι-λώειν
1126 2840 1165 2879 R
1172 2841 1221 2946 189
1226 2840 1264 2879 V
1279 2904 1309 2947 φ
1340 2840 1623 2934 οέἶαλέόὲιεὸοι
1645 2840 1703 2881 C:
1735 2837 1976 2934 βιὲιὲλόμῗνίοι

591 2915 624 2937 οι
732 2914 767 2938 οι
1251 2910 1279 2936 σ
1312 2913 1323 2936 ι
1417 2925 1426 2934 .
1848 2910 1878 2932 π
1910 2910 1927 2934 ε
1945 2910 1976 2933 ω

316 2948 357 2988 R
371 2949 401 2989 S
414 2951 453 2989 V
589 2964 642 3002 24
671 2956 848 2993 τοσοῦτο
867 2951 925 2990 Ac
937 2951 972 2990 B
988 2951 1022 2991 C
1115 2949 1420 3001 ἆνασωσάμενοι
1439 2948 1479 2988 Α
1493 2948 1529 2987 Β
1541 2949 1575 2989 C
1673 2950 1864 2999 διώκομεν
1884 2947 1924 2986 R
1937 2946 1976 2986 V
