2034 3328
0 1227 135 1282 ναοὶ.

112 1346 139 1391 3

0 1493 130 1546 atissa

65 1673 136 1732 63

798 104 1225 153 ΙΙΡΟΔΟΤΟΎ

263 235 328 285 ‘H
360 238 452 300 μὲν
482 235 538 299 δὴ
570 236 689 302 ὄψις
720 239 803 286 τοῦ
831 234 1105 304 Ἱππάρχου
1134 235 1361 287 ἐνυπνίου
1393 235 1472 288 καὶ
1503 237 1548 287 οἱ
1573 238 1843 304 Γεφυραῖοι

177 321 290 370 ὅθεν
328 321 645 386 ἐγεγόνεσαν,
679 311 776 371 τῶν
811 319 943 384 ἦσαν
980 323 1026 371 οἱ
1056 318 1331 388 Ἱππάρχου
1365 318 1559 386 φονέες,
1594 318 1847 388 ἀπήγηταί

176 425 275 468 μοι·
304 399 398 454 ’δεῖ
439 407 490 455 δὲ
536 403 656 470 πρὸς
699 404 922 455 τούτοισι
967 403 1038 455 ἔτι
1083 405 1361 469 ἀναλαβεῖν
1403 403 1489 456 τὸν
1525 391 1638 455 κατ’
1683 405 1842 474 ἀρχὰς

176 487 259 551 ἤια
307 486 465 552 λέξων
508 489 678 554 λόγον,
724 488 787 541 ὡς
830 486 1081 554 τυράννων
1122 488 1527 554 ἐλευθερώθησαν
1566 487 1839 554 Ἀθηναιοῖ.

175 570 378 623 Ἱππίεω
414 572 791 636 τυραννεύοντος
829 572 907 623 καὶ
943 571 1384 638 ἐμπικραινομένου
1414 572 1726 637 Ἀθηναίοισι
1761 575 1842 626 διὰ
1863 593 1888 636 5

176 654 263 706 τὸν
301 654 576 722 Ἱππάρχου
621 655 833 707 θάνατον
873 655 1250 721 Ἀλκμεωνίδαι,
1297 654 1441 723 γένος
1484 656 1649 710 ἐόντες
1688 656 1838 722 Ἀθη-

176 743 303 791 ναῖοι
341 740 419 790 καὶ
456 739 725 805 φεύγοντες
762 741 1198 806 Πεισιστρατίδας,
1238 741 1401 792 ἐπείτε
1435 746 1532 807 σφι
1572 738 1674 805 ἅμα
1707 744 1842 792 τοῖσι

175 822 380 874 ἄλλοισι
402 822 679 887 Ἀθηναίων
704 823 898 890 φυγάσι
928 822 1279 890 πειρωμένοισι
1309 826 1431 875 κατὰ
1459 823 1516 875 τὸ
1547 822 1755 892 ἰσχυρὸν
1783 823 1842 876 οὖ

174 907 453 974 προεχώρεε
474 902 730 973 [κάτοδος],
758 908 892 958 ἀλλὰ
921 907 1258 974 προσέπταιον
1286 906 1518 975 μεγάλως
1546 908 1841 975 πειρώμενοι

176 990 393 1042 κατιέναι
423 1012 476 1043 τε
508 991 585 1041 καὶ
617 993 905 1057 ἐλευθεροῦν
929 993 1017 1045 τὰς
1041 990 1270 1056 Ἀθήνας,
1296 991 1599 1060 Λειψύδριον
1628 991 1687 1044 τὸ
1715 992 1839 1061 ὑπὲρ

175 1077 414 1139 Παιονίης
436 1077 765 1142 τειχίσαντες,
793 1078 1001 1127 ἐνθαῦτα
1032 1078 1077 1128 οἱ
1100 1075 1459 1141 Ἀλκμεωνίδαι
1481 1079 1580 1128 πᾶν
1603 1076 1684 1129 ἐπὶ
1706 1079 1841 1129 τοῖσι

175 1160 625 1230 Πεισιστρατίδῃσι
659 1160 1007 1227 μηχανώμενοι
1043 1160 1156 1226 παρ’
1186 1159 1563 1227 Ἀμφικτυόνων
1598 1164 1684 1213 τὸν
1718 1159 1840 1225 νηὸν

172 1246 464 1312 μισθοῦνται
498 1242 584 1294 τὸν
622 1244 674 1300 ἐν
710 1249 980 1310 Δελφοῖσι,
1021 1243 1106 1295 τὸν
1142 1247 1230 1296 νῦν
1265 1244 1424 1303 ἐόντα,
1456 1245 1568 1296 τότε
1604 1246 1657 1296 δὲ
1691 1244 1835 1304 οὔκω,

174 1331 348 1378 τοῦτον
393 1325 784 1391 ἐξοικοδομῆσαι.
875 1328 953 1378 οἶα
1000 1331 1051 1379 δὲ
1099 1326 1366 1396 χρημάτων
1412 1328 1464 1380 εῧ
1507 1328 1711 1392 ἥκοντες
1759 1328 1838 1380 καὶ

176 1411 351 1463 ἐόντες.
381 1410 552 1477 ἄνδρες
592 1412 782 1476 δόκιμοι
823 1411 1062 1463 ἀνέκαθεν
1102 1412 1190 1470 ἔτι,
1229 1411 1315 1463 τὸν
1350 1407 1440 1478 [τε]
1476 1411 1596 1476 νηὸν
1633 1408 1835 1479 ἐξεργά-

175 1515 329 1546 σαντο
366 1499 450 1546 τοῦ
487 1496 880 1561 παραδείγματος
919 1494 1141 1553 κάλλιον,
1174 1493 1235 1546 τά
1264 1516 1317 1547 τε
1352 1495 1485 1547 ἄλλα
1523 1495 1603 1546 καὶ
1637 1516 1836 1563 συγκει-

171 1578 321 1643 μένου
373 1585 471 1645 σφι
521 1580 929 1644 πωρίνου-λ-ίθου
979 1579 1166 1631 ποιέειν
1215 1583 1302 1632 τὸν
1351 1581 1486 1645 νηόν,
1537 1580 1728 1647 Παρίου
1777 1581 1840 1632 τὰ

173 1662 424 1729 ἔμπροσθε
448 1662 596 1713 αὐτοῦ
620 1661 933 1727 ἐξεποίησαν.
1002 1663 1066 1716 ὡς
1089 1660 1158 1715 ὧν
1179 1662 1238 1727 δὴ
1262 1665 1308 1715 οἱ
1332 1663 1586 1728 Ἀθηναῖοι
1607 1662 1835 1731 λέγουσι,

171 1746 306 1797 οὗτοι
329 1749 375 1797 οἳ
398 1745 570 1812 ἄνδρες
595 1749 646 1798 ἐν
673 1751 929 1813 Δελφοῖσι
962 1745 1223 1812 κατήμενοι
1245 1746 1508 1800 ἀνέπειθον
1529 1747 1620 1812 τὴν
1644 1747 1838 1812 Πυθίην

171 1828 409 1897 χρήμασι,
441 1831 566 1883 ὅκως
603 1830 796 1882 ἔλθοιεν
827 1830 1170 1898 Σπαρτιητέων
1200 1830 1372 1898 ἄνδρες
1403 1833 1501 1883 εἴτε
1532 1833 1636 1902 ἰδίῳ
1667 1832 1836 1901 στόλῳ

173 1915 271 1966 εἴτε
302 1916 521 1983 δημοσίῳ
552 1915 873 1982 χρησόμενοι,
907 1914 1178 1983 προφέρειν
1208 1922 1306 1982 σφι
1334 1918 1422 1969 τὰς
1452 1914 1666 1980 Ἀθήνας
1695 1917 1834 1968 ἐλευ-

171 2000 358 2063 θεροῦν.
448 1999 827 2063 Λακεδαιμόνιοι
866 1997 935 2058 δέ,
977 1999 1042 2052 ὥς
1084 2005 1181 2066 σφι
1222 1999 1318 2050 αἰεὶ
1355 1999 1511 2051 τώυτὸ
1551 2001 1837 2066 πρόφαντον

173 2082 378 2148 ἐγίνετο,
430 2081 680 2147 πέμπουσι
725 2082 1052 2150 Ἀγχιμόλιον
1103 2083 1189 2135 τὸν
1236 2082 1489 2149 Ἀστέρος,
1541 2076 1688 2134 ἐόντα
1738 2087 1836 2135 τῶν

171 2166 337 2217 ἀστῶν
366 2167 519 2233 ἄνδρα
548 2166 881 2231 δόκιμον,κσὺν
913 2172 1107 2236 στρατῷ
1138 2165 1386 2231 ἐξελῶντα
1416 2168 1836 2233 Πεισιστρατίδας

171 2247 230 2313 ἐξ
253 2249 520 2314 Ἀθηνέων,
553 2251 684 2315 ὅμως
721 2250 800 2301 καὶ
835 2249 1024 2315 ξείνους
1061 2257 1158 2317 σφι
1195 2251 1367 2303 ἐόντας
1396 2252 1458 2301 τὰ
1489 2249 1729 2317 μάλιστα·
1774 2251 1835 2302 τὰ

169 2334 264 2399 γὰρ
313 2338 399 2384 τοῦ
451 2337 563 2386 θεοῦ
613 2334 931 2400 πρεσβύτερα
983 2335 1234 2386 ἐποιεῦντο
1284 2330 1314 2397 ἢ
1367 2336 1428 2385 τὰ
1477 2339 1576 2386 τῶν
1626 2335 1832 2400 ἀνδρῶν.

171 2414 420 2482 πέμπουσι
478 2420 530 2469 δὲ
583 2418 782 2471 τούτους
834 2419 956 2468 κατὰ
1015 2407 1281 2469 θάλασσαν
1333 2418 1572 2470 πλοίοισι.
1660 2419 1687 2471 ὁ
1743 2420 1834 2483 μὲν

225 2566 250 2603 3
280 2552 323 2594 δὲ
346 2553 448 2594 PS:
480 2555 527 2603 δὴ
551 2552 640 2592 rell.
807 2565 832 2602 5
863 2554 1062 2602 Ἀθηναῖοι
1085 2567 1167 2592 om.
1195 2554 1228 2591 B
1380 2557 1407 2593 6
1437 2555 1667 2605 Ἀλκμαιον.
1695 2555 1831 2595 SVU

172 2608 236 2657 (it.
275 2608 342 2659 ΙΙ)
535 2621 562 2657 9
589 2606 756 2649 κάτοδος
788 2607 869 2647 del.
905 2607 1103 2658 Krueger
1301 2621 1349 2647 10
1375 2613 1487 2661 Λειψ.
1519 2608 1578 2650 C:
1616 2614 1705 2662 Λιψ.
1735 2610 1827 2650 rell.

175 2674 219 2700 11
253 2662 455 2715 Πάρνηθος
475 2662 755 2711 Valckenaer‚
782 2662 834 2701 cf.
860 2660 1037 2702 Aristot.
1066 2675 1130 2713 rp.
1160 2662 1260 2701 Ath.
1291 2676 1340 2712 19
1580 2676 1628 2713 13
1661 2665 1734 2705 τὸν
1762 2667 1834 2706 νῦν

172 2716 291 2757 ἐόντα
309 2729 390 2756 om.
417 2715 451 2755 C
621 2728 669 2766 15
698 2733 745 2757 τε
766 2715 847 2756 del.
875 2716 1074 2767 Krueger
1242 2718 1291 2756 18
1322 2717 1543 2771 ἔμπροσθεν
1566 2718 1598 2756 L
1694 2720 1832 2761 ,αὐτοῦ

170 2783 251 2810 om.
286 2770 318 2809 P
482 2770 783 2822 Λακεδαιμόνιοι
816 2770 1203 2820 Schweighaeuser
1259 2783 1265 2788 ·
1420 2784 1470 2810 21
1502 2770 1745 2826 προσφέρειν
1772 2773 1832 2812 S:

169 2825 401 2877 προφαίνειν
423 2825 594 2864 Bekker
723 2838 774 2863 22
805 2826 865 2866 ἀεὶ
888 2825 970 2864 SV
985 2826 1022 2864 U
1134 2825 1392 2879 πρόσφαντον
1415 2826 1446 2864 S
1579 2839 1632 2876 23
1664 2826 1830 2879 ἐγένετο

171 2879 203 2917 C
218 2878 252 2918 P
358 2879 611 2931 Ἀγχίμολον
632 2880 807 2918 Aristot.
838 2880 862 2919 l.
883 2880 908 2919 l.
1116 2894 1167 2929 24
1200 2883 1401 2932 ἐξελῶντα
1422 2880 1461 2918 U
1479 2898 1487 2921 ι
1522 2880 1715 2934 ἐξελόντα
1734 2881 1826 2922 rell.

169 2945 221 2983 25
253 2932 467 2982 Ἀθηναίων
489 2933 522 2971 C
537 2933 584 2972 P¹
601 2935 630 2973 S
645 2933 681 2972 V
698 2933 734 2971 U
846 2935 993 2986 ξείνους
1017 2934 1242 2975 Schaefer:
1275 2935 1436 2987 ξεινίους
1458 2934 1491 2973 L

1865 1015 1917 1045 10

1866 1432 1914 1476 15

1863 1851 1913 1879 20

1861 2268 1909 2310 25
