2034 3328
99 389 155 437 ὦ

127 823 153 854 2

805 85 1232 137 ΗΡΟΔΟΤΟὙ

192 220 247 271 οὗ
287 222 497 287 ὕστερον
537 219 723 272 τούτων
761 217 1007 270 τάλαντον
1047 218 1281 285 ἀργυρίου
1314 214 1627 286 Ἀλεξάνδρῳ
1667 214 1851 284 ἡμέρης

194 303 407 367 ἑκάστης
439 305 630 369 ἐφοίτα,
663 305 787 368 μετὰ
818 305 869 353 δὲ
900 306 955 353 τὸ
990 300 1243 367 μέταλλον
1275 301 1519 368 Δύσωρον
1550 301 1852 366 καλεόμενον

194 389 305 453 ὅρος
350 385 641 453 ὑπερβάντα
688 387 812 438 εἶναι
860 388 913 436 ἐν
962 387 1259 456 Μακεδονίῃ.
1350 387 1396 436 οἱ
1443 382 1523 436 ὦν
1560 383 1758 451 Πέρσαι
1803 387 1852 438 οἱ

193 470 503 537 πεμφθέντες
545 470 679 521 οὗτοι
718 471 849 536 παρὰ
888 469 974 521 τὸν
1009 469 1256 535 Ἀμύντην
1293 469 1358 522 ὡς
1394 470 1647 528 ἀπίκοντο,
1686 470 1850 521 αἴτεον

193 555 423 607 ἐλθόντες
453 555 503 606 ἐς
534 555 656 620 ὄψιν
686 554 775 618 τὴν
807 554 1056 619 Ἀμύντεω
1089 555 1282 623 Δαρείῳ
1319 552 1529 618 βασιλέϊ
1558 555 1652 619 γῆν
1682 574 1736 605 τε
1772 554 1850 605 καὶ

190 639 335 703 ὕδωρ.
425 639 451 688 ὁ
487 641 540 690 δὲ
569 637 722 689 ταῦτά
757 659 809 689 τε
850 638 1008 689 ἐδίδου
1046 638 1128 689 καί
1160 644 1324 704 σφεας
1361 638 1441 689 ἐπὶ
1477 636 1634 701 ξείνια
1665 636 1846 696 καλέει,

192 721 698 788 παρασκευασάμενος
742 724 794 773 δὲ
836 725 1035 773 δεῖπνον
1077 724 1456 788 μεγαλοπρεπὲς
1500 719 1694 773 ἐδέκετο
1737 720 1850 774 τοὺς

192 805 395 871 Πέρσας
430 807 765 872 φιλοφρόνως.
856 805 920 859 ὡς
960 807 1012 856 δὲ
1049 805 1147 857 ἀπὸ
1182 806 1379 858 δείπνου
1414 806 1656 872 ἐγίνοντο,
1691 806 1850 857 διαπί-

0 897 174 971 Ἇάιψῇ
192 911 359 954 ζοντες
394 890 537 941 εἶπαν
574 891 619 940 οἱ
651 888 847 955 Πέρσαι
884 887 1017 941 τάδε·
1066 891 1214 943 Ξεῖνε
1252 889 1514 949 Μακεδών,
1547 889 1664 954 ἡμῖν
1701 890 1851 954 νόμος

193 975 302 1025 ἐστὶ
330 978 464 1025 τοῖσι
495 972 742 1044 Πέρσῃσι,
776 974 926 1025 ἐπεὰν
957 976 1155 1025 δεῖπνον
1186 973 1530 1040 προτιθώμεθα
1557 972 1705 1040 μέγα,
1737 973 1851 1025 τότε

194 1057 271 1108 καὶ
313 1059 402 1110 τὰς
446 1059 706 1110 παλλακὰς
755 1058 832 1108 καὶ
876 1059 963 1111 τὰς
1012 1059 1252 1121 κουριδίας
1295 1062 1529 1124 γυναῖκας
1575 1056 1851 1123 ἐσάγεσθαι

192 1140 475 1208 παρέδρους·
524 1142 589 1192 σύ
617 1162 719 1199 νυν,
746 1142 858 1192 ἐπεί
883 1162 974 1208 περ
999 1141 1256 1207 προθύμως
1285 1143 1376 1206 μὲν
1400 1139 1588 1206 ἐδέξαο,
1618 1139 1852 1208 μεγάλως

192 1227 245 1276 δὲ
274 1223 511 1288 ξεινίζεις,
538 1229 688 1278 διδοῖς
717 1246 771 1276 τε
801 1223 1010 1290 βασιλέϊ
1036 1226 1229 1294 Δαρείῳ
1253 1228 1347 1292 γῆν
1370 1246 1423 1277 τε
1456 1226 1534 1277 καὶ
1562 1226 1707 1292 ὕδωρ,
1733 1224 1850 1277 ἕπεο

192 1308 324 1377 νόμῳ
356 1313 421 1378 τῷ
451 1307 685 1377 ἡμετέρῳ.
761 1308 867 1360 εῖπε
898 1308 1019 1375 πρὸς
1048 1313 1199 1360 ταῦτα
1230 1308 1489 1375 Ἀμύντης·
1527 1307 1601 1359 *52
1633 1307 1846 1376 Πέρσαι,

190 1392 338 1456 νόμος
367 1394 458 1456 μὲν
488 1392 603 1456 ἡμῖν
632 1391 691 1459 γέ
723 1394 831 1443 ἐστι
861 1393 948 1443 οὐκ
978 1393 1137 1453 οὗτος,
1170 1393 1304 1444 ἀλλὰ
1335 1395 1634 1462 κεχωρίσθαι
1668 1391 1850 1460 ἄνδρας

148 1503 150 1505 ·
189 1481 448 1542 γυναικῶν·
511 1478 671 1528 ἐπείτε
716 1479 769 1528 δὲ
812 1478 948 1541 ὑμεῖς
997 1478 1160 1529 ἐόντες
1204 1477 1445 1529 δεσπόται
1488 1477 1850 1544 προσχρηίζετε

94 2327 155 2375 19

190 1559 392 1619 τούτων,
416 1558 658 1626 παρέσται
682 1562 794 1625 ὑμῖν
816 1560 894 1611 καὶ
917 1564 1084 1611 ταῦτα.
1153 1561 1293 1614 εἴπας
1316 1564 1533 1612 τοσαῦτα
1556 1561 1583 1611 ὁ
1606 1559 1849 1626 Ἀμύντης

189 1643 527 1708 μετεπέμπετο
557 1645 643 1697 τὰς
674 1649 923 1710 γυναῖκας.
1012 1645 1061 1695 αἱ
1091 1643 1134 1695 δ’
1159 1645 1322 1696 ἐπείτε
1351 1645 1644 1710 καλεόμεναι
1674 1642 1847 1707 ἦλθον,

191 1726 367 1791 ἐπεξῆς
407 1728 567 1778 ἀντίαι
608 1728 766 1790 ἵζοντο
806 1732 938 1779 τοῖσι
979 1726 1229 1799 Πέρσῃσι.
1317 1730 1527 1780 ἐνθαῦτα
1568 1730 1615 1779 οἱ
1653 1726 1849 1794 Πέρσαι

192 1811 407 1875 ἰδόμενοι
436 1815 667 1877 γυναῖκας
699 1811 973 1878 εὐμόρφους
1003 1811 1180 1878 ἔλεγον
1211 1811 1332 1879 πρὸς
1355 1811 1602 1878 Ἀμύντην
1634 1810 1851 1879 φάμενοι

190 1898 245 1944 τὸ
291 1897 494 1959 ποιηθὲν
538 1900 680 1945 τοῦτο
724 1895 865 1946 οὐδὲν
911 1895 1036 1947 εἶναι
1082 1896 1263 1961 σοφόν·
1326 1894 1543 1963 κρέσσον
1585 1897 1681 1962 γὰρ
1725 1894 1851 1947 εῖναι

192 1978 410 2045 ἀρχῇθεν
438 1977 503 2042 μὴ
536 1980 699 2030 ἐλθεῖν
730 1981 817 2032 τὰς
846 1984 1078 2045 γυναῖκας
1106 1976 1135 2043 ἢ
1168 1980 1413 2032 ἐλθούσας
1445 1981 1522 2031 καὶ
1552 1978 1617 2044 μὴ
1649 1979 1846 2045 παριζο-

191 2060 342 2126 μένας
373 2063 541 2114 ἀντίας
571 2063 763 2125 ἵζεσθαι
787 2063 1067 2129 ἀλγηδόνας
1091 2065 1245 2130 σφίσι
1269 2065 1563 2131 ὀφθαλμῶν.
1631 2063 1846 2129 ἀναγκα-

195 2145 393 2211 ζόμενος
423 2149 475 2197 δὲ
508 2147 533 2195 ὁ
557 2146 799 2211 Ἀμύντης
831 2146 1025 2198 ἐκέλευε
1049 2148 1285 2213 παρίζειν·
1332 2146 1639 2212 πειθομένων
1669 2149 1721 2198 δὲ
1751 2151 1850 2198 τῶν

192 2234 434 2294 γυναικῶν
466 2229 637 2280 αὐτίκα
666 2232 711 2280 οἱ
736 2229 932 2297 Πέρσαι
962 2235 1166 2295 μαστῶν
1190 2251 1243 2282 τε
1273 2230 1487 2283 ἅπτοντο
1519 2233 1599 2282 οἵα
1628 2231 1851 2284 πλεόνως

194 2312 452 2376 οἰνωμένοι
484 2314 568 2363 καί
594 2314 681 2363 κού
709 2334 782 2366 τις
813 2315 892 2365 καὶ
924 2313 1120 2380 φιλέειν
1150 2316 1394 2380 ἐπειρᾶτο.
1482 2314 1725 2379 Ἀμύντης
1759 2316 1851 2379 μὲν

194 2395 250 2459 δὴ
275 2401 427 2446 ταῦτα
450 2395 601 2461 ὀρέων
625 2395 836 2462 ἀτρέμας
861 2397 982 2465 εἶχε,
1006 2398 1179 2464 καίπερ
1197 2397 1504 2465 δυσφορέων,
1528 2400 1607 2450 οῖα
1628 2400 1850 2465 ὑπερδει-

248 2543 273 2580 5
305 2531 458 2584 Δαρείῳ
479 2545 561 2571 om.
586 2531 615 2570 S
727 2531 897 2579 βασιλέϊ
913 2546 994 2572 om.
1019 2533 1153 2572 SVU
1318 2535 1346 2572 6
1375 2533 1549 2586 ξεινία(ι>
1573 2534 1606 2574 C
1621 2534 1677 2575 P:
1707 2535 1850 2588 ξεινίας

196 2586 329 2624 SVU
498 2599 518 2634 7
550 2586 594 2626 δὲ
620 2598 700 2625 orn.
724 2586 814 2625 VU
980 2589 1006 2626 8
1036 2586 1224 2640 ἐγένοντο
1247 2587 1277 2627 S
1437 2601 1482 2627 11
1514 2590 1697 2630 παλακὰς
1718 2590 1851 2629 CSV

193 2640 375 2693 κουρίδας
396 2640 430 2678 C
572 2652 620 2689 13
651 2641 842 2692 ἐξείνισας
867 2640 897 2679 S
911 2641 948 2679 V
964 2642 1002 2680 U
1114 2655 1174 2692 pr.
1197 2643 1263 2693 Te]
1287 2641 1331 2683 δὲ
1349 2641 1437 2680 ΑΒ
1453 2643 1486 2682 C
1502 2643 1535 2681 P
1693 2655 1741 2692 15
1771 2646 1850 2696 οὐχ

195 2695 233 2732 Α
248 2695 282 2732 Β
298 2694 332 2732 C
473 2711 596 2735 ουτως
619 2695 698 2734 SV
713 2694 748 2732 U
950 2708 996 2745 17
1027 2700 1204 2741 τουτέων
1224 2697 1305 2735 SV
1321 2697 1358 2735 U
1489 2697 1599 2749 ὑμῖν]
1620 2696 1694 2749 μὲν
1715 2698 1848 2743 SVU

193 2749 341 2801 ταῦτα]
365 2747 461 2789 τάδε
482 2748 517 2785 V
534 2748 569 2786 U
751 2751 800 2787 18
828 2750 1113 2802 μετεπέμψατο
1135 2751 1267 2790 SVU
1433 2752 1691 2803 κελευόμεναι
1713 2752 1794 2791 SV
1810 2752 1849 2791 U

198 2815 247 2852 19
277 2803 394 2844 ἀντία
415 2803 448 2841 C
668 2803 840 2854 ἰδόμενοι
865 2806 902 2844 οἱ
921 2806 1071 2858 Πέρσαι
1094 2806 1123 2844 S
1138 2805 1175 2842 V
1192 2806 1229 2844 U
1423 2820 1472 2845 21
1504 2819 1567 2856 pr.
1591 2807 1689 2847 εἶναι
1711 2819 1792 2845 om.
1814 2807 1848 2846 C

194 2870 246 2895 22
276 2856 542 2909 παρεζομένας
558 2857 597 2895 Α
613 2857 646 2895 Β
661 2858 694 2896 C
834 2871 886 2908 23
916 2859 1032 2899 ἀντία
1049 2860 1080 2898 S
1092 2860 1129 2898 V
1143 2859 1182 2898 U
1296 2860 1504 2912 ἀλγηδόνα
1526 2861 1556 2899 S
1571 2861 1608 2899 V
1623 2860 1660 2899 U
1776 2871 1849 2914 σφι

195 2911 228 2949 Ρ
243 2912 273 2950 S
287 2911 376 3003 {U
543 2925 594 2960 24
622 2911 885 2962 πειθομενέων
904 2912 943 2951 Α
958 2913 992 2951 Β
1007 2914 1040 2952 C
1056 2913 1090 2952 P
1252 2925 1304 2963 25
1335 2914 1512 2956 πλεόνως
1534 2915 1568 2953 C
1720 2929 1769 2965 27
1801 2917 1849 2965 δὴ

193 2979 272 3005 om.

1873 578 1895 617 5

1878 997 1927 1025 10

1879 1416 1923 1457 ¹5

1875 1835 1926 1862 20

1875 2252 1923 2292 25
