<?xml version="1.0" encoding="UTF-8"?>
<!DOCTYPE html PUBLIC "-//W3C//DTD XHTML 1.0 Transitional//EN"
    "http://www.w3.org/TR/xhtml1/DTD/xhtml1-transitional.dtd">
<html xmlns="http://www.w3.org/1999/xhtml" xml:lang="en" lang="en">
 <head>
  <title>
</title>
<meta http-equiv="Content-Type" content="text/html;charset=utf-8" />
  <meta name='ocr-system' content='tesseract 3.04.00' />
  <meta name='ocr-capabilities' content='ocr_page ocr_carea ocr_par ocr_line ocrx_word'/>
</head>
<body>
  <div class='ocr_page' id='page_1' title='image "./herodotihistoria02herouoft_0093.png"; bbox 0 0 2080 3328; ppageno 0'>
   <div class='ocr_carea' id='block_1_1' title="bbox 697 131 1998 198">
    <p class='ocr_par' dir='ltr' id='par_1_1' title="bbox 697 131 1998 198">
     <span class='ocr_line' id='line_1_1' title="bbox 697 131 1998 198; baseline 0.004 -19"><span class='ocrx_word' id='word_1_1' title='bbox 697 131 1077 181; x_wconf 85' lang='grc' dir='ltr'>ΙΣΤΟΡΙΩΝ</span> <span class='ocrx_word' id='word_1_2' title='bbox 1139 133 1179 180; x_wconf 95' lang='grc' dir='ltr'>Ζ</span> <span class='ocrx_word' id='word_1_3' title='bbox 1813 136 1900 185; x_wconf 67' lang='lat' dir='ltr'>VI.</span> <span class='ocrx_word' id='word_1_4' title='bbox 1929 151 1998 198; x_wconf 87' lang='lat'>39</span> 
     </span>
    </p>
   </div>
   <div class='ocr_carea' id='block_1_2' title="bbox 30 261 2080 2522">
    <p class='ocr_par' dir='ltr' id='par_1_2' title="bbox 100 261 1877 585">
     <span class='ocr_line' id='line_1_2' title="bbox 101 261 1772 331; baseline 0.002 -16"><span class='ocrx_word' id='word_1_5' title='bbox 101 263 389 331; x_wconf 86' lang='grc' dir='ltr'>ἐπικούρους</span> <span class='ocrx_word' id='word_1_6' title='bbox 447 263 527 314; x_wconf 87' lang='grc' dir='ltr'>καὶ</span> <span class='ocrx_word' id='word_1_7' title='bbox 587 261 763 330; x_wconf 81' lang='grc' dir='ltr'>γαμέει</span> <span class='ocrx_word' id='word_1_8' title='bbox 813 262 1030 330; x_wconf 86' lang='grc' dir='ltr'>Ὀλόρου</span> <span class='ocrx_word' id='word_1_9' title='bbox 1087 267 1173 315; x_wconf 84' lang='grc' dir='ltr'>τοῦ</span> <span class='ocrx_word' id='word_1_10' title='bbox 1233 265 1466 330; x_wconf 79' lang='grc' dir='ltr'>Θρηίκων</span> <span class='ocrx_word' id='word_1_11' title='bbox 1525 264 1772 329; x_wconf 79' lang='grc' dir='ltr'>βασιλέος</span> 
     </span>
     <span class='ocr_line' id='line_1_3' title="bbox 101 346 1877 414; baseline 0.001 -15"><span class='ocrx_word' id='word_1_12' title='bbox 101 346 348 414; x_wconf 86' lang='grc' dir='ltr'>θυγατέρα</span> <span class='ocrx_word' id='word_1_13' title='bbox 390 346 768 414; x_wconf 68' lang='grc' dir='ltr'>εΗγησιπύλην.</span> <span class='ocrx_word' id='word_1_14' title='bbox 858 348 1002 400; x_wconf 76' lang='grc' dir='ltr'>οὗτος</span> <span class='ocrx_word' id='word_1_15' title='bbox 1048 346 1105 411; x_wconf 79' lang='grc' dir='ltr'>δὴ</span> <span class='ocrx_word' id='word_1_16' title='bbox 1148 349 1174 397; x_wconf 86' lang='grc' dir='ltr'>ὁ</span> <span class='ocrx_word' id='word_1_17' title='bbox 1218 349 1442 412; x_wconf 84' lang='grc' dir='ltr'>Κίμωνος</span> <span class='ocrx_word' id='word_1_18' title='bbox 1490 348 1770 413; x_wconf 83' lang='grc' dir='ltr'>Μιλτιάδης</span> <span class='ocrx_word' id='word_1_19' title='bbox 1808 366 1877 412; x_wconf 91' lang='grc' dir='ltr'>4ο</span> 
     </span>
     <span class='ocr_line' id='line_1_4' title="bbox 101 431 1770 497; baseline -0.001 -13"><span class='ocrx_word' id='word_1_20' title='bbox 101 432 284 484; x_wconf 90' lang='grc' dir='ltr'>νεωστὶ</span> <span class='ocrx_word' id='word_1_21' title='bbox 323 434 416 497; x_wconf 81' lang='grc' dir='ltr'>μὲν</span> <span class='ocrx_word' id='word_1_22' title='bbox 454 432 695 496; x_wconf 83' lang='grc' dir='ltr'>ἐληλύθεε</span> <span class='ocrx_word' id='word_1_23' title='bbox 734 433 785 485; x_wconf 87' lang='grc' dir='ltr'>ἐς</span> <span class='ocrx_word' id='word_1_24' title='bbox 820 431 910 496; x_wconf 77' lang='grc' dir='ltr'>τὴν</span> <span class='ocrx_word' id='word_1_25' title='bbox 948 432 1292 497; x_wconf 79' lang='grc' dir='ltr'>Χερσόνησον,</span> <span class='ocrx_word' id='word_1_26' title='bbox 1329 431 1679 497; x_wconf 90' lang='grc' dir='ltr'>κατελάμβανε</span> <span class='ocrx_word' id='word_1_27' title='bbox 1717 432 1770 483; x_wconf 89' lang='grc' dir='ltr'>δέ</span> 
     </span>
     <span class='ocr_line' id='line_1_5' title="bbox 100 515 1767 585; baseline 0 -18"><span class='ocrx_word' id='word_1_28' title='bbox 100 536 184 581; x_wconf 92' lang='grc' dir='ltr'>μιν</span> <span class='ocrx_word' id='word_1_29' title='bbox 215 517 428 578; x_wconf 75' lang='grc' dir='ltr'>ἐλθόντα</span> <span class='ocrx_word' id='word_1_30' title='bbox 457 515 594 567; x_wconf 86' lang='grc' dir='ltr'>ἄλλα</span> <span class='ocrx_word' id='word_1_31' title='bbox 622 521 722 579; x_wconf 84' lang='grc' dir='ltr'>τῶν</span> <span class='ocrx_word' id='word_1_32' title='bbox 753 517 1068 584; x_wconf 84' lang='grc' dir='ltr'>κατεχόντων</span> <span class='ocrx_word' id='word_1_33' title='bbox 1094 515 1394 583; x_wconf 85' lang='grc' dir='ltr'>πρηγμάτων</span> <span class='ocrx_word' id='word_1_34' title='bbox 1424 516 1767 585; x_wconf 83' lang='grc' dir='ltr'>χαλεπώτερα.</span> 
     </span>
    </p>

    <p class='ocr_par' dir='ltr' id='par_1_3' title="bbox 55 599 1830 1006">
     <span class='ocr_line' id='line_1_6' title="bbox 55 599 1768 670; baseline 0 -18"><span class='ocrx_word' id='word_1_35' title='bbox 55 624 77 664; x_wconf 86' lang='lat'>5</span> <span class='ocrx_word' id='word_1_36' title='bbox 101 600 246 670; x_wconf 80' lang='grc' dir='ltr'>τρίτῳ</span> <span class='ocrx_word' id='word_1_37' title='bbox 289 602 380 665; x_wconf 79' lang='grc' dir='ltr'>μὲν</span> <span class='ocrx_word' id='word_1_38' title='bbox 421 602 515 668; x_wconf 82' lang='grc' dir='ltr'>γὰρ</span> <span class='ocrx_word' id='word_1_39' title='bbox 558 600 657 652; x_wconf 82' lang='grc' dir='ltr'>ἔτεϊ</span> <span class='ocrx_word' id='word_1_40' title='bbox 696 601 882 652; x_wconf 90' lang='grc' dir='ltr'>τούτων</span> <span class='ocrx_word' id='word_1_41' title='bbox 918 600 1110 654; x_wconf 86' lang='grc' dir='ltr'>Σκύθας</span> <span class='ocrx_word' id='word_1_42' title='bbox 1153 599 1403 667; x_wconf 83' lang='grc' dir='ltr'>ἐκφεύγει·</span> <span class='ocrx_word' id='word_1_43' title='bbox 1450 601 1634 652; x_wconf 90' lang='grc' dir='ltr'>Σκύθαι</span> <span class='ocrx_word' id='word_1_44' title='bbox 1674 603 1768 668; x_wconf 78' lang='grc' dir='ltr'>γὰρ</span> 
     </span>
     <span class='ocr_line' id='line_1_7' title="bbox 102 682 1764 752; baseline 0 -16"><span class='ocrx_word' id='word_1_45' title='bbox 102 686 147 736; x_wconf 80' lang='grc' dir='ltr'>οἱ</span> <span class='ocrx_word' id='word_1_46' title='bbox 185 682 393 750; x_wconf 87' lang='grc' dir='ltr'>νομάδες</span> <span class='ocrx_word' id='word_1_47' title='bbox 429 684 771 751; x_wconf 87' lang='grc' dir='ltr'>ἐρεθισθέντες</span> <span class='ocrx_word' id='word_1_48' title='bbox 805 684 901 738; x_wconf 83' lang='grc' dir='ltr'>ὑπὸ</span> <span class='ocrx_word' id='word_1_49' title='bbox 942 682 1193 750; x_wconf 85' lang='grc' dir='ltr'>βασιλέος</span> <span class='ocrx_word' id='word_1_50' title='bbox 1235 685 1451 751; x_wconf 89' lang='grc' dir='ltr'>Δαρείου</span> <span class='ocrx_word' id='word_1_51' title='bbox 1493 684 1764 752; x_wconf 90' lang='grc' dir='ltr'>συνεστρά-</span> 
     </span>
     <span class='ocr_line' id='line_1_8' title="bbox 101 767 1830 838; baseline 0 -19"><span class='ocrx_word' id='word_1_52' title='bbox 101 774 275 835; x_wconf 92' lang='grc' dir='ltr'>φησαν</span> <span class='ocrx_word' id='word_1_53' title='bbox 300 770 378 821; x_wconf 85' lang='grc' dir='ltr'>καὶ</span> <span class='ocrx_word' id='word_1_54' title='bbox 408 768 610 833; x_wconf 84' lang='grc' dir='ltr'>ἤλασαν</span> <span class='ocrx_word' id='word_1_55' title='bbox 638 768 790 838; x_wconf 87' lang='grc' dir='ltr'>μέχρι</span> <span class='ocrx_word' id='word_1_56' title='bbox 818 772 907 834; x_wconf 90' lang='grc' dir='ltr'>τῆς</span> <span class='ocrx_word' id='word_1_57' title='bbox 938 767 1272 836; x_wconf 88' lang='grc' dir='ltr'>Χερσονήσου</span> <span class='ocrx_word' id='word_1_58' title='bbox 1295 769 1491 834; x_wconf 88' lang='grc' dir='ltr'>ταύτης.</span> <span class='ocrx_word' id='word_1_59' title='bbox 1566 770 1767 823; x_wconf 89' lang='grc' dir='ltr'>τούτους</span> <span class='ocrx_word' id='word_1_60' title='bbox 1806 788 1830 819; x_wconf 83' lang='lat'>2</span> 
     </span>
     <span class='ocr_line' id='line_1_9' title="bbox 102 849 1766 921; baseline 0.001 -17"><span class='ocrx_word' id='word_1_61' title='bbox 102 853 331 907; x_wconf 86' lang='grc' dir='ltr'>ἐπιόντας</span> <span class='ocrx_word' id='word_1_62' title='bbox 370 853 454 905; x_wconf 84' lang='grc' dir='ltr'>οὐκ</span> <span class='ocrx_word' id='word_1_63' title='bbox 490 854 758 919; x_wconf 87' lang='grc' dir='ltr'>ὑπομείνας</span> <span class='ocrx_word' id='word_1_64' title='bbox 788 855 815 905; x_wconf 87' lang='grc' dir='ltr'>ὁ</span> <span class='ocrx_word' id='word_1_65' title='bbox 848 852 1128 918; x_wconf 85' lang='grc' dir='ltr'>Μιλτιάδης</span> <span class='ocrx_word' id='word_1_66' title='bbox 1165 852 1349 921; x_wconf 82' lang='grc' dir='ltr'>ἔφευγε</span> <span class='ocrx_word' id='word_1_67' title='bbox 1386 849 1766 920; x_wconf 84' lang='grc' dir='ltr'>[Χερσόνησον],</span> 
     </span>
     <span class='ocr_line' id='line_1_10' title="bbox 96 937 1769 1006; baseline -0.001 -15"><span class='ocrx_word' id='word_1_68' title='bbox 96 939 153 991; x_wconf 81' lang='grc' dir='ltr'>,ἐς</span> <span class='ocrx_word' id='word_1_69' title='bbox 196 937 224 989; x_wconf 82' lang='grc' dir='ltr'>ὃ</span> <span class='ocrx_word' id='word_1_70' title='bbox 267 938 318 989; x_wconf 87' lang='grc' dir='ltr'>οἵ</span> <span class='ocrx_word' id='word_1_71' title='bbox 361 960 415 990; x_wconf 93' lang='grc' dir='ltr'>τε</span> <span class='ocrx_word' id='word_1_72' title='bbox 463 938 648 989; x_wconf 87' lang='grc' dir='ltr'>Σκύθαι</span> <span class='ocrx_word' id='word_1_73' title='bbox 694 937 1102 1006; x_wconf 84' lang='grc' dir='ltr'>ἀπαλλάχθησαν</span> <span class='ocrx_word' id='word_1_74' title='bbox 1156 939 1239 989; x_wconf 89' lang='grc' dir='ltr'>καί</span> <span class='ocrx_word' id='word_1_75' title='bbox 1284 959 1367 1003; x_wconf 95' lang='grc' dir='ltr'>μιν</span> <span class='ocrx_word' id='word_1_76' title='bbox 1416 940 1461 989; x_wconf 83' lang='grc' dir='ltr'>οἱ</span> <span class='ocrx_word' id='word_1_77' title='bbox 1517 938 1769 1005; x_wconf 89' lang='grc' dir='ltr'>Δόλογκοι</span> 
     </span>
    </p>

    <p class='ocr_par' dir='ltr' id='par_1_4' title="bbox 31 1020 2080 1426">
     <span class='ocr_line' id='line_1_11' title="bbox 31 1020 2076 1126; baseline 0.001 -54"><span class='ocrx_word' id='word_1_78' title='bbox 31 1043 79 1073; x_wconf 91' lang='lat'>10</span> <span class='ocrx_word' id='word_1_79' title='bbox 103 1020 387 1126; x_wconf 78' lang='grc' dir='ltr'>κατήγαγον</span> <span class='ocrx_word' id='word_1_80' title='bbox 437 1022 618 1074; x_wconf 88' lang='grc' dir='ltr'>ὀπίσω.</span> <span class='ocrx_word' id='word_1_81' title='bbox 706 1027 860 1074; x_wconf 81' lang='grc' dir='ltr'>ταῦτα</span> <span class='ocrx_word' id='word_1_82' title='bbox 909 1025 1002 1088; x_wconf 82' lang='grc' dir='ltr'>μὲν</span> <span class='ocrx_word' id='word_1_83' title='bbox 1054 1021 1112 1086; x_wconf 90' lang='grc' dir='ltr'>δη</span> <span class='ocrx_word' id='word_1_84' title='bbox 1171 1023 1316 1092; x_wconf 80' lang='grc' dir='ltr'>τρίτῳ</span> <span class='ocrx_word' id='word_1_85' title='bbox 1370 1021 1471 1074; x_wconf 80' lang='grc' dir='ltr'>ἔτεϊ</span> <span class='ocrx_word' id='word_1_86' title='bbox 1528 1022 1835 1110; x_wconf 48' lang='grc' dir='ltr'>πρότερον.Ιὶιρ</span> <span class='ocrx_word' id='word_1_87' title='bbox 1980 1066 2016 1104; x_wconf 65' lang='lat'>¹3</span> <span class='ocrx_word' id='word_1_88' title='bbox 2034 1070 2076 1115; x_wconf 48' lang='grc' dir='ltr'><strong>Ὗ</strong></span> 
     </span>
     <span class='ocr_line' id='line_1_12' title="bbox 101 1074 2080 1181; baseline -0.001 -23"><span class='ocrx_word' id='word_1_89' title='bbox 101 1106 333 1174; x_wconf 90' lang='grc' dir='ltr'>ἐγεγόνεε</span> <span class='ocrx_word' id='word_1_90' title='bbox 372 1111 471 1169; x_wconf 67' lang='grc' dir='ltr'>τῶν</span> <span class='ocrx_word' id='word_1_91' title='bbox 511 1107 623 1158; x_wconf 90' lang='grc' dir='ltr'>τότε</span> <span class='ocrx_word' id='word_1_92' title='bbox 664 1127 748 1174; x_wconf 69' lang='grc' dir='ltr'>μιν</span> <span class='ocrx_word' id='word_1_93' title='bbox 792 1107 1119 1175; x_wconf 86' lang='grc' dir='ltr'>κατεχόντων,</span> <span class='ocrx_word' id='word_1_94' title='bbox 1157 1107 1271 1158; x_wconf 89' lang='grc' dir='ltr'>τότε</span> <span class='ocrx_word' id='word_1_95' title='bbox 1312 1108 1364 1157; x_wconf 82' lang='grc' dir='ltr'>δὲ</span> <span class='ocrx_word' id='word_1_96' title='bbox 1405 1074 1835 1171; x_wconf 48' lang='grc' dir='ltr'>πυνθανόμενος.Ιὶιρ</span> <span class='ocrx_word' id='word_1_97' title='bbox 1808 1112 2080 1181; x_wconf 53' lang='lat' dir='ltr'>:upana-*¹</span> 
     </span>
     <span class='ocr_line' id='line_1_13' title="bbox 103 1188 1770 1260; baseline -0.001 -17"><span class='ocrx_word' id='word_1_98' title='bbox 103 1189 230 1243; x_wconf 83' lang='grc' dir='ltr'>εἶναι</span> <span class='ocrx_word' id='word_1_99' title='bbox 270 1190 384 1245; x_wconf 86' lang='grc' dir='ltr'>τοὺς</span> <span class='ocrx_word' id='word_1_100' title='bbox 425 1191 661 1244; x_wconf 88' lang='grc' dir='ltr'>Φοίνικας</span> <span class='ocrx_word' id='word_1_101' title='bbox 702 1191 757 1242; x_wconf 89' lang='grc' dir='ltr'>ἐν</span> <span class='ocrx_word' id='word_1_102' title='bbox 797 1189 997 1260; x_wconf 80' lang='grc' dir='ltr'>Τενέδῳ</span> <span class='ocrx_word' id='word_1_103' title='bbox 1039 1190 1313 1257; x_wconf 88' lang='grc' dir='ltr'>πληρωσας</span> <span class='ocrx_word' id='word_1_104' title='bbox 1355 1188 1580 1256; x_wconf 89' lang='grc' dir='ltr'>τριήρεας</span> <span class='ocrx_word' id='word_1_105' title='bbox 1621 1189 1770 1242; x_wconf 89' lang='grc' dir='ltr'>πέντε</span> 
     </span>
     <span class='ocr_line' id='line_1_14' title="bbox 101 1272 1770 1342; baseline 0 -17"><span class='ocrx_word' id='word_1_106' title='bbox 101 1272 369 1342; x_wconf 86' lang='grc' dir='ltr'>χρημάτων</span> <span class='ocrx_word' id='word_1_107' title='bbox 385 1279 483 1327; x_wconf 87' lang='grc' dir='ltr'>τῶν</span> <span class='ocrx_word' id='word_1_108' title='bbox 502 1274 789 1340; x_wconf 91' lang='grc' dir='ltr'>παρεόντων</span> <span class='ocrx_word' id='word_1_109' title='bbox 809 1272 1030 1326; x_wconf 85' lang='grc' dir='ltr'>ἀπέπλεε</span> <span class='ocrx_word' id='word_1_110' title='bbox 1050 1275 1100 1327; x_wconf 86' lang='grc' dir='ltr'>ἐς</span> <span class='ocrx_word' id='word_1_111' title='bbox 1118 1276 1207 1328; x_wconf 80' lang='grc' dir='ltr'>τὰς</span> <span class='ocrx_word' id='word_1_112' title='bbox 1225 1272 1456 1338; x_wconf 90' lang='grc' dir='ltr'>Ἀθήνας.</span> <span class='ocrx_word' id='word_1_113' title='bbox 1506 1274 1582 1325; x_wconf 87' lang='grc' dir='ltr'>καὶ</span> <span class='ocrx_word' id='word_1_114' title='bbox 1602 1274 1770 1341; x_wconf 86' lang='grc' dir='ltr'>ὥσπερ</span> 
     </span>
     <span class='ocr_line' id='line_1_15' title="bbox 102 1356 1768 1426; baseline 0.001 -17"><span class='ocrx_word' id='word_1_115' title='bbox 102 1356 292 1426; x_wconf 87' lang='grc' dir='ltr'>ὁρμήθη</span> <span class='ocrx_word' id='word_1_116' title='bbox 323 1359 378 1410; x_wconf 90' lang='grc' dir='ltr'>ἐκ</span> <span class='ocrx_word' id='word_1_117' title='bbox 410 1360 627 1426; x_wconf 89' lang='grc' dir='ltr'>Καρδίης</span> <span class='ocrx_word' id='word_1_118' title='bbox 658 1359 851 1418; x_wconf 89' lang='grc' dir='ltr'>πόλιος,</span> <span class='ocrx_word' id='word_1_119' title='bbox 887 1358 1037 1411; x_wconf 86' lang='grc' dir='ltr'>ἔπλεε</span> <span class='ocrx_word' id='word_1_120' title='bbox 1068 1360 1148 1410; x_wconf 78' lang='grc' dir='ltr'>διὰ</span> <span class='ocrx_word' id='word_1_121' title='bbox 1178 1363 1264 1409; x_wconf 84' lang='grc' dir='ltr'>τοῦ</span> <span class='ocrx_word' id='word_1_122' title='bbox 1295 1356 1532 1411; x_wconf 92' lang='grc' dir='ltr'>Μέλανος</span> <span class='ocrx_word' id='word_1_123' title='bbox 1565 1358 1768 1410; x_wconf 89' lang='grc' dir='ltr'>κόλπου·</span> 
     </span>
    </p>

    <p class='ocr_par' dir='ltr' id='par_1_5' title="bbox 30 1441 2080 1849">
     <span class='ocr_line' id='line_1_16' title="bbox 30 1441 1767 1510; baseline -0.001 -16"><span class='ocrx_word' id='word_1_124' title='bbox 30 1466 78 1507; x_wconf 82' lang='lat'>15</span> <span class='ocrx_word' id='word_1_125' title='bbox 105 1443 449 1510; x_wconf 88' lang='grc' dir='ltr'>παραμείβετό</span> <span class='ocrx_word' id='word_1_126' title='bbox 481 1464 536 1496; x_wconf 92' lang='grc' dir='ltr'>τε</span> <span class='ocrx_word' id='word_1_127' title='bbox 572 1442 662 1507; x_wconf 79' lang='grc' dir='ltr'>τὴν</span> <span class='ocrx_word' id='word_1_128' title='bbox 700 1443 1032 1509; x_wconf 86' lang='grc' dir='ltr'>Χερσόνησον</span> <span class='ocrx_word' id='word_1_129' title='bbox 1075 1442 1153 1494; x_wconf 90' lang='grc' dir='ltr'>καὶ</span> <span class='ocrx_word' id='word_1_130' title='bbox 1194 1444 1240 1494; x_wconf 79' lang='grc' dir='ltr'>οἱ</span> <span class='ocrx_word' id='word_1_131' title='bbox 1284 1441 1515 1496; x_wconf 89' lang='grc' dir='ltr'>Φοίνικές</span> <span class='ocrx_word' id='word_1_132' title='bbox 1551 1444 1597 1494; x_wconf 84' lang='grc' dir='ltr'>οἱ</span> <span class='ocrx_word' id='word_1_133' title='bbox 1633 1463 1767 1509; x_wconf 90' lang='grc' dir='ltr'>περι-</span> 
     </span>
     <span class='ocr_line' id='line_1_17' title="bbox 103 1525 1834 1599; baseline -0.002 -20"><span class='ocrx_word' id='word_1_134' title='bbox 103 1527 342 1579; x_wconf 88' lang='grc' dir='ltr'>πίπτουσι</span> <span class='ocrx_word' id='word_1_135' title='bbox 380 1527 498 1599; x_wconf 82' lang='grc' dir='ltr'>τῇσι</span> <span class='ocrx_word' id='word_1_136' title='bbox 538 1528 700 1591; x_wconf 90' lang='grc' dir='ltr'>νηυσί.</span> <span class='ocrx_word' id='word_1_137' title='bbox 793 1527 939 1581; x_wconf 86' lang='grc' dir='ltr'>αὐτὸς</span> <span class='ocrx_word' id='word_1_138' title='bbox 978 1529 1071 1591; x_wconf 80' lang='grc' dir='ltr'>μὲν</span> <span class='ocrx_word' id='word_1_139' title='bbox 1112 1525 1169 1590; x_wconf 79' lang='grc' dir='ltr'>δὴ</span> <span class='ocrx_word' id='word_1_140' title='bbox 1213 1525 1494 1591; x_wconf 89' lang='grc' dir='ltr'>Μιλτιάδης</span> <span class='ocrx_word' id='word_1_141' title='bbox 1530 1525 1623 1578; x_wconf 82' lang='grc' dir='ltr'>σὺν</span> <span class='ocrx_word' id='word_1_142' title='bbox 1654 1533 1772 1599; x_wconf 81' lang='grc' dir='ltr'>τῇσι</span> <span class='ocrx_word' id='word_1_143' title='bbox 1809 1541 1834 1572; x_wconf 82' lang='lat'>2</span> 
     </span>
     <span class='ocr_line' id='line_1_18' title="bbox 102 1609 1772 1712; baseline -0.001 -49"><span class='ocrx_word' id='word_1_144' title='bbox 102 1610 349 1679; x_wconf 88' lang='grc' dir='ltr'>τέσσερσι</span> <span class='ocrx_word' id='word_1_145' title='bbox 370 1616 469 1663; x_wconf 82' lang='grc' dir='ltr'>τῶν</span> <span class='ocrx_word' id='word_1_146' title='bbox 494 1615 619 1664; x_wconf 84' lang='grc' dir='ltr'>νεῶν</span> <span class='ocrx_word' id='word_1_147' title='bbox 644 1611 947 1679; x_wconf 90' lang='grc' dir='ltr'>καταφεύγει</span> <span class='ocrx_word' id='word_1_148' title='bbox 972 1613 1023 1664; x_wconf 92' lang='grc' dir='ltr'>ἐς</span> <span class='ocrx_word' id='word_1_149' title='bbox 1045 1609 1273 1678; x_wconf 82' lang='grc' dir='ltr'>Ἴμβρον,</span> <span class='ocrx_word' id='word_1_150' title='bbox 1295 1632 1384 1675; x_wconf 93' lang='grc' dir='ltr'>την</span> <span class='ocrx_word' id='word_1_151' title='bbox 1405 1609 1460 1662; x_wconf 88' lang='grc' dir='ltr'>δέ</span> <span class='ocrx_word' id='word_1_152' title='bbox 1478 1613 1524 1663; x_wconf 80' lang='grc' dir='ltr'>οἱ</span> <span class='ocrx_word' id='word_1_153' title='bbox 1544 1609 1772 1712; x_wconf 81' lang='grc' dir='ltr'>πέμπτην</span> 
     </span>
     <span class='ocr_line' id='line_1_19' title="bbox 102 1694 1772 1759; baseline -0.001 -12"><span class='ocrx_word' id='word_1_154' title='bbox 102 1700 201 1748; x_wconf 83' lang='grc' dir='ltr'>τῶν</span> <span class='ocrx_word' id='word_1_155' title='bbox 245 1701 370 1748; x_wconf 83' lang='grc' dir='ltr'>νεῶν</span> <span class='ocrx_word' id='word_1_156' title='bbox 415 1700 646 1748; x_wconf 82' lang='grc' dir='ltr'>κατεῖλον</span> <span class='ocrx_word' id='word_1_157' title='bbox 693 1696 955 1750; x_wconf 86' lang='grc' dir='ltr'>διώκοντες</span> <span class='ocrx_word' id='word_1_158' title='bbox 1002 1698 1048 1747; x_wconf 79' lang='grc' dir='ltr'>οἱ</span> <span class='ocrx_word' id='word_1_159' title='bbox 1097 1696 1340 1749; x_wconf 88' lang='grc' dir='ltr'>Φοίνικες.</span> <span class='ocrx_word' id='word_1_160' title='bbox 1428 1716 1516 1759; x_wconf 92' lang='grc' dir='ltr'>της</span> <span class='ocrx_word' id='word_1_161' title='bbox 1561 1697 1615 1747; x_wconf 83' lang='grc' dir='ltr'>δὲ</span> <span class='ocrx_word' id='word_1_162' title='bbox 1662 1694 1772 1747; x_wconf 88' lang='grc' dir='ltr'>νεὸς</span> 
     </span>
     <span class='ocr_line' id='line_1_20' title="bbox 103 1770 2080 1849; baseline -0.001 -18"><span class='ocrx_word' id='word_1_163' title='bbox 103 1780 285 1845; x_wconf 89' lang='grc' dir='ltr'>ταύτης</span> <span class='ocrx_word' id='word_1_164' title='bbox 315 1780 462 1849; x_wconf 84' lang='grc' dir='ltr'>ἔτυχε</span> <span class='ocrx_word' id='word_1_165' title='bbox 491 1784 591 1832; x_wconf 85' lang='grc' dir='ltr'>τῶν</span> <span class='ocrx_word' id='word_1_166' title='bbox 623 1779 912 1832; x_wconf 88' lang='grc' dir='ltr'>Μιλτιάδεω</span> <span class='ocrx_word' id='word_1_167' title='bbox 944 1781 1135 1832; x_wconf 90' lang='grc' dir='ltr'>παίδων</span> <span class='ocrx_word' id='word_1_168' title='bbox 1166 1780 1192 1830; x_wconf 88' lang='grc' dir='ltr'>ὁ</span> <span class='ocrx_word' id='word_1_169' title='bbox 1223 1778 1573 1846; x_wconf 88' lang='grc' dir='ltr'>πρεσβύτατος</span> <span class='ocrx_word' id='word_1_170' title='bbox 1603 1778 1771 1847; x_wconf 68' lang='grc' dir='ltr'>ἄρχων</span> <span class='ocrx_word' id='word_1_171' title='bbox 1796 1770 2080 1821; x_wconf 55' lang='lat' dir='ltr'>wad</span> 
     </span>
    </p>

    <p class='ocr_par' dir='ltr' id='par_1_6' title="bbox 30 1862 1835 2268">
     <span class='ocr_line' id='line_1_21' title="bbox 30 1862 1772 1936; baseline 0 -20"><span class='ocrx_word' id='word_1_172' title='bbox 30 1888 81 1918; x_wconf 85' lang='lat'>20</span> <span class='ocrx_word' id='word_1_173' title='bbox 105 1865 382 1936; x_wconf 84' lang='grc' dir='ltr'>Μητίοχος,</span> <span class='ocrx_word' id='word_1_174' title='bbox 420 1865 507 1916; x_wconf 82' lang='grc' dir='ltr'>οὐκ</span> <span class='ocrx_word' id='word_1_175' title='bbox 549 1866 603 1916; x_wconf 90' lang='grc' dir='ltr'>ἐκ</span> <span class='ocrx_word' id='word_1_176' title='bbox 643 1867 731 1929; x_wconf 88' lang='grc' dir='ltr'>τῆς</span> <span class='ocrx_word' id='word_1_177' title='bbox 767 1864 983 1931; x_wconf 90' lang='grc' dir='ltr'>Ὀλόρου</span> <span class='ocrx_word' id='word_1_178' title='bbox 1024 1869 1110 1916; x_wconf 84' lang='grc' dir='ltr'>τοῦ</span> <span class='ocrx_word' id='word_1_179' title='bbox 1146 1863 1365 1931; x_wconf 86' lang='grc' dir='ltr'>Θρήικος</span> <span class='ocrx_word' id='word_1_180' title='bbox 1402 1864 1496 1915; x_wconf 85' lang='grc' dir='ltr'>ἐὼν</span> <span class='ocrx_word' id='word_1_181' title='bbox 1533 1862 1772 1930; x_wconf 85' lang='grc' dir='ltr'>θυγατρὸς</span> 
     </span>
     <span class='ocr_line' id='line_1_22' title="bbox 103 1947 1835 2021; baseline 0.001 -21"><span class='ocrx_word' id='word_1_182' title='bbox 103 1947 220 2000; x_wconf 87' lang='grc' dir='ltr'>ἀλλ’</span> <span class='ocrx_word' id='word_1_183' title='bbox 252 1949 277 2000; x_wconf 90' lang='grc' dir='ltr'>ἐ</span> <span class='ocrx_word' id='word_1_184' title='bbox 337 1947 515 2014; x_wconf 85' lang='grc' dir='ltr'>ἄλλης.</span> <span class='ocrx_word' id='word_1_185' title='bbox 606 1949 684 2000; x_wconf 87' lang='grc' dir='ltr'>καὶ</span> <span class='ocrx_word' id='word_1_186' title='bbox 721 1952 895 2001; x_wconf 82' lang='grc' dir='ltr'>τοῦτον</span> <span class='ocrx_word' id='word_1_187' title='bbox 935 1947 1036 2014; x_wconf 81' lang='grc' dir='ltr'>ἅμα</span> <span class='ocrx_word' id='word_1_188' title='bbox 1070 1955 1130 2021; x_wconf 85' lang='grc' dir='ltr'>τῇ</span> <span class='ocrx_word' id='word_1_189' title='bbox 1168 1948 1248 2012; x_wconf 90' lang='grc' dir='ltr'>νηὶ</span> <span class='ocrx_word' id='word_1_190' title='bbox 1287 1947 1423 2000; x_wconf 77' lang='grc' dir='ltr'>εἶλον</span> <span class='ocrx_word' id='word_1_191' title='bbox 1459 1950 1506 2000; x_wconf 82' lang='grc' dir='ltr'>οἱ</span> <span class='ocrx_word' id='word_1_192' title='bbox 1542 1948 1770 2001; x_wconf 90' lang='grc' dir='ltr'>Φοίνικες</span> <span class='ocrx_word' id='word_1_193' title='bbox 1810 1963 1835 2006; x_wconf 88' lang='lat'>3</span> 
     </span>
     <span class='ocr_line' id='line_1_23' title="bbox 108 2029 1770 2100; baseline -0.002 -16"><span class='ocrx_word' id='word_1_194' title='bbox 108 2032 192 2084; x_wconf 88' lang='grc' dir='ltr'>καί</span> <span class='ocrx_word' id='word_1_195' title='bbox 227 2054 315 2099; x_wconf 91' lang='grc' dir='ltr'>μιν</span> <span class='ocrx_word' id='word_1_196' title='bbox 348 2033 619 2098; x_wconf 92' lang='grc' dir='ltr'>πυθόμενοι</span> <span class='ocrx_word' id='word_1_197' title='bbox 660 2032 726 2086; x_wconf 83' lang='grc' dir='ltr'>ὡς</span> <span class='ocrx_word' id='word_1_198' title='bbox 764 2034 837 2098; x_wconf 87' lang='grc' dir='ltr'>εἵη</span> <span class='ocrx_word' id='word_1_199' title='bbox 878 2031 1167 2084; x_wconf 90' lang='grc' dir='ltr'>Μιλτιάδεω</span> <span class='ocrx_word' id='word_1_200' title='bbox 1204 2036 1320 2085; x_wconf 84' lang='grc' dir='ltr'>παῖς</span> <span class='ocrx_word' id='word_1_201' title='bbox 1354 2029 1607 2100; x_wconf 84' lang='grc' dir='ltr'>ἀνήγαγον</span> <span class='ocrx_word' id='word_1_202' title='bbox 1637 2033 1770 2098; x_wconf 73' lang='grc' dir='ltr'>παρὰ</span> 
     </span>
     <span class='ocr_line' id='line_1_24' title="bbox 103 2114 1770 2185; baseline -0.002 -16"><span class='ocrx_word' id='word_1_203' title='bbox 103 2115 344 2182; x_wconf 86' lang='grc' dir='ltr'>βασιλέα,</span> <span class='ocrx_word' id='word_1_204' title='bbox 384 2116 638 2171; x_wconf 90' lang='grc' dir='ltr'>δοκέοντες</span> <span class='ocrx_word' id='word_1_205' title='bbox 677 2115 863 2185; x_wconf 90' lang='grc' dir='ltr'>χάριτα</span> <span class='ocrx_word' id='word_1_206' title='bbox 901 2115 1127 2184; x_wconf 87' lang='grc' dir='ltr'>μεγάλην</span> <span class='ocrx_word' id='word_1_207' title='bbox 1167 2114 1558 2181; x_wconf 88' lang='grc' dir='ltr'>καταθήσεσθαι,</span> <span class='ocrx_word' id='word_1_208' title='bbox 1594 2115 1672 2166; x_wconf 87' lang='grc' dir='ltr'>ὅτι</span> <span class='ocrx_word' id='word_1_209' title='bbox 1712 2114 1770 2179; x_wconf 79' lang='grc' dir='ltr'>δὴ</span> 
     </span>
     <span class='ocr_line' id='line_1_25' title="bbox 105 2199 1771 2268; baseline -0.001 -16"><span class='ocrx_word' id='word_1_210' title='bbox 105 2199 387 2267; x_wconf 89' lang='grc' dir='ltr'>Μιλτιάδης</span> <span class='ocrx_word' id='word_1_211' title='bbox 438 2202 641 2268; x_wconf 84' lang='grc' dir='ltr'>γνώμην</span> <span class='ocrx_word' id='word_1_212' title='bbox 668 2199 967 2266; x_wconf 76' lang='grc' dir='ltr'>,ἀπεδέξατο</span> <span class='ocrx_word' id='word_1_213' title='bbox 1022 2203 1076 2252; x_wconf 89' lang='grc' dir='ltr'>ἐν</span> <span class='ocrx_word' id='word_1_214' title='bbox 1127 2204 1262 2252; x_wconf 83' lang='grc' dir='ltr'>τοῖσι</span> <span class='ocrx_word' id='word_1_215' title='bbox 1304 2199 1451 2252; x_wconf 82' lang='grc' dir='ltr'>Ἴωσι</span> <span class='ocrx_word' id='word_1_216' title='bbox 1510 2200 1771 2251; x_wconf 87' lang='grc' dir='ltr'>πείθεσθαι</span> 
     </span>
    </p>

    <p class='ocr_par' dir='ltr' id='par_1_7' title="bbox 31 2283 1834 2522">
     <span class='ocr_line' id='line_1_26' title="bbox 31 2283 1771 2358; baseline -0.002 -18"><span class='ocrx_word' id='word_1_217' title='bbox 31 2311 79 2353; x_wconf 81' lang='lat'>25</span> <span class='ocrx_word' id='word_1_218' title='bbox 105 2285 322 2338; x_wconf 87' lang='grc' dir='ltr'>κελεύων</span> <span class='ocrx_word' id='word_1_219' title='bbox 344 2289 478 2338; x_wconf 80' lang='grc' dir='ltr'>τοῖσι</span> <span class='ocrx_word' id='word_1_220' title='bbox 500 2286 736 2358; x_wconf 88' lang='grc' dir='ltr'>Σκύθῃσι,</span> <span class='ocrx_word' id='word_1_221' title='bbox 764 2286 847 2338; x_wconf 86' lang='grc' dir='ltr'>ὅτε</span> <span class='ocrx_word' id='word_1_222' title='bbox 871 2288 917 2338; x_wconf 83' lang='grc' dir='ltr'>οἱ</span> <span class='ocrx_word' id='word_1_223' title='bbox 942 2286 1124 2336; x_wconf 90' lang='grc' dir='ltr'>Σκύθαι</span> <span class='ocrx_word' id='word_1_224' title='bbox 1154 2283 1487 2352; x_wconf 90' lang='grc' dir='ltr'>προσεδέοντο</span> <span class='ocrx_word' id='word_1_225' title='bbox 1517 2284 1771 2336; x_wconf 90' lang='grc' dir='ltr'>λύσαντας</span> 
     </span>
     <span class='ocr_line' id='line_1_27' title="bbox 103 2366 1834 2440; baseline -0.002 -18"><span class='ocrx_word' id='word_1_226' title='bbox 103 2369 193 2434; x_wconf 79' lang='grc' dir='ltr'>τὴν</span> <span class='ocrx_word' id='word_1_227' title='bbox 223 2371 432 2440; x_wconf 88' lang='grc' dir='ltr'>σχεδίην</span> <span class='ocrx_word' id='word_1_228' title='bbox 462 2369 737 2423; x_wconf 86' lang='grc' dir='ltr'>ἀποπλέειν</span> <span class='ocrx_word' id='word_1_229' title='bbox 769 2371 820 2424; x_wconf 90' lang='grc' dir='ltr'>ἐς</span> <span class='ocrx_word' id='word_1_230' title='bbox 855 2368 945 2434; x_wconf 83' lang='grc' dir='ltr'>τὴν</span> <span class='ocrx_word' id='word_1_231' title='bbox 983 2372 1193 2421; x_wconf 84' lang='grc' dir='ltr'>ἑωυτῶν.</span> <span class='ocrx_word' id='word_1_232' title='bbox 1285 2372 1497 2435; x_wconf 82' lang='grc' dir='ltr'>Δαρεῖος</span> <span class='ocrx_word' id='word_1_233' title='bbox 1526 2366 1596 2426; x_wconf 84' lang='grc' dir='ltr'>δέ,</span> <span class='ocrx_word' id='word_1_234' title='bbox 1630 2366 1695 2420; x_wconf 83' lang='grc' dir='ltr'>ὡς</span> <span class='ocrx_word' id='word_1_235' title='bbox 1724 2369 1771 2418; x_wconf 79' lang='grc' dir='ltr'>οἱ</span> <span class='ocrx_word' id='word_1_236' title='bbox 1807 2382 1834 2424; x_wconf 89' lang='grc'>4</span> 
     </span>
     <span class='ocr_line' id='line_1_28' title="bbox 105 2450 1770 2522; baseline -0.001 -17"><span class='ocrx_word' id='word_1_237' title='bbox 105 2454 334 2522; x_wconf 78' lang='grc' dir='ltr'>Φοίνικες</span> <span class='ocrx_word' id='word_1_238' title='bbox 360 2455 625 2522; x_wconf 89' lang='grc' dir='ltr'>Μητίοχον</span> <span class='ocrx_word' id='word_1_239' title='bbox 647 2454 734 2506; x_wconf 87' lang='grc' dir='ltr'>τὸν</span> <span class='ocrx_word' id='word_1_240' title='bbox 763 2452 1052 2506; x_wconf 88' lang='grc' dir='ltr'>Μιλτιάδεω</span> <span class='ocrx_word' id='word_1_241' title='bbox 1085 2451 1354 2520; x_wconf 91' lang='grc' dir='ltr'>ἀνήγαγον,</span> <span class='ocrx_word' id='word_1_242' title='bbox 1381 2453 1590 2516; x_wconf 88' lang='grc' dir='ltr'>ἐποίησε</span> <span class='ocrx_word' id='word_1_243' title='bbox 1622 2450 1770 2503; x_wconf 83' lang='grc' dir='ltr'>κακὸν</span> 
     </span>
    </p>
   </div>
   <div class='ocr_carea' id='block_1_3' title="bbox 103 2574 1771 2973">
    <p class='ocr_par' dir='ltr' id='par_1_8' title="bbox 103 2574 1771 2973">
     <span class='ocr_line' id='line_1_29' title="bbox 103 2574 1769 2696; baseline -0.003 -9"><span class='ocrx_word' id='word_1_244' title='bbox 103 2604 193 2686; x_wconf 61' lang='lat' dir='ltr'>A}</span> <span class='ocrx_word' id='word_1_245' title='bbox 209 2594 287 2686; x_wconf 43' lang='grc' dir='ltr'>«ἓν</span> <span class='ocrx_word' id='word_1_246' title='bbox 308 2589 507 2696; x_wconf 45' lang='lat' dir='ltr'>W?</span> <span class='ocrx_word' id='word_1_247' title='bbox 527 2589 824 2693; x_wconf 52' lang='lat' dir='ltr'>amm</span> <span class='ocrx_word' id='word_1_248' title='bbox 853 2590 1076 2684; x_wconf 50' lang='lat'>⁸2¹3&amp;</span> <span class='ocrx_word' id='word_1_249' title='bbox 1142 2588 1284 2694; x_wconf 58' lang='lat'>·⁸²}</span> <span class='ocrx_word' id='word_1_250' title='bbox 1308 2641 1419 2696; x_wconf 62' lang='grc' dir='ltr'>ι...)</span> <span class='ocrx_word' id='word_1_251' title='bbox 1456 2574 1769 2684; x_wconf 53' lang='grc' dir='ltr'>.ῐρὶῖλέῑέῖ3</span> 
     </span>
     <span class='ocr_line' id='line_1_30' title="bbox 104 2697 1771 2755; baseline -0.004 -13"><span class='ocrx_word' id='word_1_252' title='bbox 104 2701 254 2755; x_wconf 79' lang='grc' dir='ltr'>ἔφευγε</span> <span class='ocrx_word' id='word_1_253' title='bbox 275 2699 410 2740; x_wconf 87' lang='lat' dir='ltr'>RSV</span> <span class='ocrx_word' id='word_1_254' title='bbox 565 2703 592 2739; x_wconf 91' lang='grc'>6</span> <span class='ocrx_word' id='word_1_255' title='bbox 622 2703 781 2754; x_wconf 79' lang='grc' dir='ltr'>ἐρετισθ</span> <span class='ocrx_word' id='word_1_256' title='bbox 818 2699 926 2739; x_wconf 82' lang='lat' dir='ltr'>SV:</span> <span class='ocrx_word' id='word_1_257' title='bbox 958 2703 1097 2753; x_wconf 80' lang='grc' dir='ltr'>ἐρ.ετιθ</span> <span class='ocrx_word' id='word_1_258' title='bbox 1125 2698 1165 2736; x_wconf 88' lang='lat' dir='ltr'>R</span> <span class='ocrx_word' id='word_1_259' title='bbox 1334 2711 1354 2747; x_wconf 93' lang='lat'><em>7</em></span> <span class='ocrx_word' id='word_1_260' title='bbox 1386 2700 1560 2747; x_wconf 76' lang='grc' dir='ltr'>τῆςοηι.</span> <span class='ocrx_word' id='word_1_261' title='bbox 1588 2697 1771 2737; x_wconf 90' lang='lat' dir='ltr'>PRSV</span> 
     </span>
     <span class='ocr_line' id='line_1_31' title="bbox 103 2717 1765 2808; baseline -0.001 -14"><span class='ocrx_word' id='word_1_262' title='bbox 103 2757 130 2794; x_wconf 85' lang='lat'>8</span> <span class='ocrx_word' id='word_1_263' title='bbox 158 2758 229 2797; x_wconf 81' lang='grc' dir='ltr'>οὐκ</span> <span class='ocrx_word' id='word_1_264' title='bbox 249 2755 309 2795; x_wconf 87' lang='lat' dir='ltr'>P:</span> <span class='ocrx_word' id='word_1_265' title='bbox 339 2758 416 2808; x_wconf 79' lang='grc' dir='ltr'>οὐχ</span> <span class='ocrx_word' id='word_1_266' title='bbox 436 2753 526 2795; x_wconf 84' lang='lat' dir='ltr'>rell.</span> <span class='ocrx_word' id='word_1_267' title='bbox 641 2717 746 2795; x_wconf 76' lang='grc' dir='ltr'>ράπὸ</span> <span class='ocrx_word' id='word_1_268' title='bbox 767 2727 824 2796; x_wconf 54' lang='lat' dir='ltr'>fe</span> <span class='ocrx_word' id='word_1_269' title='bbox 824 2754 1027 2807; x_wconf 85' lang='grc' dir='ltr'>ρσονήσου</span> <span class='ocrx_word' id='word_1_270' title='bbox 1046 2753 1086 2791; x_wconf 90' lang='grc' dir='ltr'>Α</span> <span class='ocrx_word' id='word_1_271' title='bbox 1100 2753 1165 2792; x_wconf 84' lang='lat' dir='ltr'>B:</span> <span class='ocrx_word' id='word_1_272' title='bbox 1194 2766 1278 2793; x_wconf 89' lang='lat' dir='ltr'>om.</span> <span class='ocrx_word' id='word_1_273' title='bbox 1303 2752 1336 2792; x_wconf 91' lang='lat' dir='ltr'>C</span> <span class='ocrx_word' id='word_1_274' title='bbox 1556 2764 1584 2802; x_wconf 92' lang='lat'><strong>9</strong></span> <span class='ocrx_word' id='word_1_275' title='bbox 1613 2753 1765 2801; x_wconf 84' lang='grc' dir='ltr'>ἀπηλλ.</span> 
     </span>
     <span class='ocr_line' id='line_1_32' title="bbox 103 2805 1769 2862; baseline -0.002 -13.996"><span class='ocrx_word' id='word_1_276' title='bbox 103 2805 243 2850; x_wconf 84' lang='lat' dir='ltr'>ABC</span> <span class='ocrx_word' id='word_1_277' title='bbox 352 2809 664 2862; x_wconf 61' lang='lat' dir='ltr'>pavofRSV:</span> <span class='ocrx_word' id='word_1_278' title='bbox 695 2808 1058 2850; x_wconf 73' lang='grc' dir='ltr'>ἐκεῖνονΑΒΟΡ</span> <span class='ocrx_word' id='word_1_279' title='bbox 1245 2820 1293 2857; x_wconf 90' lang='lat'>14</span> <span class='ocrx_word' id='word_1_280' title='bbox 1324 2806 1769 2860; x_wconf 59' lang='lat' dir='ltr'>&amp;pm‘yonCPRSV3</span> 
     </span>
     <span class='ocr_line' id='line_1_33' title="bbox 106 2861 1768 2915; baseline -0.002 -12"><span class='ocrx_word' id='word_1_281' title='bbox 106 2870 205 2915; x_wconf 87' lang='lat' dir='ltr'><strong>post</strong></span> <span class='ocrx_word' id='word_1_282' title='bbox 237 2864 317 2904; x_wconf 90' lang='lat' dir='ltr'>hoc</span> <span class='ocrx_word' id='word_1_283' title='bbox 349 2865 526 2904; x_wconf 80' lang='lat' dir='ltr'>verbum</span> <span class='ocrx_word' id='word_1_284' title='bbox 561 2864 783 2914; x_wconf 83' lang='lat' dir='ltr'>distinguit</span> <span class='ocrx_word' id='word_1_285' title='bbox 819 2863 1021 2902; x_wconf 86' lang='lat' dir='ltr'><strong>Brackett</strong></span> <span class='ocrx_word' id='word_1_286' title='bbox 1213 2873 1262 2911; x_wconf 90' lang='lat'>15</span> <span class='ocrx_word' id='word_1_287' title='bbox 1304 2861 1583 2915; x_wconf 80' lang='grc' dir='ltr'>παρημείβετό</span> <span class='ocrx_word' id='word_1_288' title='bbox 1616 2861 1655 2900; x_wconf 91' lang='grc' dir='ltr'>Α</span> <span class='ocrx_word' id='word_1_289' title='bbox 1678 2861 1712 2900; x_wconf 92' lang='grc' dir='ltr'>Β</span> <span class='ocrx_word' id='word_1_290' title='bbox 1734 2862 1768 2900; x_wconf 92' lang='lat' dir='ltr'>C</span> 
     </span>
     <span class='ocr_line' id='line_1_34' title="bbox 110 2915 1769 2973; baseline -0.002 -15"><span class='ocrx_word' id='word_1_291' title='bbox 110 2931 158 2969; x_wconf 89' lang='lat'>17</span> <span class='ocrx_word' id='word_1_292' title='bbox 186 2917 379 2973; x_wconf 81' lang='grc' dir='ltr'>τέσσερσι</span> <span class='ocrx_word' id='word_1_293' title='bbox 402 2918 462 2958; x_wconf 83' lang='lat' dir='ltr'>P:</span> <span class='ocrx_word' id='word_1_294' title='bbox 491 2918 688 2972; x_wconf 82' lang='grc' dir='ltr'>τέσσαρσι</span> <span class='ocrx_word' id='word_1_295' title='bbox 711 2917 800 2958; x_wconf 82' lang='lat' dir='ltr'><strong>rell.</strong></span> <span class='ocrx_word' id='word_1_296' title='bbox 948 2915 1281 2969; x_wconf 81' lang='grc' dir='ltr'>καταφεύγει..</span> <span class='ocrx_word' id='word_1_297' title='bbox 1305 2921 1403 2957; x_wconf 84' lang='grc' dir='ltr'>νεῶν</span> <span class='ocrx_word' id='word_1_298' title='bbox 1422 2928 1504 2956; x_wconf 90' lang='lat' dir='ltr'>om.</span> <span class='ocrx_word' id='word_1_299' title='bbox 1527 2915 1564 2953; x_wconf 88' lang='lat' dir='ltr'><strong>R</strong></span> <span class='ocrx_word' id='word_1_300' title='bbox 1579 2915 1617 2954; x_wconf 95' lang='lat' dir='ltr'>V</span> <span class='ocrx_word' id='word_1_301' title='bbox 1636 2930 1645 2955; x_wconf 74' lang='grc' dir='ltr'><strong>ε</strong></span> <span class='ocrx_word' id='word_1_302' title='bbox 1675 2916 1769 2967; x_wconf 84' lang='grc' dir='ltr'>φεύ·</span> 
     </span>
    </p>
   </div>
   <div class='ocr_carea' id='block_1_4' title="bbox 103 2969 1767 3095">
    <p class='ocr_par' dir='ltr' id='par_1_9' title="bbox 103 2969 1767 3095">
     <span class='ocr_line' id='line_1_35' title="bbox 103 2969 1767 3026; baseline -0.004 -12"><span class='ocrx_word' id='word_1_303' title='bbox 103 2988 170 3026; x_wconf 81' lang='grc' dir='ltr'>γει</span> <span class='ocrx_word' id='word_1_304' title='bbox 187 2973 284 3025; x_wconf 79' lang='grc' dir='ltr'>μίαν</span> <span class='ocrx_word' id='word_1_305' title='bbox 303 2973 346 3015; x_wconf 82' lang='grc' dir='ltr'>δὲ</span> <span class='ocrx_word' id='word_1_306' title='bbox 365 2978 447 3016; x_wconf 82' lang='grc' dir='ltr'>τῶν</span> <span class='ocrx_word' id='word_1_307' title='bbox 467 2978 565 3018; x_wconf 81' lang='grc' dir='ltr'>νεῶν</span> <span class='ocrx_word' id='word_1_308' title='bbox 586 2973 617 3013; x_wconf 90' lang='lat' dir='ltr'>S</span> <span class='ocrx_word' id='word_1_309' title='bbox 739 2983 789 3023; x_wconf 85' lang='lat'>25</span> <span class='ocrx_word' id='word_1_310' title='bbox 823 2971 1020 3014; x_wconf 82' lang='grc' dir='ltr'>λύσαντες</span> <span class='ocrx_word' id='word_1_311' title='bbox 1043 2972 1080 3013; x_wconf 85' lang='lat' dir='ltr'>R</span> <span class='ocrx_word' id='word_1_312' title='bbox 1097 2971 1126 3010; x_wconf 91' lang='lat' dir='ltr'>S</span> <span class='ocrx_word' id='word_1_313' title='bbox 1142 2971 1179 3009; x_wconf 96' lang='lat' dir='ltr'>V</span> <span class='ocrx_word' id='word_1_314' title='bbox 1291 2983 1341 3020; x_wconf 84' lang='lat'>27</span> <span class='ocrx_word' id='word_1_315' title='bbox 1374 2971 1497 3011; x_wconf 80' lang='grc' dir='ltr'>κακὸν</span> <span class='ocrx_word' id='word_1_316' title='bbox 1517 2977 1616 3020; x_wconf 83' lang='lat' dir='ltr'><strong>post</strong></span> <span class='ocrx_word' id='word_1_317' title='bbox 1636 2969 1714 3021; x_wconf 83' lang='grc' dir='ltr'>μὲν</span> <span class='ocrx_word' id='word_1_318' title='bbox 1734 2969 1767 3008; x_wconf 92' lang='lat' dir='ltr'>C</span> 
     </span>
     <span class='ocr_line' id='line_1_36' title="bbox 1560 3053 1610 3095; baseline 0 -16"><span class='ocrx_word' id='word_1_319' title='bbox 1560 3053 1610 3095; x_wconf 74' lang='grc'>6*</span> 
     </span>
    </p>
   </div>
  </div>
 </body>
</html>
