2132 3340
108 11 131 26 γ
158 0 201 30 «ss
218 0 299 26 ks(
421 0 476 21 μὴ
505 0 575 18 -=,-—
596 0 603 9 *
636 0 722 20 ⁷31⁸„
752 0 779 20 γ’
802 0 855 17 ν·

763 94 1141 142 ΙΣΤΟΡΙΩΝ
1203 96 1221 142 I

157 223 307 292 ὑμέας
350 227 441 292 μὲν
481 225 631 292 χρεόν
672 225 786 276 ἐστι
828 224 943 278 τοὺς
983 223 1277 289 Ἀθηναίους
1323 229 1502 290 στῆναι
1547 227 1669 276 κατὰ
1709 225 1824 279 τοὺς

160 309 381 376 Πέρσας,
407 308 559 374 ἡμέας
583 311 636 362 δὲ
668 310 791 362 κατὰ
813 308 927 363 τοὺς
951 310 1195 363 Βοιωτούς
1219 331 1273 363 τε
1304 310 1384 362 καὶ
1407 309 1521 365 τοὺς
1546 308 1649 361 κατ’
1671 309 1823 375 ὑμέας

157 393 483 462 τεταγμένους
511 393 792 458 Ἑλλήνων,
824 398 981 447 τῶνδε
1018 395 1197 446 εἵνεκα·
1242 395 1379 459 ὑμεῖς
1408 396 1684 446 ἐπίστασθε
1712 394 1824 448 τοὺς

158 477 361 543 Μήδους
402 478 481 530 καὶ
521 478 610 543 τὴν
648 477 817 547 μάχην
858 478 1019 531 αὐτῶν
1061 479 1115 530 ἐν
1153 482 1425 546 Μαραθῶνι
1463 479 1822 547 μαχεσάμενοι,

109 586 133 627 5
157 563 297 629 ἡμεῖς
336 565 389 615 δὲ
429 561 627 630 ἄπειροί
658 561 712 615 τέ
754 565 888 628 εἶμεν
927 564 1005 616 καὶ
1044 562 1218 616 ἀδαέες
1257 563 1447 614 τούτων
1481 567 1578 615 τῶν
1615 564 1822 630 ἀνδρῶν·

158 646 507 715 Σπαρτιητέων
526 649 619 714 γὰρ
640 647 798 701 οὐδεὶς
820 649 1111 714 πεπείρηται
1130 639 1336 712 Μήδων,
1357 648 1497 713 ἡμεῖς
1520 650 1573 699 δὲ
1594 651 1824 700 Βοιωτῶν

158 731 239 784 καὶ
269 736 560 785 Θεσσαλῶν
591 731 817 798 ἔμπειροί
844 734 994 798 εἰμεν.
1069 730 1186 783 ἀλλ’
1216 733 1569 797 ἀναλαβόντας
1599 733 1660 783 τὰ
1688 733 1824 784 ὅπλα

157 817 307 885 χρεόν
332 817 443 868 ἐστι
473 814 599 868 ἰέναι
628 815 779 881 ὑμέας
807 819 900 882 μὲν
925 818 976 871 ἐς
1005 817 1117 869 τόδε
1148 815 1205 868 τὸ
1235 815 1395 883 κέρας,
1419 815 1572 882 ἡμέας
1602 819 1655 868 δὲ
1687 818 1737 870 ἐς
1768 821 1823 868 τὸ

157 901 420 966 εὐώνυμον.
510 900 631 967 πρὸς
676 902 727 952 δὲ
773 905 926 952 ταῦτα
971 900 1114 953 εῖπαν
1158 903 1205 953 οἱ
1249 899 1506 966 Ἀθηναῖοι
1550 901 1681 953 τάδε·
1726 901 1824 952 Καὶ

89 1006 136 1036 10
157 984 352 1037 αὐτοῖσι
391 985 508 1051 ἡμῖν
551 984 706 1037 πάλαι
747 983 830 1037 ἀπ’
872 985 1044 1052 ἀρχῆς,
1089 986 1251 1038 ἐπείτε
1298 987 1493 1050 εἴδομεν
1534 984 1638 1037 κατ’
1673 984 1823 1050 ὑμέας

156 1069 499 1135 τασσομένους
533 1069 647 1123 τοὺς
678 1067 898 1135 Πέρσας,
933 1071 986 1121 ἐν
1024 1070 1120 1139 νόῳ
1158 1069 1358 1136 ἐγένετο
1397 1071 1553 1121 εἰπεῖν
1581 1074 1734 1121 ταῦτα
1763 1069 1824 1121 τά

157 1175 249 1221 περ
280 1156 430 1219 ’ὑμεῖς
474 1153 692 1221 φθάντες
738 1153 1029 1221 προφέρετε·
1082 1155 1217 1205 ἀλλὰ
1262 1155 1355 1221 γὰρ
1403 1153 1713 1220 ἀρρωδέομεν
1755 1153 1821 1220 μὴ

157 1239 270 1304 ὑμῖν
301 1238 386 1290 οὐκ
417 1237 558 1304 ἡδέες
587 1237 830 1306 γένωνται
858 1240 904 1290 οἱ
934 1238 1097 1305 λόγοι.
1180 1230 1297 1290 ’ἐπεὶ
1334 1237 1375 1289 δ’
1408 1236 1475 1290 ὧν
1506 1238 1644 1290 αὐτοὶ
1675 1236 1818 1303 ἐμνὴι

159 1326 327 1388 σθητε,
368 1323 447 1375 καὶ
486 1322 775 1388 ἡδομένοισι
809 1323 925 1388 ἡμῖν
964 1325 1010 1374 οἱ
1049 1324 1196 1390 λόγοι
1235 1324 1476 1390 γεγόνασι
1519 1322 1597 1374 καὶ
1638 1324 1830 1387 ἕτοιμοί

85 1430 133 1471 15
159 1409 295 1473 εἰμεν
323 1406 511 1460 ποιέειν
540 1412 708 1460 ταῦτα.
784 1407 848 1461 ὡς
879 1406 921 1458 δ’
952 1406 1132 1474 ἤρεσκε
1165 1406 1498 1474 ἀμφοτέροισι
1524 1411 1692 1467 ταῦτα,
1726 1407 1825 1471 ἠώς

158 1514 211 1545 τε
252 1491 476 1560 διέφαινε
522 1492 601 1544 καὶ
645 1490 1022 1544 διαλλάσσοντο
1063 1493 1150 1545 τὰς
1191 1490 1343 1556 τάξις.
1431 1492 1635 1558 γνόντες
1681 1493 1734 1544 δὲ
1779 1494 1825 1543 οἱ

160 1578 368 1630 Βοιωτοὶ
397 1576 454 1628 τὸ
484 1578 776 1642 ποιεύμενον
808 1573 1160 1653 ἐξαγορεύουσι
1186 1576 1468 1646 Μαρδονίῳ.
1537 1578 1563 1626 6
1595 1576 1637 1628 δ’
1663 1578 1824 1628 ἐπείτε

157 1660 359 1726 ἤκουσε,
385 1660 558 1713 αὐτίκα
586 1660 880 1726 μετιστάναι
913 1660 991 1712 καὶ
1015 1659 1159 1714 αὐτὸς
1182 1662 1427 1726 ἐπειρᾶτο,
1454 1659 1690 1728 παράγων
1712 1660 1825 1714 τοὺς

159 1744 364 1812 Πέρσας
413 1747 535 1797 κατὰ
581 1746 694 1800 τοὺς
742 1747 1172 1810 Λακεδαιμονίους.
1262 1745 1326 1799 ὡς
1378 1747 1432 1797 δὲ
1482 1745 1634 1809 ἔμαθε
1680 1750 1825 1797 τοῦτο

86 1849 136 1878 20
157 1835 351 1882 τοιοῦτο
402 1830 667 1897 γινόμενον
715 1831 740 1881 ὁ
790 1830 1096 1894 Παυσανίης,
1148 1829 1295 1896 γνοὺς
1341 1831 1418 1881 ὅτι
1465 1829 1520 1882 οὐ
1567 1828 1822 1889 λανθάνει,

159 1915 321 1967 ὀπίσω
365 1915 454 1982 ἦγε
499 1915 612 1969 τοὺς
658 1909 969 1981 Σπαρτιήτας
1015 1915 1096 1966 ἐπὶ
1139 1913 1196 1965 τὸ
1245 1913 1407 1978 δεξιὸν
1453 1913 1612 1980 κέρας·
1673 1914 1737 1967 ὣς
1783 1914 1824 1965 δ’

159 2000 317 2054 αὕτως
353 1999 434 2052 καὶ
469 2000 495 2050 ὁ
531 2000 812 2066 Μαρδόνιος
849 1999 935 2051 ἐπὶ
971 2003 1056 2049 τοῦ
1095 1998 1358 2064 εὐωνύμου.
1449 1999 1555 2050 ἐπεὶ
1592 2001 1643 2049 δὲ
1683 1997 1822 2050 κατέ-

160 2105 356 2149 στησαν
388 2086 438 2138 ἐς
472 2086 559 2138 τὰς
594 2084 803 2152 ἀρχαίας
832 2081 985 2147 τάξις,
1019 2082 1223 2149 πέμψας
1259 2084 1285 2133 6
1324 2083 1607 2150 Μαρδόνιος
1645 2081 1826 2148 κήρυκα

160 2169 210 2222 ἐς
254 2168 367 2222 τοὺς
413 2166 719 2235 Σπαρτιήτας
765 2169 909 2234 ἔλεγε
955 2167 1088 2219 τάδε·
1129 2166 1202 2217 ⁹ss
1247 2168 1642 2231 Λακεδαιμόνιοι,
1687 2169 1825 2232 ὑμεῖς

87 2270 133 2310 25
159 2251 216 2317 δὴ
252 2251 468 2320 λέγεσθε
510 2252 636 2304 εῖναι
670 2252 844 2318 ἄνδρες
884 2251 1082 2318 ἄριστοι
1115 2250 1210 2304 ὑπὸ
1244 2256 1341 2303 τῶν
1377 2254 1493 2324 τῇδε
1534 2251 1822 2317 ἀνθρώπων,

159 2336 572 2404 ἐκπαγλεομένων
619 2337 683 2390 ὦς
731 2337 843 2388 οὔτε
890 2337 1100 2403 φεύγετε
1152 2337 1205 2387 ἐκ
1257 2334 1479 2400 πολέμου
1526 2335 1639 2388 οὔτε
1683 2334 1826 2399 τάξιν

158 2422 429 2481 ἐκλείπετε,
467 2420 700 2486 μένοντές
723 2422 792 2472 ’τε
828 2416 857 2484 ἢ
896 2421 1147 2473 ἀπόλλυτε
1183 2420 1294 2473 τοὺς
1335 2421 1586 2474 ἐναντίους
1620 2414 1651 2484 ἢ
1689 2420 1825 2471 αὐτοὶ

737 2505 749 2523 ³
805 2505 824 2523 Ἰ
859 2504 872 2522 2

160 2504 469 2558 ἀπόλλυσθε.
557 2511 655 2557 τῶν
708 2509 733 2556 δ
798 2526 856 2570 αρ
923 2504 981 2569 ἦν
1035 2505 1176 2556 οὐδὲν
1230 2503 1429 2568 ἀληθές·
1491 2504 1605 2571 πρὶν
1652 2506 1747 2571 γὰρ
1795 2500 1824 2567 ἡ

215 2655 240 2682 2
269 2637 315 2684 τέ
338 2656 419 2683 om.
447 2643 486 2682 A
503 2643 536 2682 B
552 2644 586 2683 C
754 2656 779 2691 3
813 2642 1053 2683 ἐπίστασθαι
1076 2642 1110 2680 Β
1130 2642 1167 2679 R
1345 2655 1369 2690 4
1404 2643 1467 2682 ἐπὶ
1493 2641 1526 2679 Ρ
1691 2653 1716 2690 5
1746 2645 1828 2681 τῶν

161 2696 333 2749 ἆνδρέων
354 2698 467 2751 (φῶν
491 2698 543 2749 S)
564 2697 741 2739 τουτέων
765 2697 803 2736 R
820 2697 900 2736 SV
1095 2698 1122 2734 6
1150 2714 1197 2737 τε
1220 2695 1259 2733 A
1275 2696 1309 2735 B
1324 2697 1358 2735 C
1566 2708 1613 2734 12
1642 2697 1720 2748 ’γὰρ
1742 2709 1820 2734 om.

161 2751 247 2792 AB
262 2753 295 2792 C
310 2752 344 2791 P
460 2765 507 2802 13
536 2753 728 2805 γίνωνται
751 2751 790 2790 R
811 2767 820 2791 ε
848 2751 1031 2804 γίνονται
1054 2750 1134 2790 SV
1245 2763 1292 2800 14
1323 2753 1412 2799 ὑμῖν
1437 2751 1525 2789 RV
1640 2752 1772 2799 15-16
1800 2752 1824 2799 ἢ

162 2809 270 2848 ὥστε
291 2807 327 2843 R
340 2806 380 2846 V
474 2809 523 2846 16
542 2806 738 2848 διάλασον
754 2806 793 2845 R
809 2820 818 2846 z
837 2805 1060 2847 διάλασσον
1074 2805 1111 2843 V
1186 2806 1316 2858 τάξεις
1334 2805 1367 2843 C
1383 2806 1422 2844 R
1437 2805 1474 2843 V
1567 2818 1619 2844 2ο
1640 2808 1826 2846 τοιοῦτον

164 2860 204 2900 R
220 2861 303 2901 SV
439 2861 659 2914 γενόμενον
683 2860 760 2901 PS
929 2873 981 2899 22
1012 2862 1139 2901 αὕτως
1161 2860 1245 2911 καὶ]
1268 2861 1330 2901 καὶ
1354 2860 1474 2900 αὐτὸς
1502 2859 1540 2897 R
1556 2859 1639 2898 SV
1777 2861 1825 2899 τὸ

164 2918 364 2967 εὐώνυμον
395 2916 434 2955 R
450 2916 531 2955 SV
723 2929 776 2965 23
804 2915 934 2967 τάξεις
966 2915 1000 2953 C
1015 2914 1054 2953 R
1178 2918 1199 2955 ὁ
1220 2928 1301 2954 om.
1330 2914 1366 2951 R
1384 2913 1465 2953 SV
1591 2914 1762 2963 κήρυκας
1790 2914 1824 2952 C

163 2982 216 3021 25
243 2972 438 3023 λέγεσθαι
459 2971 492 3010 C
507 2970 548 3009 R
714 2972 768 3009 26
799 2969 1136 3022 ἐκπλαγεομένων
1158 2970 1195 3008 R
1211 2969 1291 3008 SV

1863 99 1951 148 IX.
1977 101 2048 160 46

1861 1420 1926 1469 47

1866 2525 1891 2558 Ν
