2132 3340
743 90 1116 138 ιΣΤοιηΩΝ
1179 89 1226 137 11
1356 52 1359 54 ’
1709 102 1718 123 2
1852 88 2099 152 VILIOss

147 218 215 275 ὧν
247 224 275 274 ἀ
359 220 441 274 οτέ
536 245 588 272 σ(
621 244 636 273 ι
667 222 910 290 ἐχώρησε·
957 223 1071 274 ἀλλ’
1103 245 1164 288 ην
1201 243 1317 294 τησι
1358 222 1503 286 νηυσὶ
1540 220 2132 316 ἐμβάλωσιῆναμκωαῒῑ

150 308 227 359 καὶ
267 328 561 371 νικησαντες
597 329 813 375 ναυμιαχ
800 309 845 379 ἠ
884 305 1082 359 πλέωσι
1119 309 1170 361 ἐς
1199 312 1285 360 τόι
1314 305 1700 371 Ἑλλησποντον
1730 291 1889 358 καὶαι
1974 290 2132 361 ‘m

148 391 316 444 ἔπειτα
357 391 560 444 λύσωσι
601 391 691 455 τὴν
735 390 976 459 γέφυραν,
1021 396 1167 443 τοῦτο
1211 392 1287 457 δη,
1334 395 1572 456 βασιλεῦ,
1620 391 1811 458 γίνεται
1976 387 1981 392 ’

148 476 324 528 δεινόν.
400 476 498 542 ἐγὼ
527 479 582 529 δὲ
611 476 811 547 οὐδεμιῇ
835 479 997 547 σοφίῃ
1027 477 1186 548 οἰκηίῃ
1220 475 1365 529 αὐτὸς
1393 480 1545 527 ταῦτα
1574 473 1807 540 συμβάλ-
1847 498 1879 542 γ

99 567 312 628 5λομαι,
359 556 477 613 ἀλλ’
526 562 631 611 οἶόν
686 582 795 612 κοτε
841 560 995 625 ἡμέας
1046 562 1220 627 ὀλίγου
1271 559 1449 624 ἐδέησε
1500 564 1809 624 καταλαβεῖν

147 644 319 705 πάθος,
357 646 439 698 ὅτε
475 644 637 711 πατὴρ
672 641 747 711 <ὁ>
784 644 873 699 σὸς
913 645 1085 710 ζεύξας
1124 646 1388 710 Βόσπορον
1423 644 1510 695 τὸν
1547 645 1806 711 Θρηίκιον,

147 730 446 798 γεφυρώσας
485 733 538 781 δὲ
582 734 806 795 ποταμὸν
834 728 1038 797 Ἴστρον
1084 728 1228 794 διέβη
1274 729 1356 781 ἐπὶ
1400 729 1607 783 Σκύθας.
1695 729 1807 781 τότε

148 819 370 866 παντοῖοι
401 808 632 881 ἐγένοντο
659 814 842 866 Σκύθαι
873 815 1097 880 δεόμενοι
1122 813 1302 866 Ἰώνων
1334 818 1488 865 λῦσαι
1516 813 1604 865 τὸν
1634 814 1804 880 πόρον,

146 903 280 951 τοῖσι
325 898 659 965 ἐπετέτραπτο
701 900 731 964 ἡ
779 899 978 965 φυλακὴ
1022 905 1121 951 τῶν
1167 898 1424 966 γεφυρέων
1464 903 1550 949 τοῦ
1587 896 1806 966 Ἴστρου.

77 1009 123 1038 ιο
149 984 227 1036 καὶ
263 984 375 1036 τότε
407 1005 466 1050 γε
493 983 732 1037 Ἱστιαῖος
769 985 795 1034 6
830 982 1060 1048 Μιλήτου
1094 985 1329 1050 τύραννος
1358 986 1402 1035 εἰ
1430 982 1680 1036 ἐπέσπετο
1708 988 1808 1035 τῶν
1846 1003 1872 1034 2

146 1068 318 1120 ἄλλων
348 1067 599 1135 τυράννων
629 1070 687 1140 τῇ
719 1069 891 1140 γνώμη
931 1071 1053 1134 μηδὲ
1084 1068 1314 1133 ἠντιώθη,
1346 1068 1614 1135 διέργαστο
1650 1066 1711 1119 ἂν
1747 1069 1808 1119 τὰ
1795 1065 2132 1170 &Qu‘m

147 1151 390 1220 Περσέων
419 1175 699 1221 πρηγματα.
788 1154 948 1205 καίτοι
986 1154 1065 1205 καὶ
1101 1154 1236 1223 λόγῳ
1274 1154 1483 1205 ἀκοῦσαι
1519 1153 1697 1212 δεινόν,
1730 1153 1807 1204 ἐπ’

146 1239 291 1305 ἀνδρί
314 1260 373 1306 γε
404 1239 477 1290 ἑνὶ
507 1237 669 1290 πάντα
697 1240 759 1291 τὰ
788 1237 1036 1305 βασιλέος
1058 1237 1323 1305 πρήγματα
1351 1239 1670 1304 γεγενῆσθαι.
1745 1237 1808 1289 σὺ
1846 1241 1873 1290 δ

145 1319 215 1374 ὧν
263 1321 329 1387 μὴ
381 1324 571 1388 βούλευ
628 1325 679 1377 ἐς
737 1324 964 1375 κίνδυνον
1024 1322 1211 1388 μηδένα
1268 1327 1490 1374 τοιοῦτον
1541 1321 1810 1374 ἀπικέσθαι

76 1428 120 1471 ¹5
146 1410 383 1472 μηδεμιῆς
419 1407 636 1474 ἀνάγκης
673 1408 869 1473 ἐούσης,
909 1409 1044 1459 ἀλλὰ
1083 1408 1193 1473 ἐμοὶ
1234 1408 1418 1460 πείθευ·
1465 1411 1552 1459 νῦν
1591 1409 1683 1472 μὲν
1723 1407 1809 1459 τὸν

147 1490 403 1558 σύλλογον
443 1493 585 1544 τόνδε
624 1491 882 1545 διάλυσον·
949 1492 1084 1546 αὖτις
1125 1491 1196 1552 δέ,
1235 1493 1353 1543 ὅταν
1394 1513 1471 1543 τοι
1510 1492 1646 1564 δοκῇ,
1686 1514 1805 1558 προ-

147 1575 466 1643 σκεψάμενος
511 1576 592 1628 ἐπὶ
641 1582 862 1629 σεωυτοῦ
906 1577 1210 1644 προαγόρευε
1254 1575 1315 1628 τά
1356 1598 1434 1628 τοι
1478 1575 1638 1628 δοκέει
1685 1577 1809 1628 εἶναι

147 1659 343 1726 ἄριστα.
432 1661 488 1713 τὸ
525 1663 620 1728 γὰρ
658 1661 711 1713 εὖ
748 1657 1086 1727 βουλεύεσθαι
1125 1660 1292 1728 κέρδος
1326 1660 1566 1728 μέγιστον
1597 1663 1808 1727 εὑρίσκω
1846 1677 1872 1708 2

148 1745 248 1796 ἐόν·
325 1747 366 1797 εἰ
416 1747 508 1813 γὰρ
548 1746 627 1798 καὶ
671 1747 1032 1810 ἐναντιωθῆναί
1064 1768 1112 1798 τι
1150 1745 1301 1805 θέλει,
1339 1746 1680 1811 βεβούλευται
1717 1749 1810 1811 μὲν

75 1852 124 1880 20
147 1828 288 1881 οὐδὲν
323 1830 489 1895 ἧσσον
531 1831 599 1890 εὗ,
639 1830 861 1882 ἕσσωται
899 1833 951 1882 δὲ
988 1830 1083 1882 ὑπὸ
1124 1834 1211 1895 τῆς
1247 1831 1402 1898 τύχης
1441 1829 1497 1881 τὸ
1533 1830 1806 1895 βούλευμα·
1859 1876 1889 1904 ⁶

148 1913 175 1964 6
197 1916 250 1966 δὲ
272 1915 681 1980 βουλευσάμενος
705 1917 942 1983 αἰσχρῶς,
972 1917 1019 1967 εἴ
1037 1917 1084 1966 οἱ
1108 1915 1137 1980 ἡ
1169 1916 1293 1982 τύχη
1319 1915 1599 1973 ἐπίσποιτο,
1626 1915 1812 1981 εὕρημα

147 1999 334 2063 εὕρηκε,
376 2021 543 2065 ησσον
584 2004 637 2053 δε
677 1999 820 2052 οὐδέν
865 2003 913 2052 οἱ
960 2005 1116 2053 κακῶς
1160 1999 1511 2065 βεβούλευται.
1601 1999 1716 2069 ὁρᾶς
1750 2000 1811 2049 τὰ
1849 2020 1871 2045 ε

145 2082 454 2163 ὑπερέχοντα
480 2085 625 2154 ζῷα
600 2106 664 2138 ως
690 2090 918 2151 κεραυνοῖ
945 2086 971 2134 6
1003 2083 1113 2137 θεὸς
1137 2084 1247 2135 οὐδὲ
1281 2086 1336 2154 ἐᾷ
1366 2051 1847 2149 ‹pavro'tg‘em

145 2170 198 2220 δὲ
247 2189 433 2236 σμικρα
464 2161 614 2221 οὐδέν
654 2190 740 2235 μιν
783 2170 949 2234 κνίζει·
1013 2170 1128 2240 ὁρᾷς
1176 2170 1228 2220 δὲ
1278 2168 1343 2222 ὡς
1382 2169 1433 2221 ἐς
1469 2166 1710 2233 οἷκηματα
1747 2169 1810 2218 τὰ

75 2272 119 2314 ²5
143 2250 360 2319 μέγιστα
389 2253 486 2307 αιεὶ
523 2254 600 2306 καὶ
637 2253 840 2321 δένδρεα
871 2256 931 2305 τὰ
967 2257 1170 2306 τοιαῦτα
1199 2251 1512 2318 ἀποσκήπτει
1541 2254 1602 2304 τὰ
1631 2251 1806 2317 βέλεα.

145 2335 314 2402 φιλέει
352 2339 450 2405 γὰρ
489 2340 516 2390 6
554 2338 665 2392 θεὸς
702 2340 764 2390 τὰ
803 2337 1116 2407 ὑπερέχοντα
1150 2337 1313 2390 πάντα
1352 2337 1590 2389 κολούειν.
1682 2337 1807 2388 οὕτω

143 2422 197 2473 δὲ
221 2421 300 2474 καὶ
324 2422 537 2490 στρατὸς
560 2423 752 2477 πολλὸς
775 2423 870 2476 ὑπὸ
894 2424 1068 2490 ὀλίγου
1091 2424 1429 2491 διαφθείρεται
1452 2423 1574 2473 κατὰ
1597 2422 1806 2473 τοιόνδε·

202 2573 217 2599 1
253 2561 529 2615 ἀμφοτέρῃσιν
550 2564 758 2616 ἐχώρησεν
778 2565 865 2612 (·αν
887 2561 938 2614 S)
963 2561 1010 2601 P¹
1029 2562 1079 2614 (3)
1097 2561 1135 2600 R
1152 2561 1234 2602 SV
1411 2575 1436 2611 4
1465 2561 1594 2614 οἰκηίῃ
1617 2573 1698 2600 om.
1727 2559 1810 2599 SV

142 2617 170 2654 6
198 2619 219 2656 ὁ
237 2617 332 2656 add.
358 2617 527 2657 Bekker
627 2619 702 2658 τὸν
721 2631 803 2656 om.
828 2618 861 2656 C
973 2618 999 2655 8
1031 2617 1213 2669 ἐγίνοντο
1235 2616 1274 2654 R
1291 2616 1374 2656 SV
1483 2630 1510 2666 9
1540 2615 1809 2668 ἐπιτέτραπτο

142 2670 182 2709 Α
197 2671 231 2709 Β
247 2671 279 2710 C
450 2685 497 2711 10
524 2689 574 2723 γε
595 2685 677 2711 om.
702 2672 739 2710 R
756 2672 785 2710 S
800 2672 838 2710 V
949 2675 985 2713 εἰ
1002 2679 1101 2710 ante
1122 2675 1310 2712 Ἱστιαῖος
1330 2670 1369 2708 Α
1385 2671 1419 2709 Β
1434 2671 1468 2710 C
1582 2669 1752 2711 ἐπέπετο
1772 2671 1807 2709 C

146 2737 162 2762 1
177 2738 190 2764 1
224 2728 446 2775 ἠναντιώθη
469 2728 505 2766 Α
524 2727 558 2766 Β
572 2728 605 2766 C
747 2727 978 2778 διείργαστο
1002 2727 1039 2765 R
1057 2727 1087 2765 S
1100 2726 1137 2764 V
1279 2737 1283 2740 ”
1335 2739 1382 2775 13
1410 2724 1600 2778 ’γενέσθαι
1625 2725 1657 2763 Ρ
1672 2725 1709 2763 R
1726 2725 1756 2764 S
1770 2725 1809 2763 V

148 2793 195 2829 14
244 2781 396 2828 βούλευ
436 2782 496 2821 P:
540 2782 710 2829 βούλευε
754 2781 791 2819 R
817 2782 846 2820 S
868 2781 929 2819 V:
984 2780 1178 2828 βουλεύεο
1217 2780 1254 2818 Λ
1278 2781 1312 2819 Β
1335 2781 1369 2820 C
1535 2779 1727 2820 τοιούτων
1766 2779 1806 2818 R

146 2847 194 2885 15
231 2833 364 2877 πέῖθεο
399 2837 592 2876 PRSV
818 2839 867 2875 16
909 2840 1035 2877 τῶνδε
1077 2836 1218 2875 RSV
1384 2835 1448 2887 δέ]
1484 2853 1529 2876 τε
1559 2835 1807 2874 CPRSV

142 2889 260 2943 δοκέῃ
297 2890 348 2929 Β1
373 2890 407 2929 Ρ
427 2892 466 2930 R
490 2892 520 2931 S
541 2892 579 2931 V
796 2905 841 2940 17
885 2891 1157 2943 προσαγόρευε
1198 2890 1234 2928 R
1454 2904 1502 2940 19
1543 2889 1617 2931 σόν
1657 2890 1695 2928 R
1718 2890 1749 2929 S
1770 2889 1807 2927 V

142 2956 190 2983 21
223 2946 249 2994 ἡ
269 2958 349 2985 om.
377 2946 511 2985 RSV
706 2959 756 2996 24
789 2946 879 2987 οὐδέ
899 2946 979 2986 SV
1091 2945 1238 2996 κνίζειν
1261 2945 1298 2984 R
1315 2944 1396 2984 SV
1580 2956 1631 2994 25
1661 2945 1732 2984 alt.
1755 2946 1806 2985 τὰ

141 3011 223 3038 om.
252 2999 284 3037 P
301 3000 336 3038 R
356 3000 436 3039 SV
457 3001 575 3041 Stob.
601 3002 691 3042 ssor.
717 3014 782 3051 22,
807 3003 859 3050 46
1026 3014 1074 3050 27
1108 3003 1155 3050 δὴ
1180 3001 1211 3038 Ρ
1323 3001 1370 3040 τὸ
1392 2999 1546 3041 τοιόνδε
1571 3000 1608 3037 R
1625 2999 1707 3039 SV
