2144 3320
749 99 1124 148 ΙΣΤΟΡΙΩΝ
1202 101 1242 149 Ζ
1739 101 1743 105 ’
1868 105 1954 154 VI.
1981 118 2045 168 52

164 226 412 295 ἀπορέειν,
434 226 735 295 ἀπορέοντας
759 232 812 282 δὲ
836 228 1048 295 πέμπειν
1073 232 1123 284 ἐς
1149 230 1386 298 Δελφοὺς
1411 230 1829 298 ἐπειρησομένους

162 313 192 364 ὅ
234 333 283 364 τι
327 310 615 381 χρήσωνται
660 319 728 384 τῷ
773 313 1038 382 πρήγματι.
1127 314 1218 379 τὴν
1264 317 1318 368 δὲ
1366 317 1560 381 Πυθίην
1609 315 1828 368 κελεύειν
1868 334 1890 381 5

165 395 331 464 σφέας
371 397 631 465 ἀμφότερα
665 400 727 450 τὰ
765 400 936 451 παιδία
970 397 1264 467 ἡγήσασθαι
1299 398 1566 465 βασιλέας,
1600 403 1744 465 τιμᾶν
1775 402 1829 452 δὲ

161 484 359 547 μᾶλλον
402 481 490 534 τὸν
534 483 837 550 γεραίτερον.
925 482 1015 548 τὴν
1058 486 1150 549 μὲν
1194 483 1253 548 δὴ
1299 485 1494 549 Πυθίην
1533 483 1686 536 ταῦτά
1730 490 1828 551 σφι

113 589 137 631 5
162 566 379 625 ἀνελεῖν,
422 570 557 618 τοῖσι
596 570 649 619 δὲ
691 569 1129 637 Λακεδαιμονίοισι
1169 567 1442 635 ἀπορέουσι
1481 568 1622 620 οὐδὲν
1662 568 1828 633 ἧσσον

161 651 288 704 ὅκως
329 648 568 717 ἐξεύρωσι
609 652 771 704 αὐτῶν
815 651 902 704 τὸν
950 651 1311 719 πρεσβύτερον,
1358 651 1635 705 ὑποθέσθαι
1675 651 1828 718 ἄνδρα

163 733 462 800 Μεσσήνιον
492 740 560 806 τῷ
593 736 779 803 οὕνομα
810 736 936 789 εἶναι
968 738 1209 801 Πανίτην·
1255 735 1532 789 ὑποθέσθαι
1569 739 1621 788 δὲ
1651 741 1826 788 τοῦτον
1862 739 1891 783 6

160 818 248 872 τὸν
299 820 524 884 Πανίτην
581 819 698 873 τάδε
756 827 891 874 τοῖσι
943 822 1396 886 Λακεδαιμονίοισι,
1460 819 1680 888 φυλάξαι
1737 820 1827 884 τὴν

160 902 456 970 γειναμένην
478 905 709 972 ὁκότερον
733 910 832 957 τῶν
856 905 1066 957 παιδίων
1088 906 1328 972 πρότερον
1350 905 1490 957 λούει
1522 906 1601 957 καὶ
1633 904 1825 968 σιτίζει·

90 1009 138 1049 ¹0.
163 989 240 1040 καὶ
270 984 332 1052 ἢν
361 991 454 1054 μὲν
491 991 613 1040 κατὰ
651 989 804 1042 ταύτὰ
835 990 1074 1057 φαίνηται
1111 989 1206 1041 αἰεὶ
1244 994 1468 1048 ποιεῦσα,
1502 989 1614 1042 τοὺς
1644 991 1698 1040 δὲ
1729 993 1826 1040 πᾶν

161 1070 291 1135 ἕξειν
337 1074 462 1125 ὅσον
511 1095 559 1125 τι
606 1074 685 1125 καὶ
733 1075 950 1138 δίζηνται
999 1074 1078 1126 καὶ
1126 1073 1332 1125 θέλουσι
1380 1071 1610 1140 ἐξευρεῖν,
1661 1068 1722 1136 ἢν
1774 1075 1827 1125 δὲ

159 1160 409 1209 πλανᾶται
454 1158 532 1210 καὶ
574 1159 736 1222 ἐκείνη
779 1156 1004 1222 ἐναλλὰξ
1038 1163 1264 1217 ποιεῦσα,
1308 1157 1436 1221 δῆλά
1478 1164 1574 1225 σφι
1616 1158 1825 1209 ἔσεσθαι

161 1241 226 1308 ὡς
262 1241 375 1294 οὐδὲ
415 1243 575 1306 ἐκείνη
618 1241 775 1294 πλέον
815 1242 957 1294 οὐδὲν
995 1243 1112 1300 οἶδε,
1146 1241 1223 1293 ἐπ’
1254 1241 1416 1305 ἄλλην
1454 1263 1507 1293 τε
1547 1240 1825 1307 τραπέσθαι

161 1324 327 1393 σφέας
367 1326 499 1381 ὁδόν.
588 1328 799 1378 ἐνθαῦτα
840 1326 899 1391 δὴ
940 1326 1054 1379 τοὺς
1094 1324 1407 1392 Σπαρτιήτας
1450 1327 1571 1377 κατὰ
1610 1327 1697 1378 τὰς
1737 1330 1823 1376 τοῦ
1860 1340 1884 1384 7

86 1424 132 1465 ¹5
164 1412 462 1475 Μεσσηνίου
492 1408 742 1475 ὑποθήκας
773 1407 1096 1478 φυλάξαντας
1125 1410 1216 1474 τὴν
1244 1409 1432 1475 μητέρα
1462 1415 1560 1461 τῶν
1591 1408 1817 1476 Ἀριστο-

160 1492 314 1560 δήμου
343 1496 533 1548 παίδων
559 1499 744 1560 λαβεῖν
776 1497 897 1546 κατὰ
927 1494 1078 1546 ταύτὰ
1109 1499 1331 1559 τιμῶσαν
1361 1493 1447 1545 τὸν
1479 1494 1717 1560 πρότερον
1742 1493 1822 1544 καὶ

160 1579 350 1631 σίτοισι
383 1579 462 1631 καὶ
491 1583 767 1644 λουτροῖσι,
799 1579 886 1630 οὐκ
919 1581 1101 1631 εἰδυῖαν
1131 1583 1229 1630 τῶν
1261 1579 1446 1630 εἵνεκεν
1479 1576 1818 1644 ἐφυλάσσετο.

157 1664 416 1729 λαβόντας
447 1666 500 1716 δὲ
533 1663 591 1715 τὸ
626 1664 824 1716 παιδίον
852 1663 909 1715 τὸ
945 1663 1222 1728 τιμώμενον
1258 1662 1380 1730 πρὸς
1414 1665 1500 1726 τῆς
1530 1660 1849 1728 γειναμένης.
1923 1702 1926 1704 Α
2037 1702 2144 1757 ,Ν

102 1791 107 1796 .
158 1746 223 1802 ὡς
268 1747 351 1800 ἐὸν
395 1748 637 1815 πρότερον
681 1747 885 1815 τρέφειν
930 1750 984 1799 ἐν
1027 1753 1095 1798 τῶ
1141 1748 1379 1816 δημοσίῳ·
1428 1747 1511 1798 καί
1545 1748 1592 1798 οἱ
1637 1725 2144 1840 οὔνομαψῖζῖἶὼζωΞ

53 1852 132 1881 .20
157 1834 356 1897 τεθῆναι
382 1831 717 1900 Εὐρυσθένεα,
744 1837 811 1902 τῷ
843 1834 896 1884 δὲ
927 1829 1178 1898 Προκλέα.
1251 1831 1453 1883 τούτους
1484 1828 1820 1895 ἀνδρωθέντας
1858 1840 1884 1883 8

156 1915 334 1971 αὐτούς
377 1938 433 1970 τε
476 1916 756 1985 ἀδελφεοὺς
796 1917 967 1970 ἐόντας
1010 1914 1223 1982 λέγουσι
1262 1915 1530 1982 διαφόρους
1571 1913 1696 1966 εἶναι
1734 1914 1821 1965 τὸν

155 1999 318 2054 πάντα
349 2001 545 2070 ,χρόνον
587 2005 674 2066 τῆς
719 2001 831 2066 ζόης
878 1998 1168 2064 ἀλλήλοισι,
1218 1999 1295 2050 καὶ
1338 1998 1452 2052 τοὺς
1495 1997 1592 2051 ἀπὸ
1635 1997 1820 2049 τούτων

155 2084 451 2151 γενομένους
482 2085 718 2140 ὡσαύτως
748 2077 1035 2137 διατελέειν.
1124 2088 1277 2135 ταῦτα
1310 2085 1402 2149 μὲν
1438 2083 1819 2147 Λακεδαιμόνιοι
1856 2093 1921 2142 53

152 2168 366 2236 λέγουσι
402 2174 575 2236 μοῦνοι
609 2168 890 2234 Ἑλλήνων,
930 2168 1047 2221 τάδε
1087 2170 1140 2220 δὲ
1183 2169 1306 2220 κατὰ
1345 2169 1407 2219 τὰ
1447 2167 1696 2234 λεγόμενα
1734 2165 1817 2218 ὑπ’

80 2269 128 2310 25
151 2251 418 2319 Ἑλλήνων
477 2255 575 2321 ε’γὼ
638 2253 835 2322 γράφω,
889 2253 1089 2307 τούτους
1147 2254 1244 2320 γὰρ
1301 2251 1359 2315 δὴ
1418 2250 1531 2305 τοὺς
1583 2249 1817 2316 Δωριέων

152 2338 404 2402 βασιλέας
424 2338 572 2406 μέχρι
594 2340 684 2404 μὲν
707 2337 935 2404 Περσέος
958 2341 1045 2388 τοῦ
1069 2336 1286 2401 Δανάης,
1308 2340 1395 2387 τοῦ
1419 2339 1531 2387 θεοῦ
1561 2335 1815 2399 ᾀπεόντος,
1833 2326 2065 2458 ”wag-2?
2082 2332 2144 2377 (Ε

155 2423 582 2490 καταλεγομένους
622 2424 777 2489 ὀρθῶς
820 2421 899 2474 ὑπ’
940 2420 1207 2485 Ἑλλήνων
1253 2421 1332 2472 καὶ
1376 2418 1817 2484 ἀποδεικνυμένους

208 2575 233 2601 2
275 2561 502 2616 χρήσονται
537 2561 666 2600 CSV
777 2559 905 2614 σφέας
944 2559 1124 2601 κελεύειν
1155 2558 1295 2597 ABC
1471 2572 1496 2607 4
1540 2556 1817 2610 πρεσβύτερον

151 2615 290 2657 ABC
455 2618 482 2654 6
511 2617 560 2657 τὸ
582 2616 616 2654 C
782 2628 804 2664 7
835 2616 986 2664 Μεσήν.
1012 2615 1046 2653 C
1063 2614 1152 2653 RV
1174 2614 1237 2661 (it.
1266 2624 1313 2662 15
1336 2612 1369 2651 C
1387 2612 1444 2663 R)
1611 2626 1638 2662 9
1667 2612 1817 2652 παίδων

151 2671 239 2710 ΑΒ
256 2671 335 2710 PC
353 2674 399 2723 (3)
428 2686 434 2689 ·
601 2683 651 2709 10
678 2671 730 2710 τὰ
750 2672 850 2711 αὐτὰ
873 2670 910 2708 R
928 2669 1008 2708 SV
1031 2668 1096 2719 (it.
1126 2670 1193 2721 16)
1323 2668 1507 2723 φαίνεται
1530 2666 1568 2704 R
1590 2681 1598 2706 :
1628 2679 1710 2706 om.
1734 2666 1817 2705 SV

153 2726 214 2767 ἀεὶ
232 2725 322 2766 ΑΒ
338 2727 378 2765 R
397 2740 406 2765 ε
435 2739 518 2766 om.
542 2726 572 2765 S
586 2726 624 2764 V
733 2723 923 2765 ποιέουσα
945 2723 983 2761 R
999 2723 1028 2762 S
1042 2723 1079 2762 V
1236 2734 1284 2770 13
1313 2722 1531 2775 τράπεσθαι
1553 2720 1680 2773 σφέας
1700 2720 1739 2759 Α
1753 2720 1787 2759 Β
1806 2735 1815 2759 :

154 2780 281 2832 σφέας
306 2780 528 2835 τραπέσθαι
558 2781 598 2820 R
612 2779 693 2819 SV
708 2779 741 2818 P
759 2778 916 2832 (τράπ.)
1103 2779 1151 2816 16
1180 2778 1228 2817 τὸ
1250 2778 1283 2815 C
1465 2777 1515 2815 18
1543 2774 1759 2828 γιναμένης
1780 2776 1815 2813 C

153 2848 208 2874 20
236 2834 284 2877 τὲ
306 2840 428 2877 θεῖναι
450 2835 491 2874 R
506 2836 536 2875 S
550 2835 587 2873 V
688 2838 745 2875 τῶ
766 2833 808 2875 δὲ
830 2832 1008 2886 νεωτέρω
1033 2832 1071 2870 R
1088 2831 1169 2872 SV
1347 2843 1398 2868 22
1430 2830 1530 2881 ζώης
1551 2829 1607 2869 Α1
1623 2830 1684 2869 C:
1716 2829 1815 2880 ζωῆς

155 2889 236 2928 SV
365 2903 418 2940 23
446 2906 600 2941 γεινομ.
622 2888 685 2929 A:
715 2905 850 2940 Ὑινομ.
875 2888 910 2926 Β
1007 2886 1101 2939 μὲν]
1124 2885 1168 2927 δὲ
1191 2885 1270 2925 SV
1398 2899 1448 2935 24
1480 2887 1583 2926 κατὰ
1604 2884 1732 2925 ταυτὰ
1754 2884 1786 2922 C
1806 2898 1815 2922 :

154 2945 207 2985 τὰ
227 2957 307 2983 om.
332 2945 371 2983 R
386 2945 467 2984 SV
643 2955 694 2993 25
725 2942 952 2995 Ἑλλήνων]
977 2941 1171 2990 ἀλλήλων
1194 2940 1227 2979 C
1356 2942 1434 2993 ’γὰρ
1454 2941 1503 2989 δὴ
1524 2953 1606 2979 om.
1631 2939 1664 2977 P
1682 2938 1719 2976 R
1735 2939 1764 2978 S
1778 2937 1815 2976 V

154 3001 209 3038 26
235 2998 309 3050 μὲν
330 3001 378 3050 δὴ
398 2999 486 3039 ΑΒ
500 3000 533 3039 C
700 3011 751 3048 27
782 2999 876 3039 τοὺς
897 2996 1249 3049 καταλεγομένους
1270 2993 1310 3032 Α
1323 2994 1357 3034 Β
1373 2995 1416 3034 C·
