2132 3340
751 61 1124 110 ΙΣΤΟΡΙΩΝ
1186 61 1236 108 H

161 194 242 246 καὶ
272 192 332 258 ἣν
362 193 457 245 ὑπὸ
487 191 716 259 βασιλέα
751 194 1092 260 δασμοφόρος,
1130 191 1441 259 Μεγαβάζου
1471 212 1525 242 τε
1557 211 1827 255 καταστρε-

159 276 389 346 ψαμένου
420 277 501 329 καὶ
530 278 741 344 ὕστερον
773 277 1076 344 Μαρδονίου.
1165 277 1506 343 παραμείβετο
1536 277 1590 327 δὲ
1621 274 1825 342 πορευό-

158 384 308 429 μενος
337 364 391 414 ἐκ
425 363 679 430 Δορίσκου
714 367 886 428 πρῶτα
918 363 1011 426 μὲν
1047 350 1109 411 τὰ
1140 361 1476 426 Σαμοθρηίκια
1512 359 1698 426 τείχεα,
1731 364 1829 410 τῶν

159 446 352 516 ἐσχάτη
405 447 710 499 πεπόλισται
752 445 874 513 πρὸς
927 444 1143 512 ἑσπέρης
1189 445 1336 499 πόλις
1379 445 1439 516 τῇ
1486 442 1672 509 οὔνομά
1718 444 1830 494 ἐστι

114 556 136 597 5
163 532 490 598 Μεσαμβρίη.
578 529 749 599 ἔχεται
779 533 833 583 δὲ
868 530 1047 595 ταύτης
1077 531 1291 582 Θασίων
1321 529 1470 582 πόλις
1501 528 1714 594 Στρύμη,
1749 529 1829 579 διὰ

161 615 216 668 δέ
250 622 426 683 σφεων
461 620 548 667 τοῦ
583 614 743 681 μέσου
780 617 939 669 Λίσος
975 614 1196 680 ποταμὸς
1232 612 1462 681 διαρρέει,
1495 611 1551 667 ὃς
1586 613 1701 664 τότε
1741 611 1828 663 οὐκ

161 699 379 768 ἀντέσχε
407 700 464 752 τὸ
494 701 623 766 ὕδωρ
646 699 879 768 παρέχων
902 705 970 770 τῷ
996 698 1199 765 Ξέρξεω
1225 703 1421 768 στρατῷ
1455 697 1572 748 ἀλλ’
1603 695 1827 749 ἐπέλιπε.

159 785 188 849 ἡ
234 787 288 837 δὲ
332 785 470 853 χώρη
513 785 633 850 αὕτη
687 783 846 836 πάλαι
894 787 987 850 μὲν
1031 783 1268 836 ἐκαλέετο
1321 779 1596 846 Γαλλαϊκή,
1643 786 1730 833 νῦν
1773 783 1826 832 δὲ

162 869 440 935 Βριαντική·
488 869 600 921 ἔστι
629 868 800 934 μέντοι
834 873 901 938 τῷ
939 867 1232 938 δικαιοτάτῳ
1264 872 1362 919 τῶν
1393 868 1562 934 λόγων
1595 866 1674 918 καὶ
1704 866 1826 930 αὕτη

86 978 135 1006 ιο
160 954 402 1006 Κικόνων.
475 955 657 1019 διαβὰς
686 955 740 1006 δὲ
769 957 856 1004 τοῦ
881 953 1041 1005 Λίσου
1071 957 1294 1019 ποταμοῦ
1322 951 1380 1004 τὸ
1408 950 1612 1019 ῥέεθρον
1641 949 1820 1015 ἀπεξη-

159 1037 413 1104 ρασμένον
433 1038 611 1103 πόλιας
631 1037 934 1103 Ἑλληνίδας
953 1037 1109 1090 τάσδε
1128 1037 1484 1105 παραμείβετο,
1509 1036 1823 1102 Μαρώνειαν,

162 1123 388 1182 Δίκαιαν,
411 1122 663 1189 ’Άβδηρω
736 1123 916 1177 ταύτας
946 1144 1001 1175 τε
1033 1122 1092 1187 δὴ
1117 1120 1353 1190 παρεξήιε
1383 1121 1463 1172 καὶ
1495 1122 1618 1172 κατὰ
1648 1120 1827 1173 ταύτας

157 1208 338 1272 λίμνας
359 1209 643 1272 ὀνομαστὰς
661 1205 832 1266 τάσδε,
856 1207 1152 1274 Μαρωνείης
1174 1209 1267 1272 μὲν
1288 1204 1475 1272 μεταξὺ
1500 1205 1580 1257 καὶ
1604 1204 1828 1272 Στρύμης

161 1290 387 1357 κειμένην
433 1291 710 1359 Ἰσμαρίδα,
759 1293 883 1344 κατὰ
935 1293 990 1343 δὲ
1043 1293 1257 1343 Δίκαιαν
1312 1292 1596 1349 Βιστονίδα,
1644 1291 1694 1343 ἐς
1739 1289 1828 1354 τὴν

86 1398 132 1438 15
159 1376 371 1442 ποταμοὶ·
416 1376 501 1428 δύο
548 1377 731 1428 ἐσιεῖσι
774 1375 832 1427 τὸ
875 1378 1022 1443 ὕδωρ,
1067 1376 1268 1442 Τραῦός,
1306 1397 1359 1427 τε
1405 1375 1485 1426 καὶ
1533 1375 1826 1442 Κόμψατος.

162 1462 283 1512 κατὰ
327 1464 379 1513 δὲ
415 1459 650 1527 ’Ἄβδηρα
688 1461 869 1527 λίμνην
909 1463 1001 1526 μὲν
1042 1460 1274 1526 οὐδεμίαν
1317 1460 1501 1511 ἐοῦσαν
1542 1458 1828 1525 ὀνομαστὴν

159 1546 510 1612 παραμείψατο
535 1543 744 1611 Ξέρξης,
772 1545 994 1611 ποταμὸν
1025 1548 1078 1597 δὲ
1111 1545 1312 1597 Νέστον
1341 1543 1521 1611 ῥέοντα
1550 1546 1600 1597 ἐς
1632 1543 1825 1595 θάλασ-

161 1650 276 1682 σαν.
360 1631 486 1696 μετὰ
516 1632 570 1682 δὲ
602 1629 784 1684 ταύτας
819 1631 908 1683 τὰς
943 1629 1109 1699 χώρας
1142 1630 1356 1681 Θασίων
1386 1630 1473 1682 τὰς
1502 1628 1828 1695 ἠπειρώτιδας

159 1714 307 1768 πόλις
335 1712 529 1781 παρήιε,
561 1718 660 1766 τῶν
691 1715 745 1766 ἐν
774 1721 864 1787 μιῇ
896 1715 1048 1779 λίμνη
1088 1716 1240 1766 ἐοῦσα
1270 1712 1508 1782 τυγχάνει
1538 1712 1662 1765 ὡσεὶ
1691 1710 1825 1779 τριή-

1873 59 1984 106 VII.
2010 59 2099 106 108

1866 287 1892 319 2

1862 964 1962 1013 109

1867 1648 1891 1679 2

86 1820 136 1847 20
162 1819 310 1850 κοντα
349 1797 567 1850 σταδίων
602 1797 827 1864 μάλιστά
866 1820 923 1871 κῃ
959 1798 1050 1863 τὴν
1085 1800 1332 1867 περίοδον,
1377 1798 1621 1866 ἰχθυώδης
1656 1818 1711 1849 τε
1751 1797 1829 1848 καὶ

0 1877 119 1955 '⁴⁹:⁶5
162 1881 314 1949 κάρτα
344 1881 554 1951 ἁλμυρή·
614 1883 797 1949 ταύτην
826 1885 888 1935 τὰ
917 1883 1164 1951 ὑποζύγια
1187 1887 1346 1948 μοῦνα
1376 1883 1622 1948 ἀρδόμενα
1652 1876 2083 1946 &veggfidnwhd

158 1988 294 2033 ρηνε.
379 1974 441 2040 τῇ
475 1969 530 2020 δὲ
565 1968 687 2019 πόλι
725 1968 879 2040 ταύτῃ
915 1967 1104 2033 οὔνομά
1145 1970 1258 2020 ἐστι
1295 1968 1561 2034 Πίστυρος.
1650 1966 1830 2019 ταύτας
1958 1934 2084 2012 ὠή,

158 2054 252 2117 μὲν
281 2051 339 2116 δὴ
368 2054 456 2106 τὰς
485 2052 667 2106 πόλιας
694 2053 784 2106 τὰς
814 2053 1235 2120 παραθαλασσίας
1265 2074 1321 2104 τε
1346 2052 1425 2104 καὶ
1446 2051 1752 2116 Ἑλληνίδας
1776 2048 1835 2112 ἐξ

160 2132 411 2202 εὐωνύμου
445 2136 614 2205 χειρὸς
650 2135 882 2204 ἀπέργων
919 2135 1172 2204 παρεξήιε·
1241 2136 1389 2189 ἔθνεα
1417 2138 1471 2189 δὲ
1503 2137 1737 2203 Θρηίκων
1769 2134 1830 2186 δι’

86 2241 134 2282 25
159 2222 228 2272 ὧν
263 2224 351 2285 τῆς
386 2221 552 2289 χώρης
588 2220 705 2274 ὁδὸν
742 2220 964 2273 ἐποιέετο
1001 2221 1200 2281 τοσάδε,
1241 2225 1439 2281 Παῖτοι,
1482 2221 1702 2279 Κίκονες,
1744 2222 1826 2271 Βί-

218 2373 234 2398 1
281 2359 523 2413 Μεγαβύζου
560 2359 699 2400 RSV
919 2358 959 2398 2*
986 2358 1030 2401 δὲ
1061 2374 1144 2400 om.
1179 2360 1214 2399 C
1436 2373 1463 2410 3
1504 2365 1664 2414 πρῶτον
1695 2359 1830 2399 RSV

161 2429 184 2464 4
217 2415 388 2467 ἑσπέρης
419 2415 567 2454 Stein:
599 2413 765 2468 ἑσπέρηι
795 2413 964 2454 ABP:
999 2415 1149 2469 ἑσπέρη
1179 2415 1269 2454 rell.
1486 2417 1514 2454 6
1547 2417 1708 2468 διαιρέει
1738 2414 1828 2453 ΑΒ

160 2471 186 2508 8
218 2469 419 2519 Γαλδαΐκή
441 2469 531 2509 ΑΒ
550 2483 560 2508 :
589 2469 801 2518 Χαλδαική
823 2469 858 2508 C
1003 2482 1047 2508 11
1083 2470 1225 2512 πόλεις
1249 2469 1288 2508 R
1302 2469 1365 2509 V:
1394 2469 1513 2511 πόλις
1535 2470 1566 2510 S
1678 2487 1824 2521 παρημ.

160 2525 199 2564 Λ
214 2524 250 2564 Β
266 2525 299 2563 C
483 2537 530 2562 12
560 2524 730 2565 Δικαίαν
751 2524 839 2563 ΑΒ
855 2524 913 2562 C:
945 2523 1115 2566 Δικάιαν
1139 2523 1173 2563 Ρ
1198 2524 1262 2573 (it.
1289 2524 1355 2575 14)
1469 2523 1599 2565 ταῦτά
1620 2542 1668 2564 τε
1690 2523 1729 2562 Α
1746 2523 1829 2563 BC

167 2592 214 2629 13
244 2579 287 2620 δὲ
308 2579 452 2626 λίμνας
475 2579 509 2618 C
649 2578 855 2631 Στρύμνης
880 2579 914 2618 C
1098 2591 1146 2628 15
1179 2582 1323 2620 ἐσιεῖσι
1345 2580 1393 2620 τὸ
1417 2579 1826 2628 Schweighaeuser:

163 2637 292 2675 ἐσεῖσι
322 2635 371 2675 τὸ
401 2634 439 2673 Α
455 2634 489 2672 Β
506 2633 563 2674 C:
609 2634 788 2674 ἐσείσιτο
817 2634 854 2672 R
870 2633 900 2673 S
914 2633 952 2673 V
970 2647 980 2673 ι
1016 2634 1162 2674 εἷσεῖσι
1183 2635 1234 2675 τὸ
1259 2634 1292 2672 Ρ
1457 2636 1560 2686 ὕδωρ
1581 2646 1663 2673 om.
1694 2633 1732 2672 R
1749 2633 1830 2673 SV

393 2743 706 2793 ὴ
964 2688 1290 2784 fflQ
1460 2689 1671 2782 ww
1692 2688 1831 2782 {gx

243 2761 313 2785 ουν
367 2762 392 2784 α
422 2761 446 2784 τ
1009 2761 1025 2784 ε
1057 2761 1130 2784 τον
1539 2760 1669 2785 ταυτα

162 2798 321 2840 Θασίων
336 2762 468 2838 ἒῐείη
487 2813 496 2836 :
525 2800 595 2839 ἰὼν
618 2798 652 2836 L
785 2810 836 2849 19
864 2797 1004 2839 πόλεις
1026 2798 1117 2838 RV
1228 2798 1427 2850 τυγχάνει
1451 2801 1573 2839 ἐοῦσα
1594 2799 1671 2846 ὅση
1696 2797 1734 2836 R
1750 2798 1832 2837 SV

161 2865 211 2892 21
244 2853 457 2906 ἀνεξήρανε
481 2851 521 2890 R
541 2867 551 2892 z
580 2869 707 2906 -ραινε
731 2852 763 2893 S
984 2865 1036 2890 22
1065 2851 1182 2893 πόλει
1207 2853 1240 2891 C
1257 2853 1348 2892 RV
1472 2852 1671 2906 Πύστιρος
1691 2852 1730 2890 Α
1746 2851 1833 2891 BV

161 2919 215 2956 23
243 2909 316 2949 τὰς
336 2907 482 2949 πόλιας
503 2919 586 2946 om.
611 2906 705 2947 P‘S
870 2917 924 2958 25
955 2907 1048 2948 ὁδὸν
1070 2919 1151 2948 om.
1173 2906 1212 2946 R
1229 2906 1311 2948 SV
1423 2908 1601 2959 Κίκονες,
1622 2906 1827 2956 Βίστονες,

161 2965 327 3004 Σαπαῖοι
350 2975 429 3001 om.
459 2963 497 3001 R
513 2962 542 3001 S
555 2962 594 3000 V
1199 2963 1204 2967 ’

1869 2153 1951 2187 110
