2132 3340
246 1130 307 1179 61

964 67 1392 116 ΗΡΟΔΟΤΟΎ

342 197 483 263 ἡμεῖς
533 220 587 250 τε
644 199 691 249 οἱ
743 197 1125 262 Λακεδαιμόνιοι
1185 198 1262 249 καὶ
1319 199 1456 262 ὑμεῖς
1513 199 1561 250 οἳ
1610 197 1866 263 Ἀθηναῖοι
1914 198 2009 252 ὑπὸ

342 282 433 346 τὴν
462 280 849 350 παροιχομένην,
871 281 1022 334 νύκτα
1058 280 1378 348 διαδράντων.
1467 287 1555 334 νῦν
1590 281 1659 334 ὧν
1695 282 1918 335 δέδοκται
1953 283 2012 335 τὸ

305 402 322 410 ,
346 368 571 418 ἐνθεῦτεν
610 365 668 417 τὸ
712 365 944 430 ποιητέον
980 366 1112 432 ἡμῖν,
1158 365 1491 435 ἀμυνομένους
1530 368 1626 434 γὰρ
1664 368 1724 439 τῇ
1763 366 2012 434 δυνάμεθα

344 450 524 517 ἄριστα
547 449 898 518 περιστέλλειν
921 449 1191 515 ἀλλήλους.
1261 453 1306 503 εἷ
1334 450 1427 517 μέν
1448 472 1536 503 νυν
1560 452 1610 504 ἐς
1638 450 1790 517 ὑμέας
1820 452 2011 518 ὅρμησε

344 534 505 602 ἀρχὴν
533 535 563 599 ἡ
595 536 761 593 ἵππος,
793 537 919 604 χρῆν
957 535 1014 599 δὴ
1043 534 1198 600 ἡμέας
1233 557 1288 588 τε
1325 537 1404 587 καὶ
1440 535 1554 590 τοὺς
1589 534 1695 601 μετ’
1723 534 1888 601 ἡμέων
1921 535 2012 601 τὴν

343 617 569 671 Ἑλλάδα
597 619 654 671 οὗ
685 620 1005 686 προδιδόντας
1027 618 1281 687 Τεγεήτας
1310 619 1544 686 βοηθέειν
1572 621 1704 686 ὑμῖν·
1749 624 1835 672 νῦν
1865 618 1935 679 δέ,
1961 622 2012 675 ἐς

344 702 498 768 ἡμέας
537 706 633 771 γὰρ
673 702 847 756 ἅπασα
891 704 1157 772 κεχώρηκε,
1200 706 1385 756 δίκαιοί
1419 706 1538 757 ἐστε
1575 705 1712 769 ὑμεῖς
1756 702 1878 770 πρὸς
1921 704 2011 769 τὴν

347 787 641 854 πιεζομένην
679 788 903 853 μάλιστα
938 793 1037 840 τῶν
1076 787 1288 855 μοιρέων
1325 787 1617 853 ἀμυνέοντες
1659 787 1799 841 ἰέναι.
1891 790 1934 841 εἶ
1969 787 2012 841 δ’

345 871 441 939 ἄρα
470 871 645 926 αὐτοὺς
666 872 818 938 ὑμέας
849 872 1230 939 καταλελάβηκε
1261 873 1500 926 ἀδύνατόν
1522 895 1572 925 τι
1600 871 1851 939 βοηθέειν,
1876 873 2013 947 ὑμεῖς

345 956 388 1008 δ’
422 957 540 1022 ἡμῖν
575 957 690 1011 τοὺς
727 955 931 1022 τοξότας
970 956 1362 1024 ἀποπέμψαντες
1402 956 1549 1026 χάριν
1590 956 1757 1009 θέσθε.
1846 958 2011 1010 συνοί-

344 1045 498 1107 δαμεν
548 1044 602 1094 δὲ
652 1043 765 1107 ὑμῖν
815 1041 912 1093 ὑπὸ
971 1041 1056 1093 τὸν
1108 1042 1358 1109 παρεόντα
1409 1043 1552 1094 τόνδε
1601 1042 1825 1108 πόλεμον
1875 1043 2015 1093 ἐοῦσι

345 1125 540 1178 πολλὸν
570 1125 1005 1193 προθυμοτάτοισι,
1036 1127 1169 1179 ὥστε
1201 1128 1279 1178 καὶ
1310 1130 1463 1178 ταῦτα
1499 1121 1774 1179 ἐσακούειν.
1861 1130 2014 1178 ταῦτα

345 1213 392 1262 οἱ
415 1210 672 1275 Ἀθηναῖοι
702 1211 767 1264 ὡς
797 1211 1052 1270 ἐπύθοντο,
1085 1209 1296 1277 ὁρμέατο
1327 1210 1562 1277 βοηθέειν
1594 1211 1673 1263 καὶ
1701 1212 1763 1263 τὰ
1791 1209 2015 1276 μάλιστα

347 1295 631 1360 ἐπαμύνειν·
669 1296 754 1347 καί
767 1302 864 1362 σφι
883 1294 974 1361 ἤδη
995 1297 1230 1363 στίχουσι
1250 1295 1549 1347 ἐπιτίθενται
1569 1297 1614 1347 οἱ
1636 1294 2015 1364 ἀντιταχθέντες

345 1377 609 1443 Ἑλλήνων
646 1385 746 1431 τῶν
780 1382 904 1445 μετὰ
939 1378 1187 1445 βασιλέος
1221 1379 1520 1447 γενομένων,
1561 1380 1693 1437 ὥστε
1729 1380 1808 1432 καὶ
1842 1378 2016 1445 μηκέτι

348 1463 591 1516 δύνασθαι
632 1467 904 1530 βοηθῆσαι·
963 1463 1020 1515 τὸ
1063 1466 1159 1531 γὰρ
1203 1465 1566 1530 προσκείμενόν
1611 1469 1774 1530 σφεας
1819 1463 2012 1516 ἐλύπεε.

349 1549 476 1599 οὕτω
520 1547 579 1612 δὴ
624 1547 958 1613 μουνωθέντες
1001 1548 1381 1613 Λακεδαιμόνιοι
1427 1548 1504 1599 καὶ
1542 1550 1802 1615 Τεγεῆται,
1851 1548 2016 1601 ἐόντες

350 1633 445 1684 σὺν
487 1636 692 1699 ψιλοῖσι
736 1632 943 1699 ἀριθμὸν
987 1634 1033 1684 οἱ
1075 1635 1167 1698 μὲν
1209 1632 1630 1699 πεντακισμύριοι,
1672 1634 1917 1699 Τεγεῆται
1960 1633 2015 1683 δὲ

348 1717 624 1785 τρισχίλιοι
668 1715 822 1783 (οὗτοι
867 1718 963 1790 γὰρ
1010 1716 1197 1782 οὐδαμᾶ
1246 1717 1577 1784 ἀπεσχίζοντο
1626 1715 1723 1768 ἀπὸ
1773 1719 2012 1768 Λακεδαι-

347 1798 566 1866 μονίων),
605 1799 974 1869 ἐσφαγιάζοντο
1011 1801 1075 1855 ὦς
1115 1799 1493 1867 συμβαλέοντες
1534 1801 1798 1870 Μαρδονίῳ
1841 1800 1919 1851 καὶ
1955 1807 2016 1873 τῇ

351 1892 559 1958 στρατιῇ
588 1887 647 1957 τῇ
666 1886 948 1957 Ἣταρεούσῃ.
1038 1886 1115 1937 καὶ
1152 1885 1207 1936 οὗ
1237 1884 1334 1952 γάρ
1365 1891 1463 1950 σφι
1499 1886 1689 1952 ἐγίνετο
1719 1885 1780 1935 τὰ
1818 1882 2017 1951 σφάγια

349 1969 563 2038 χρηστά,
595 1970 802 2022 ἔπιπτον
839 1972 891 2021 δὲ
927 1969 1088 2021 αὐτῶν
1124 1971 1178 2021 ἐν
1211 1969 1367 2039 τούτῳ
1405 1974 1472 2038 τῷ
1514 1969 1677 2038 χρόνῳ
1717 1969 1900 2021 πολλοὶ
1938 1969 2015 2020 καὶ

349 2058 526 2124 πολλῷ
561 2059 771 2108 πλεῦνες
804 2055 1206 2120 ἐτρωματίζοντο·
1253 2052 1532 2121 φράξαντες
1563 2055 1659 2120 γὰρ
1687 2055 1748 2104 τὰ
1783 2051 1934 2120 γέρρα
1969 2054 2015 2104 οἳ

2035 559 2058 600 5

2043 978 2091 1007 10

2042 1403 2090 1445 ¹5

2043 1821 2092 1850 20

275 2165 278 2168 ⁴
350 2137 550 2204 Πέρσαι
600 2139 816 2191 ἀπίεσαν
862 2143 960 2190 τῶν
1003 2135 1316 2203 τοξευμάτων
1368 2138 1536 2190 πολλὰ
1586 2137 1843 2205 ἀφειδέως,
1890 2137 2049 2188 οὕτωι

245 2478 314 2526 62

351 2222 485 2275 ὥστε
530 2221 831 2288 πιεζομένων
873 2227 972 2274 τῶν
1017 2220 1366 2290 Σπαρτιητέων
1412 2222 1489 2273 καὶ
1538 2226 1636 2273 τῶν
1682 2221 1915 2288 σφαγίων
1959 2220 2016 2272 οὗ

350 2305 624 2374 γινομένων
668 2306 1041 2374 ἀποβλέψαντα
1082 2306 1170 2359 τὸν
1213 2308 1508 2370 Παυσανίην
1549 2304 1671 2373 πρὸς
1711 2304 1767 2356 τὸ
1797 2303 2016 2370 Ἠραιον

351 2390 408 2442 τὸ
440 2389 738 2443 Πλαταιέων
769 2390 1167 2443 ἐπικαλέσασθαι
1198 2390 1287 2454 τὴν
1319 2391 1448 2450 θεόν,
1484 2390 1750 2458 χρηίζοντα
1783 2391 2016 2454 μηδαμῶς

353 2472 519 2542 σφέας
557 2478 842 2542 ψευσθῆναι
879 2478 967 2539 τῆς
1007 2476 1223 2528 ἐλπίδος.
1311 2479 1462 2526 ταῦτα
1501 2473 1542 2525 δ’
1583 2473 1655 2525 ἔτι
1693 2473 1867 2524 τούτου
1908 2473 2013 2523 ἐπι-

354 2558 657 2624 καλεομένου
689 2558 1149 2626 προεξαναστάντες
1179 2559 1407 2624 πρότεροι
1445 2560 1491 2610 οἱ
1520 2559 1764 2624 Τεγεῆται
1800 2555 2016 2623 ἐχώρεον

515 2638 541 2660 3

408 2709 433 2735 2
465 2695 767 2750 παροιχημένην
798 2696 891 2735 RV
1083 2696 1265 2737 δέδεκται
1296 2695 1431 2735 Cobet
1639 2707 1666 2744 3
1704 2696 1753 2735 τὸ
1774 2707 1856 2733 om.
1879 2693 2016 2733 RSV

354 2755 443 2804 ὑμῖν
483 2751 694 2801 ABCPQ
938 2765 962 2801 4
1006 2753 1165 2803 ὥρμησε
1206 2750 1383 2789 CPSV
1647 2762 1669 2799 7
1722 2752 1834 2789 πᾶσα
1879 2747 2016 2788 RS'V

358 2820 408 2846 10
437 2805 572 2846 θέσθαι
595 2805 645 2844 C¹
665 2806 702 2844 R
717 2806 755 2844 V
913 2806 1102 2854 σύνιδμεν
1123 2805 1288 2843 Mehler
1504 2816 1551 2853 13
1582 2803 1760 2855 ὦρμέατο
1783 2802 1816 2840 C
1831 2801 1915 2841 PR
1932 2801 2014 2841 SV

355 2864 518 2909 βοηθεῖν
540 2860 574 2899 C
702 2873 749 2910 14
781 2861 994 2911 στείχουσι
1018 2860 1148 2899 PSV
1263 2871 1311 2908 15
1342 2861 1404 2900 καὶ
1428 2872 1509 2898 om.
1533 2857 1622 2897 AB
1639 2857 1673 2896 C
1689 2858 1722 2896 P
1842 2858 1892 2895 16
1920 2873 1972 2909 πρ
1974 2874 2012 2896 ο-

354 2916 537 2965 κείμενον
561 2915 600 2952 R
714 2928 766 2953 22
796 2916 830 2956 δ’
851 2915 891 2953 Α
906 2915 939 2953 Β
961 2929 970 2954 :
1000 2915 1050 2955 δι’
1071 2916 1104 2952 C
1126 2927 1136 2952 :
1165 2931 1212 2954 τε
1234 2913 1438 2952 Schaefer
1561 2925 1612 2962 23
1641 2913 1741 2964 γέρα
1760 2911 1810 2949 Α“
1829 2911 1862 2949 C
1878 2910 1915 2948 R
1931 2910 1961 2949 S
1975 2910 2014 2949 V

353 2971 407 3008 26
436 2971 596 3022 Ἡραῖον
618 2969 657 3007 R
674 2969 703 3008 S
717 2969 755 3007 V
921 2982 973 3020 29
1002 2968 1194 3021 πρότερον
1217 2968 1256 3006 R
1271 2967 1300 3005 S
1315 2967 1352 3006 V

2042 2241 2090 2282 25
