2132 3340
722 110 1093 158 ΙΣΤΟΡΙΩΝ
1173 111 1221 158 Θ
1848 111 1984 159 VIII.
2007 112 2080 161 66

133 242 213 295 καὶ
245 243 298 295 ἐν
329 239 527 314 ἑτέρῃσι
558 242 691 309 τρισὶ
722 240 936 314 ἡμέρῃσι
966 240 1198 310 ἐγένοντο
1229 243 1283 294 ἐν
1314 240 1550 311 Φαλήρῳ.
1617 241 1684 295 ὣς
1713 244 1806 307 μὲν

132 327 242 393 ἐμοὶ
273 325 479 385 δοκέειν,
506 326 592 378 οὐκ
618 326 897 381 ἐλάσσονες
921 328 1091 381 ἐόντες.
1117 326 1326 394 ἀριθμὸν
1348 326 1606 392 ἐσέβαλον
1637 329 1688 380 ἐς
1718 328 1804 380 τὰς

132 410 348 476 Ἀθήνας
373 410 513 493 βατά
558 432 612 464 τε
655 411 858 478 ἤπειρον
906 413 985 465 καὶ
1027 420 1148 485 τῇσι
1192 413 1340 477 νηυσὶ
1384 408 1726 479 [ἀπικόμενοι],
1772 407 1802 476 ἢ

133 498 219 549 ἐπί
237 518 291 549 τε
314 494 543 571 Σηπιάδα
565 496 988 570 ἀπίκοντο-καὶπές
1012 497 1365 564 Θερμοπύλας.
1433 495 1684 562 ἀντιθήσω
1710 499 1804 564 γὰρ
1841 515 1868 548 2

86 602 107 643 5
131 571 348 657 ‘RQ-{3}
371 580 472 663 ῷπό
502 568 861 649 r‘dffikiffcss‘faeos
891 576 1053 635 αὐτῶν
1077 581 1446 657 ’ἀπολρμζωι
1479 583 1557 634 καὶ
1586 587 1722 634 τοῖσι
1751 584 1804 634 ἐν

134 664 498 738 Θερμοπύλῃσι
537 666 619 718 καὶ
657 674 775 740 τῇσι
815 667 892 720 ἐπ’
934 666 1235 737 Ἀρτεμισίῳ
1276 668 1584 739 ναυμαχίῃσι
1623 667 1806 739 τούσδε

131 749 244 804 τοὺς
267 750 380 803 τότε
402 750 528 801 οὔκω
561 750 830 817 ἑπομένους
860 751 1087 818 βασιλέϊ,
1115 751 1346 817 Μηλιέας
1370 751 1449 803 καὶ
1477 750 1701 819 Δωριέας
1725 752 1806 804 καὶ

132 833 353 903 Λοκροὺς
377 835 455 886 καὶ
482 835 724 890 Βοιωτοὺς
747 844 1059 910 πανστρατιῇ
1083 835 1355 902 ἑπομένους
1377 835 1511 901 πλὴν
1537 835 1808 889 Θεσπιέων

134 920 215 972 καὶ
251 917 564 979 Πλαταιέων,
599 920 850 990 κα-ὶ-μάλα
884 923 1193 988 Καρυστίους
1229 943 1285 974 τε
1324 921 1401 973 καὶ
1432 921 1688 988 Ἀνδρίους
1726 921 1928 978 aalma(
1951 928 2132 982 μυκαὶ.

63 1027 110 1056 ιο
131 1005 342 1069 Τηνίους
382 1025 437 1056 τε
478 1004 556 1058 καὶ
595 1005 707 1059 τοὺς
746 1006 954 1059 λοιποὺς
999 1006 1247 1071 νησιώτας
1289 1006 1494 1065 πάντας,
1538 1005 1673 1071 πλὴν
1707 1011 1806 1058 τῶν

133 1087 284 1141 πέντε
311 1089 503 1141 πολίων
526 1094 625 1142 τῶν
656 1089 977 1160 ἐπεμνήσθην
1003 1091 1244 1158 πρότερον
1273 1093 1335 1143 τὰ
1366 1091 1629 1157 οὐνόματα.
1646 1072 1869 1167 *go-W

133 1175 228 1240 γὰρ
252 1172 309 1237 δὴ
334 1172 604 1240 προέβαινε
635 1149 981 1246 ε’-ιρτῗῗῶιτῖῆς
1004 1174 1254 1230 Ἑλλάδος
1283 1177 1310 1227 ὁ
1335 1149 1850 1246 Πέρσηέζῗοσίἷῆἷῇ

133 1257 271 1310 πλέω
313 1256 460 1309 ἔθνεά
498 1260 544 1310 οἱ
591 1260 774 1311 εἵπετο.
862 1240 980 1311 ἐἾτε>ι
1015 1257 1083 1312 ὧν
1122 1260 1333 1311 ἀπίκατο
1373 1262 1424 1313 ἐς
1463 1262 1551 1315 τὰς
1590 1259 1806 1326 Ἀθήνας
1843 1269 1911 1329 67

135 1340 314 1397 πάντες
361 1341 494 1394 οὗτοι
541 1342 676 1407 πλὴν
720 1344 924 1410 Παρίων
967 1342 1169 1411 (Πάριοι
1214 1347 1266 1396 δὲ
1309 1343 1702 1412 ὑπολειφθέντες
1750 1347 1804 1397 ἐν
1952 1346 2007 1412 -s

62 1447 110 1490 15
136 1427 312 1497 Κύθνῳ
346 1427 697 1495 ἐκαραδόκεον,
730 1428 820 1480 τὸν
867 1428 1090 1493 πόλεμον
1138 1430 1197 1501 κῇ
1248 1427 1602 1495 ἀποβήσεται),
1651 1432 1698 1482 οἳ
1752 1431 1805 1482 δὲ
1929 1436 1996 1468 ’Ἣ
2015 1418 2123 1466 ‘7²7‘

132 1511 302 1564 λοιποὶ
337 1510 404 1566 ὦς
438 1496 699 1595 ἀπίκοντο(
711 1514 762 1567 ἐς
798 1512 854 1565 τὸ
890 1512 1143 1580 Φάληρον,
1170 1514 1396 1606 ἕνθαῦτα
1432 1513 1620 1580 κατέβη
1647 1493 1806 1594 ᾗῦτὸς

136 1584 434 1734 ΞέρξηςἙπὶ
456 1597 544 1651 τὰς
574 1596 703 1657 νέας,
732 1597 920 1650 ἐθέλων
943 1605 1041 1666 σφι
1074 1597 1344 1671 συμμεῖξαί
1362 1620 1417 1651 τε
1450 1600 1527 1651 καὶ
1559 1598 1806 1652 πυθέσθαι

115 1673 232 1752 (τῶν
256 1683 319 1734 ἐπ
376 1681 708 1769 λεόντωψτᾶς
730 1683 946 1751 γνώμας.
1015 1682 1124 1736 ἐπεὶ
1155 1686 1208 1735 δὲ
1237 1684 1533 1750 ἀπικόμενος
1556 1683 1802 1751 προΐζετο,
1842 1710 1870 1744 2

133 1769 368 1834 παρῆσαν
395 1764 736 1836 μετάπεμπτοι
765 1770 812 1820 οἱ
825 1762 939 1820 Ὗτῶν
963 1766 1147 1821 ἐθνέων
1170 1773 1268 1821 τῶν
1292 1767 1554 1836 σφετέρων
1576 1770 1805 1836 τύραννοι

60 1871 111 1901 20
136 1849 214 1902 καὶ
248 1848 366 1916 ‘rag'
394 1872 509 1919 ρχοι
546 1851 645 1904 ἀπὸ
680 1857 779 1905 τῶν
818 1857 960 1913 νεῶν,
1001 1853 1079 1905 καὶ
1118 1853 1281 1917 ἵζοντο
1316 1854 1382 1907 ὥς
1418 1860 1518 1921 σφι
1558 1854 1806 1919 βασιλεὺς

136 1933 329 2005 ἑκάστῳ
365 1934 512 2001 τιμὴν
542 1937 789 1998 ἐδεδώκεε,
822 1942 1016 2004 πρῶτος
1051 1940 1145 2004 μὲν
1180 1939 1207 1989 ὁ
1236 1939 1473 1992 Σιδώνιος
1503 1934 1802 2005 [βασιλεύς],

132 2021 256 2086 μετὰ
280 2022 333 2072 δὲ
357 2020 383 2071 ὁ
405 2020 600 2087 Τύριος,
627 2022 707 2075 ἐπὶ
731 2024 785 2075 δὲ
808 2024 982 2075 ὧλλοι.
1056 2022 1122 2077 ὦς
1145 2025 1198 2076 δὲ
1224 2023 1392 2093 κόσμῳ
1419 2022 1597 2089 ἐπεξῆς
1621 2024 1802 2087 ἵζοντο,

133 2103 340 2172 πέμψας
380 2104 573 2171 Ξέρξης
611 2107 896 2175 Μαρδόνιον
934 2108 1110 2175 εἰρώτα
1149 2103 1555 2245 ἀπΪπειρώμενος
1590 2107 1806 2160 ἑκάστου

134 2190 177 2241 εἰ
201 2191 478 2258 ναυμαχίην
502 2190 737 2243 ποιέοιτο.
807 2193 914 2244 ἐπεὶ
944 2196 998 2245 δὲ
1028 2193 1199 2260 περιιὼ
1255 2193 1430 2260 εἰρώτα
1459 2194 1486 2244 ὁ
1519 2194 1805 2260 Μαρδόνιος
1842 2197 1915 2248 68

60 2292 108 2334 25
133 2265 526 2349 dpgdffiaeevosspmb
545 2280 631 2327 τοῦ
650 2270 973 2361 Σιδωνίου,>οἱ
995 2280 1088 2343 μὲν
1106 2276 1257 2328 ἄλλοι
1282 2279 1404 2329 κατὰ
1427 2277 1584 2329 τώυτὸ
1603 2278 1806 2345 γνώμην

135 2356 448 2426 ἐξεφέροντο,
485 2360 771 2448 κελεύοντες
807 2363 1085 2429 ναυμαχίην
1114 2361 1394 2421 ποιέεσθαι,
1426 2360 1718 2429 Ἀρτεμισίη
1752 2364 1826 2432 δὲο
2008 2401 2132 2459 W

132 2441 249 2495 τάδε
278 2443 393 2510 ἔφη·
442 2419 656 2522 EID-ehu(
685 2444 876 2519 οὶγτρὸς
903 2444 1147 2512 βασιλέα,
1174 2446 1447 2513 Μαρδόνιε,
1474 2447 1539 2501 ὡς
1562 2447 1662 2514 ἐγὼ
1686 2445 1805 2499 τάδε
1822 2414 1986 2500 ἓν*

188 2596 214 2623 2
242 2582 370 2625 δοκέει
397 2583 427 2622 S
540 2539 774 2632 ἐσέβαλλάν
797 2584 831 2623 C
961 2597 987 2635 3
1018 2584 1249 2636 ἀπικόμενοι
1273 2598 1357 2624 om.
1384 2585 1419 2623 R
1438 2585 1521 2624 SV
1658 2600 1685 2637 4
1715 2585 1806 2627 ἐπεί

134 2638 168 2678 C
190 2639 226 2676 V
381 2640 407 2678 8
437 2639 646 2680 Βοιωτίους
666 2639 704 2678 V
726 2639 765 2677 R
790 2638 892 2692 (Bw)
1053 2653 1081 2689 9
1110 2657 1157 2680 τε
1179 2641 1242 2681 καὶ
1267 2647 1344 2680 Πλ.
1372 2640 1406 2678 Ρ
1567 2653 1616 2680 10
1645 2658 1693 2682 τε
1713 2654 1798 2693 om.

132 2694 172 2732 A
193 2693 228 2731 B
250 2693 285 2732 C
479 2706 522 2733 11
570 2694 878 2744 ἐπεμνήσθημεν
915 2693 954 2732 Α
977 2694 1012 2733 Β
1035 2694 1069 2733 C
1241 2707 1290 2733 12
1335 2694 1606 2748 προσέβαινεν
1648 2696 1686 2734 R
1713 2695 1804 2734 SV

137 2760 185 2797 13
216 2749 375 2790 εἵποντο
400 2747 442 2788 Ρ
545 2749 711 2789 ἀπίκετο
735 2747 852 2787 RV:
883 2748 1075 2791 ἀπικέατο
1098 2749 1131 2787 Ρ
1262 2761 1309 2799 15
1340 2748 1364 2798 ἧ
1389 2750 1425 2788 R
1444 2750 1525 2788 SV
1652 2752 1701 2788 16
1729 2750 1799 2802 τὸ]

133 2812 197 2844 λοι
220 2802 260 2841 R
386 2816 432 2854 17
464 2805 560 2852 νῆας
584 2803 622 2842 R
639 2803 721 2843 SV
834 2803 963 2845 θέλων
987 2805 1023 2843 R
1041 2804 1121 2843 SV
1234 2805 1424 2857 συμμιξαί
1445 2805 1479 2843 L
1596 2806 1643 2843 18
1673 2814 1801 2846 ·πλω·

134 2856 174 2896 R
189 2853 220 2896 S
234 2856 272 2896 V
435 2871 490 2898 20
519 2857 733 2912 ταξιάρχαι
757 2859 795 2898 R
930 2863 1034 2908 νηῶν
1057 2859 1096 2898 R
1113 2859 1143 2898 S
1155 2859 1196 2898 V
1363 2872 1411 2898 21
1448 2858 1615 2901 ἐδέδωκε
1642 2860 1679 2899 R
1695 2860 1733 2898 V
1748 2859 1798 2913 (³)

134 2911 327 2955 Βασιλεύς
347 2912 431 2954 del.
455 2913 590 2952 Cobet
768 2926 818 2963 24
851 2917 1028 2955 ποιοῖντο
1051 2913 1089 2952 Λ
1103 2914 1138 2952 Β
1156 2913 1189 2952 C
1371 2926 1423 2964 25
1453 2916 1490 2955 οἵ
1508 2913 1582 2966 μὲν
1602 2917 1649 2965 δὴ
1672 2917 1800 2956 ὤλλοι

136 2966 175 3006 R
191 2967 271 3008 SV
437 2969 491 3008 26
520 2967 762 3023 ἐπεφέροντο
785 2969 824 3007 Α
842 2968 875 3006 Β
895 2969 969 3022 [C]
1139 2981 1190 3020 27
1222 2987 1286 3021 μοι
1309 2981 1391 3010 om.
1420 2969 1456 3007 R
1474 2969 1504 3008 S
1518 2969 1554 3008 V

1618 3070 1635 3094 {t

531 3101 757 3174 Κοεροιέο
775 3102 928 3198 1ξὲωὲ
972 3128 1159 3183 mod-2&
1173 3142 1372 3218 vagu-{⁴3
1562 3071 1611 3110 19

646 3192 1033 3264 με’·ΐοιῇῖῐεμῆος
1058 3212 1270 3264 ,ονιψκθ
1308 3207 1333 3261 q
