2132 3340
675 131 1053 179 ΙΣΤΟΡΙΩΝ
1115 133 1164 180 Θ
1800 134 1939 183 VIII.
1968 145 2057 194 142

91 264 460 330 οἰκοφθόρησθε
501 263 684 330 χρόνον
724 262 815 328 ἤδη
858 263 1068 316 πολλόν.
1160 263 1269 315 ἀντὶ
1314 263 1501 315 τούτων
1546 265 1599 314 δὲ
1643 265 1758 327 ὑμῖν
1799 280 1826 322 4

90 348 476 414 Λακεδαιμόνιοί
501 369 553 400 τε
587 348 665 399 καὶ
702 349 748 400 οἱ
786 348 1042 416 σύμμαχοι
1084 347 1488 415 ἐπαγγέλλονται
1522 346 1758 415 γυναῖκάς

89 455 144 487 τε
190 432 268 484 καὶ
311 433 373 484 τὰ
418 433 468 486 ἐς
512 433 733 498 πόλεμον
781 431 1013 500 ἄχρηστα
1057 431 1288 485 οἰκετέων
1335 434 1551 501 ἐχόμενα
1597 431 1758 484 πάντα

91 515 398 585 ἐπιθρέψειν,
433 515 537 569 ἔστ’
568 516 629 569 ἂν
660 518 686 567 ὁ
716 518 934 582 πόλεμος
965 518 1047 569 ὅδε
1080 516 1379 590 συνεστήκῃ.
1452 520 1576 583 μηδὲ
1605 515 1757 582 ὑμέας

43 624 64 664 5
91 600 420 668 Ἀλέξανδρος
458 602 484 651 ὁ
522 603 766 654 Μακεδὼν
803 602 1087 674 ἀναγνώσῃ,
1121 600 1304 666 λεήνας
1344 601 1432 654 τὸν
1470 603 1757 668 Μαρδονίου

88 687 261 755 λόγον.
335 687 491 756 τούτῳ
521 689 613 752 μὲν
649 689 742 754 γὰρ
778 692 931 738 ταῦτα
967 685 1172 752 ποιητέα
1213 688 1340 739 ἐστί·
1386 686 1623 754 τύραννος
1663 688 1757 754 γὰρ
1800 708 1821 753 5

90 772 185 823 ἐὼν
224 770 443 841 τυράννῳ
486 770 953 838 συγκατεργάζεται·
1012 773 1127 836 ὑμῖν
1168 770 1223 823 δέ
1261 794 1321 839 γε
1359 772 1415 823 οὐ
1457 769 1680 836 ποιητέα,
1715 772 1761 823 εἵ

89 878 182 923 περ
213 856 265 908 εὖ
295 855 568 924 τυγχάνετε
599 855 911 923 φρονέοντες,
940 855 1319 922 ἐπισταμένοισι
1350 855 1415 909 ὡς
1444 854 1763 923 βαρβάροισί

91 942 202 993 ἐστι
252 941 364 993 οὔτε
415 940 595 993 πιστὸν
626 941 738 993 οὔτε
790 942 974 1005 ἀληθὲς
1025 940 1181 993 οὐδέν.
1271 945 1424 993 ταῦτα
1480 939 1661 1006 ἔλεξαν
1712 943 1758 992 οἱ

18 1046 66 1075 10
91 1025 314 1093 ἄγγελοι.
390 1025 647 1090 Ἀθηναῖοι
687 1028 739 1078 δὲ
779 1025 900 1092 πρὸς
939 1028 1031 1091 μὲν
1062 1024 1395 1093 Ἀλέξανδρον
1434 1026 1759 1092 ὑπεκρίναντο
1799 1039 1890 1086 143

89 1109 222 1163 τάδε·
311 1111 408 1162 Καὶ
449 1109 585 1162 αὐτοὶ
629 1111 775 1163 τοῦτό
818 1132 877 1177 γε
916 1109 1228 1176 ἐπιστάμεθα
1269 1111 1346 1162 ὅτι
1391 1111 1758 1175 πολλαπλησίη

90 1195 202 1247 ἐστὶ
242 1200 308 1264 τῷ
351 1193 508 1265 Μήδῳ
550 1195 752 1260 δύναμις
782 1190 812 1259 ἢ
843 1217 935 1263 περ
973 1195 1108 1260 ἡμῖν,
1148 1195 1282 1248 ὥστε
1322 1194 1464 1247 οὐδὲν
1502 1199 1581 1247 δεῖ
1614 1195 1761 1247 τοῦτό

89 1301 148 1347 γε
179 1280 449 1343 ὀνειδίζειν.
523 1279 638 1332 ἀλλ’
663 1280 794 1345 ὅμως
817 1281 1100 1347 ἐλευθερίης
1123 1280 1420 1348 γλιχόμενοι
1450 1280 1760 1346 ἀμυνεύμεθα

91 1365 245 1418 οὕτως
275 1365 400 1418 ὅκως
430 1363 490 1416 ἂν
523 1365 602 1416 καὶ
633 1365 904 1430 δυνώμεθα.
979 1365 1292 1433 ὁμολογῆσαι
1323 1368 1377 1418 δὲ
1407 1370 1474 1435 τῷ
1509 1364 1758 1434 βαρβάρῳ

19 1469 66 1511 ¹5
89 1447 213 1515 μήτε
238 1448 302 1501 σὺ
331 1447 484 1514 ἡμέας
514 1454 664 1516 πειρῶ
690 1450 978 1502 ἀναπείθειν
1001 1449 1114 1502 οὔτε
1134 1450 1276 1515 ἡμεῖς
1307 1450 1599 1515 πεισόμεθα.
1674 1455 1761 1502 νῦν
1802 1470 1828 1501 2

91 1555 146 1586 τε
186 1532 479 1602 ἀπάγγελλε
521 1534 787 1604 Μαρδονίῳ
830 1534 895 1588 ὡς
935 1534 1192 1598 Ἀθηναῖοι
1229 1534 1456 1602 λέγουσι,
1501 1533 1607 1586 ἔστ’
1642 1532 1705 1586 ἂν
1735 1536 1762 1585 ὁ

89 1618 232 1683 ἥλιος
272 1617 361 1683 τὴν
402 1617 553 1683 αὐτὴν
593 1618 707 1671 ὁδὸν
747 1620 797 1690 ἵῃ
831 1626 899 1692 ,τῇ
938 1641 1030 1686 περ
1072 1618 1152 1670 καὶ
1197 1624 1283 1671 νῦν
1323 1619 1538 1688 ἔρχεται,
1580 1617 1763 1685 μήκοτε

91 1701 428 1770 ὁμολογήσειν
477 1702 632 1769 ἡμέας
685 1701 868 1775 Ξέρξῃ·
937 1705 1071 1756 ἀλλὰ
1124 1706 1290 1756 θεοῖσί
1337 1726 1392 1757 τε
1444 1704 1763 1773 συμμάχοισι

93 1789 299 1840 πίσυνοί
318 1808 403 1853 μιν
425 1786 658 1853 ἐπέξιμεν
683 1789 982 1853 ἀμυνόμενοι
1006 1788 1086 1840 καὶ
1104 1793 1238 1840 τοῖσι
1259 1789 1435 1855 ἥρωσι,
1457 1794 1557 1841 τῶν
1577 1791 1763 1843 ἐκεῖνος

18 1897 69 1924 20
94 1871 324 1938 οὐδεμίαν
348 1874 462 1943 ὄπιν
485 1873 617 1940 ἔχων
640 1871 885 1939 ἐνέπρησε
908 1873 1021 1927 τούς
1044 1894 1098 1924 τε
1118 1874 1279 1927 οἴκους
1305 1873 1463 1925 καὶτὰ
1481 1873 1761 1941 ἀγάλματα.
1775 1867 2132 1928 ΜοᾹ-ὖκι

94 1957 158 2008 σύ
209 1979 263 2009 τε
312 1961 399 2008 τοῦ
446 1962 628 2009 λοιποῦ
677 1958 858 2024 λόγους
910 1957 1040 2025 ἔχων
1098 1958 1330 2010 τοιούσδε
1379 1957 1445 2023 μὴ
1499 1959 1763 2025 ἐπιφαίνεο
1802 1977 1828 2020 3

91 2039 420 2106 Ἀθηναίοισι,
451 2044 576 2107 μηδὲ
606 2040 789 2093 δοκέων
818 2043 1017 2110 χρηστὰ
1046 2041 1310 2109 ὑποργέειν
1336 2041 1581 2107 ἀθέμιστα
1604 2043 1763 2110 ἔρδειν

93 2125 341 2193 παραίνεε.
416 2127 474 2178 οὗ
491 2125 587 2193 γάρ
611 2148 672 2179 σε
690 2127 983 2192 βουλόμεθα
1002 2126 1145 2179 οὐδὲν
1168 2126 1321 2196 ἄχαρι
1346 2126 1467 2193 πρὸς
1486 2126 1763 2191 Ἀθηναίων

93 2212 286 2270 παθεῖν,
307 2210 452 2262 ἐόντα
470 2209 731 2277 πρόξεινόν
750 2232 804 2264 τε
825 2212 905 2279 καὶ
925 2211 1096 2278 φίλον.
1173 2211 1295 2278 πρὸς
1318 2213 1411 2277 μὲν
1429 2210 1763 2278 Ἀλέξανδρον
1800 2230 1847 2278 14
1857 2236 1892 2280 4

19 2317 67 2358 25
92 2298 244 2346 ταῦτα
261 2295 603 2361 ὑπεκρίναντο,
627 2299 748 2362 πρὸς
771 2297 824 2347 δὲ
843 2295 957 2350 τοὺς
980 2295 1078 2348 ἀπὸ
1102 2295 1335 2362 Σπάρτης
1360 2294 1604 2363 ἀγγέλους
1626 2294 1761 2348 τάδε·

92 2377 165 2429 Τὸ
186 2380 278 2444 μὲν
298 2382 459 2431 δεῖσαι
482 2379 899 2445 Λακεδαιμονίους
921 2379 986 2445 μὴ
1013 2378 1410 2448 ὁμολογήσωμεν
1428 2381 1495 2450 τῷ
1514 2378 1760 2450 βαρβάρῳ

94 2461 249 2529 κάρτα
278 2462 594 2531 ἀνθρωπήιον
624 2462 701 2529 ἣν.
776 2465 900 2531 ἀτὰρ
937 2466 1159 2532 αἰσχρῶς
1196 2487 1255 2533 γε
1293 2466 1458 2517 οἴκατε
1496 2461 1758 2528 ἐξεπιστά-

147 2615 172 2640 2
203 2603 240 2643 οἱ
259 2602 392 2643 λοιποὶ
415 2585 620 2655 σύμμαχοι
643 2602 681 2641 R
697 2603 727 2643 S
742 2603 780 2642 V
889 2616 915 2654 5
946 2604 1170 2656 Μαρδόνιον
1193 2604 1227 2643 C
1341 2617 1363 2653 7
1392 2620 1442 2656 γε
1466 2616 1547 2644 om.
1572 2602 1661 2642 AB
1677 2604 1710 2643 C
1727 2604 1761 2643 P

93 2658 119 2696 8
157 2656 408 2709 τυγχάνεται
440 2656 480 2695 R
664 2671 709 2697 11
752 2657 887 2699 τοιάδε
919 2658 1055 2699 RSV
1166 2676 1216 2711 γε
1247 2672 1330 2698 om.
1367 2659 1404 2697 R
1588 2671 1637 2696 12
1677 2662 1760 2700 τῶν

95 2712 243 2760 Μήδων
276 2711 412 2751 RSV
547 2711 627 2754 δέει
663 2713 697 2751 L
894 2726 941 2764 13
985 2714 1214 2767 ἐλευθερίην
1249 2713 1518 2764 σκεπτόμενοι
1552 2710 1759 2752 P²RSV

94 2765 308 2817 ἀμύνεσθαι
329 2767 363 2806 C
507 2781 554 2817 14
584 2768 650 2809 καὶ
670 2781 750 2808 om.
775 2767 814 2805 R
831 2767 861 2807 S
877 2767 916 2806 V
1052 2767 1246 2820 15⁵⁷‘me'es
1269 2768 1405 2807 RSV
1547 2769 1596 2807 16
1624 2767 1689 2820 τε]
1714 2767 1756 2809 δὲ

95 2821 126 2860 S
150 2821 252 2872 (non
275 2820 334 2872 R)
507 2835 553 2872 17
585 2823 662 2871 τήν
681 2840 754 2876 περ
777 2824 875 2866 <hoc
897 2836 979 2863 om.
1003 2822 1043 2862 A
1058 2823 1091 2862 B
1106 2824 1160 2875 C)
1182 2822 1319 2862 Cobet
1492 2835 1542 2874 19
1569 2823 1758 2864 πίσσυνοί

95 2875 135 2915 R
149 2876 231 2915 SV
388 2889 442 2916 20
470 2877 560 2919 ὄπιν
581 2878 767 2928 οὐδεμίην
789 2878 826 2916 R
843 2878 924 2917 SV
1089 2890 1141 2916 22
1171 2877 1403 2931 ὑπουργέειν
1425 2878 1458 2916 L
1571 2877 1675 2918 ἔδειν
1695 2877 1754 2917 C:

92 2929 219 2984 ῥέζειν
241 2931 280 2970 R
296 2931 378 2971 SV
507 2945 559 2982 23
589 2933 799 2986 παραίνεεν
822 2932 913 2972 RV
1042 2945 1095 2982 24
1125 2931 1286 2973 παθέειν
1309 2932 1349 2970 R
1364 2932 1445 2972 SV
1583 2943 1636 2983 25
1666 2935 1754 2974 ὑπε·

94 2986 256 3039 κρίνοιτο
281 2986 320 3025 R
333 2986 370 3026 V
531 3000 580 3037 27
613 2987 739 3041 κάρτα
757 2986 832 3039 μὲν
854 2988 893 3027 R
908 2987 939 3028 S
952 2986 990 3026 V
1100 3004 1150 3040 γε
1171 3000 1254 3028 om.
1274 2985 1331 3026 Α1
