2132 3340
743 81 1119 129 ιΣΤΟΡιΩΝ
1184 83 1202 128 1
1854 80 1943 130 IX.
1972 79 2038 144 78

140 211 550 266 ἀνασκολοπίσας
580 209 939 279 τετιμωρήσεαι
971 213 1022 265 ἐς
1060 211 1260 279 πάτρων
1291 210 1378 264 τὸν
1411 211 1504 265 σὸν
1539 213 1806 277 Λεωνίδην.

141 297 168 347 ὁ
186 298 278 362 μὲν
301 293 486 349 δοκέων
504 297 798 365 χαρίζεσθαι
817 296 962 363 ἔλεγε
982 296 1111 355 τάδε,
1137 298 1162 348 ὁ
1182 296 1224 348 δ’
1244 298 1577 363 ἀνταμείβετο
1600 297 1806 348 τοισίδε·

132 379 206 432 ’ΦΩ
238 377 368 444 ξεῖνε
399 382 654 448 Αἰγινῆτα,
687 380 744 433 τὸ
781 383 872 446 μὲν
903 377 1118 433 εὐνοέειν
1154 402 1206 433 τε
1249 381 1330 432 καὶ
1368 385 1585 448 προορᾶν
1623 380 1814 449 ἄγαμαί
1846 393 1917 445 79

141 487 246 525 σευ,
269 465 467 532 γνώμης
486 462 657 531 μέντοι
679 464 962 532 ἡμάρτηκας
985 468 1226 533 χρηστῆς·
1275 465 1453 534 ἐξάρας
1477 465 1572 533 γάρ
1591 488 1652 532 με
1674 467 1809 534 ὑψοῦ

92 574 115 614 5
142 551 219 602 καὶ
248 549 338 614 τὴν
369 548 560 616 πάτρην
593 549 671 601 καὶ
702 554 756 601 τὸ
788 549 950 617 ἔργον,
979 552 1028 604 ἐς
1059 550 1115 602 τὸ
1138 552 1294 616 μηδὲν
1320 548 1598 616 κατέβαλες
1629 571 1806 617 παραι-

139 631 266 687 νέων
296 639 448 704 νεκρῷ
479 635 826 700 λυμαίνεσθαι,
864 634 941 686 καὶ
978 629 1040 698 ἢν
1070 638 1223 686 ταῦτα
1260 632 1430 694 ποιέω,
1465 637 1567 703 φὰς
1606 634 1809 700 ἄμεινόν

137 741 200 784 με
244 719 564 771 ἀκούσεσθαι·
624 721 686 770 τὰ
731 717 907 785 πρέπει
951 723 1149 785 μᾶλλον
1192 718 1506 786 βαρβάροισι
1550 717 1737 772 ποιέειν
1775 718 2132 802 &qm-'nm

138 824 231 871 περ
274 801 516 867 ’Έλλησν
587 804 858 855 κάκείνοισι
917 806 970 855 δὲ
1024 803 1403 871 ἐπιφθονέομεν.
1492 805 1592 871 ἐγὼ
1645 803 1686 855 δ’
1738 802 1806 856 ὧν
1844 819 1872 852 2
1891 811 2124 852 unu-152

138 888 312 940 τούτου
365 889 528 940 εἵνεκα
577 887 702 954 μήτε
754 886 1056 960 Αἰγινήτῃσι
1101 887 1264 954 ἅδοιμι
1307 886 1431 953 μήτε
1475 893 1610 941 τοῖσι
1653 893 1808 940 ταῦτα

66 995 114 1023 10
138 971 416 1040 ἀρέσκεται,
455 973 654 1043 ἀποχρᾷ
696 971 750 1024 δέ
792 994 876 1037 μοι
921 971 1261 1045 Σπαρτιήτῃσι
1306 973 1645 1039 ἀρεσκόμενον
1689 974 1808 1025 ὅσια

136 1059 230 1123 μὲν
253 1056 456 1116 ποιέειν,
482 1058 600 1108 ὅσια
624 1059 676 1109 δὲ
703 1057 781 1108 καὶ
803 1056 989 1125 λέγειν.
1068 1059 1294 1129 Λεωνίδῃ
1314 1056 1383 1117 δέ,
1411 1062 1479 1128 τῷ
1503 1079 1566 1123 με
1590 1058 1807 1111 κελεύεις

137 1144 432 1207 τιμωρῆσαι,
478 1142 606 1209 φημὶ
650 1140 883 1209 μεγάλως
926 1144 1310 1209 τετιμωρῆσθαι,
1348 1142 1556 1215 ψυχῇσί
1596 1164 1648 1195 τε
1688 1144 1807 1215 τῇσι

137 1229 291 1278 τῶνδε
322 1224 702 1292 ἀναριθμήτοισι
733 1227 987 1292 τετίμηται
1019 1226 1167 1280 αὐτός
1198 1248 1252 1278 τε
1283 1227 1364 1278 καὶ
1402 1229 1449 1279 οἱ
1487 1226 1636 1278 ἄλλοι
1667 1229 1712 1279 οἳ
1751 1228 1806 1280 ἐν

138 1310 505 1382 Θερμοπύλῃσι
548 1308 953 1379 τελευτήσαντες.
1045 1311 1108 1363 σὺ
1152 1309 1322 1376 μέντοι
1363 1310 1437 1363 ἔτι
1477 1311 1609 1380 ἔχων
1650 1312 1806 1378 λόγον

66 1415 110 1459 ¹5
135 1395 328 1447 τοιόνδε
361 1393 486 1460 μήτε
522 1395 807 1467 προσέλθῃς
844 1395 1013 1463 ἔμοιγε
1051 1394 1176 1461 μήτε
1219 1397 1622 1468 συμβουλεύσῃς,
1656 1395 1805 1464 χάριν

135 1499 189 1531 τε
219 1481 325 1532 ’ίσθι
355 1480 450 1532 ἐὼν
482 1479 692 1545 ἀπαθής.

218 1563 280 1615 ‘O
331 1566 423 1629 μὲν
488 1569 640 1616 ταῦτα
690 1564 906 1619 ἀκούσας
959 1564 1340 1617 ἀπαλλάσσετο·
1408 1567 1701 1630 Παυσανίης
1753 1569 1805 1618 δὲ
1843 1566 1914 1615 80

137 1646 362 1716 κήρυγμα
403 1647 740 1718 ποιησάμενος
778 1649 967 1714 μηδένα
1005 1649 1254 1702 ἅπτεσθαι
1292 1653 1379 1715 τῆς
1417 1651 1578 1715 ληίης,
1619 1672 1800 1717 συγκο-

135 1733 294 1798 μίζειν
338 1732 536 1785 ἐκέλευε
579 1733 692 1786 τοὺς
738 1735 947 1787 εἵλωτας
992 1736 1052 1786 τὰ
1097 1733 1358 1802 χρήματα.-
1420 1736 1466 1786 οἱ
1511 1736 1563 1786 δὲ
1607 1736 1702 1786 ἀνὰ
1746 1735 1803 1786 τὸ

65 1838 114 1866 20
140 1818 481 1884 στρατόπεδον
513 1816 833 1883 σκιδνάμενοι
864 1819 1094 1885 εὕρισκον
1120 1820 1306 1883 σκηνὰς
1339 1818 1801 1884 κατεσκευασμένας

136 1907 306 1972 χρυσῷ
337 1901 427 1958 ,καὶ
463 1901 674 1971 ἀργύρῳ,
709 1903 880 1956 κλίνας
920 1924 974 1955 τε
1018 1902 1317 1971 ἐπιχρύσους
1360 1903 1437 1954 καὶ
1479 1904 1799 1971 ἐπαργύρους,

139 1985 379 2053 κρητῆράς
408 2009 462 2039 τε
492 1985 736 2054 χρυσέους
779 1987 856 2038 καὶ
899 1986 1086 2054 φιάλας
1125 2001 1179 2039 τε
1222 1987 1300 2039 καὶ
1342 1987 1477 2039 ἄλλα
1519 1989 1800 2053 ἐκπώματα·

68 2106 78 2116 ·
137 2069 351 2143 ffdengs
379 2092 433 2124 τε
475 2070 552 2123 ἐπ’
583 2069 814 2136 ἁμαξέων
856 2073 1100 2138 εὕρισκον,
1135 2073 1189 2123 ἐν
1224 2077 1357 2124 τοῖσι
1396 2071 1612 2138 λέβητες
1655 2075 1795 2140 ἐφαί-
1841 2087 1864 2119 2

136 2177 282 2207 νοντο
301 2156 523 2209 ἐνεόντες
542 2155 755 2223 χρύσεοί
773 2177 826 2208 τε
853 2157 931 2207 καὶ
957 2156 1200 2223 ἀργύρεοι·
1248 2158 1349 2208 ἀπό
1371 2179 1424 2209 τε
1448 2162 1546 2208 τῶν
1567 2157 1803 2222 κειμένων

63 2258 110 2298 25
136 2245 320 2307 νεκρῶν
346 2241 615 2292 ἐσκύλευον
638 2239 800 2307 ψέλιά
824 2261 878 2292 τε
904 2240 982 2292 καὶ
1007 2240 1279 2314 στρΞττοὺς
1305 2242 1383 2293 καὶ
1407 2241 1519 2294 τοὺς
1551 2241 1799 2301 ἀκινάκας,
1813 2250 2084 2300 *addua-0.

136 2324 308 2378 ἐόντας
346 2323 606 2394 χρυσέους,
647 2326 755 2377 ἐπεὶ
800 2325 1011 2389 ἐσθῆτός
1052 2347 1110 2392 γε
1151 2327 1380 2390 ποικίλης
1417 2326 1570 2393 λόγος
1607 2328 1801 2393 ἐγίνετο

135 2408 246 2460 οὐδὲ
293 2410 376 2464 εἷς.
468 2411 678 2462 ἐνθαῦτα
721 2410 891 2461 πολλὰ
933 2411 1026 2475 μὲν
1072 2409 1369 2464 κλέπτοντες
1413 2410 1636 2462 ἐπώλεον
1681 2411 1801 2477 πρὸς
1839 2429 1864 2472 3

194 2560 209 2584 1
243 2545 534 2599 τετιμωρήσεαι
558 2547 779 2585 Suevernt
808 2547 1080 2599 τετιμώρησαι
1106 2547 1137 2586 L
1340 2560 1365 2586 2
1395 2551 1547 2588 τοῖσιδε
1570 2547 1631 2586 C:
1662 2551 1801 2590 τοῖσδε

135 2602 224 2640 rell.
340 2615 365 2651 3
397 2603 548 2642 εὐνοεῖν
568 2601 602 2640 C
620 2601 653 2639 P
669 2601 706 2638 R
723 2601 753 2640 S
767 2601 804 2640 V
915 2603 1074 2653 πρῶραν
1098 2602 1132 2640 Β
1248 2615 1272 2650 4
1303 2618 1377 2642 σου
1396 2603 1432 2640 Α
1450 2603 1484 2640 Β
1502 2603 1535 2641 C
1648 2603 1802 2654 ἐξάψας

135 2657 176 2696 Α
191 2657 225 2694 Β
421 2668 442 2705 7
474 2655 712 2709 βαρβάροισι
733 2659 895 2703 μᾶλλον
919 2655 957 2694 R
973 2655 1003 2694 S
1018 2656 1054 2693 V
1262 2658 1288 2695 8
1317 2659 1383 2698 καὶ
1406 2658 1594 2698 ἐκείνοισι
1615 2657 1650 2696 Λ
1669 2657 1703 2695 Β
1719 2658 1753 2697 C
1769 2659 1803 2697 P

134 2724 162 2760 9
191 2713 319 2752 ταύτὰ
343 2710 514 2749 Bekkcr
646 2723 695 2749 10
724 2710 772 2750 τέ
793 2710 831 2748 R
848 2710 929 2750 SV
1066 2724 1112 2749 12
1142 2727 1190 2763 ’γε
1213 2710 1426 2762 Gomperz
1563 2724 1609 2762 15
1642 2713 1800 2765 ἔμοιγε]

137 2765 206 2815 ἐμὲ
226 2766 262 2803 R
279 2766 308 2805 S
321 2766 359 2804 V
470 2764 752 2818 συμβουλεύῃς
771 2766 804 2803 Ρ
817 2765 870 2804 Cc
886 2765 978 2816 (-εις
995 2765 1065 2813 (3¹)
1182 2768 1230 2805 16
1251 2784 1297 2806 τε
1317 2770 1397 2808 ἴσθι
1413 2766 1549 2806 Aldus
1569 2781 1578 2806 ι
1607 2770 1689 2808 ἴσθι
1705 2786 1751 2808 τε
1770 2767 1802 2805 L

140 2823 188 2860 18
219 2819 448 2871 συκομίζειν
469 2820 561 2858 RV
685 2833 735 2870 19
765 2819 957 2861 ἐκέλευσε
982 2820 1020 2858 R
1035 2820 1065 2860 S
1081 2820 1118 2858 V
1250 2834 1303 2859 22
1334 2834 1396 2870 pr.
1422 2823 1486 2862 καὶ
1514 2836 1594 2862 om.
1616 2822 1656 2860 A
1672 2822 1753 2861 BC
1771 2823 1804 2861 P

136 2875 264 2926 ἄλλα]
288 2877 397 2917 ἄλλα
416 2877 479 2916 καὶ
503 2875 537 2913 C
689 2887 740 2923 23
770 2874 916 2917 σάκους
936 2876 970 2914 C
1115 2888 1167 2924 24
1200 2876 1336 2917 ἐόντες
1361 2876 1396 2914 R
1415 2877 1445 2916 S
1460 2877 1497 2915 V
1635 2890 1686 2927 25
1719 2879 1801 2918 ἀκι-

135 2929 276 2972 νάκεας
300 2932 330 2969 S
498 2931 551 2968 26
581 2929 748 2983 ἐγένετο
769 2930 799 2969 S
813 2930 851 2968 V
1019 2943 1068 2979 27
1100 2931 1226 2972 οὐδείς
1247 2930 1285 2969 Α
1301 2931 1334 2970 Β
1350 2932 1383 2970 C
1401 2932 1434 2970 P
1544 2931 1619 2982 μὲν
1638 2946 1720 2973 om.
1750 2932 1784 2972 C
