<?xml version="1.0" encoding="UTF-8"?>
<!DOCTYPE html PUBLIC "-//W3C//DTD XHTML 1.0 Transitional//EN"
    "http://www.w3.org/TR/xhtml1/DTD/xhtml1-transitional.dtd">
<html xmlns="http://www.w3.org/1999/xhtml" xml:lang="en" lang="en">
 <head>
  <title>
</title>
<meta http-equiv="Content-Type" content="text/html;charset=utf-8" />
  <meta name='ocr-system' content='tesseract 3.04.00' />
  <meta name='ocr-capabilities' content='ocr_page ocr_carea ocr_par ocr_line ocrx_word'/>
</head>
<body>
  <div class='ocr_page' id='page_1' title='image "./herodotihistoria02herouoft_0065.png"; bbox 0 0 2124 3346; ppageno 0'>
   <div class='ocr_carea' id='block_1_1' title="bbox 715 84 2020 169">
    <p class='ocr_par' dir='ltr' id='par_1_1' title="bbox 715 84 2020 169">
     <span class='ocr_line' id='line_1_1' title="bbox 715 84 2020 169; baseline 0.01 -13"><span class='ocrx_word' id='word_1_1' title='bbox 715 84 1103 158; x_wconf 76' lang='grc' dir='ltr'>ΙΣΤΟΡΙΩΝ</span> <span class='ocrx_word' id='word_1_2' title='bbox 1161 112 1202 158; x_wconf 86' lang='grc' dir='ltr'><strong>Ε</strong></span> <span class='ocrx_word' id='word_1_3' title='bbox 1834 117 1896 167; x_wconf 86' lang='lat' dir='ltr'>V.</span> <span class='ocrx_word' id='word_1_4' title='bbox 1924 132 2020 169; x_wconf 88' lang='lat'>100</span> 
     </span>
    </p>
   </div>
   <div class='ocr_carea' id='block_1_2' title="bbox 52 237 2124 2619">
    <p class='ocr_par' dir='ltr' id='par_1_2' title="bbox 52 237 2124 2619">
     <span class='ocr_line' id='line_1_2' title="bbox 128 237 1798 313; baseline 0.004 -21"><span class='ocrx_word' id='word_1_5' title='bbox 128 238 306 292; x_wconf 82' lang='grc' dir='ltr'>πάντα·</span> <span class='ocrx_word' id='word_1_6' title='bbox 350 237 439 303; x_wconf 80' lang='grc' dir='ltr'>τὴν</span> <span class='ocrx_word' id='word_1_7' title='bbox 474 242 528 292; x_wconf 82' lang='grc' dir='ltr'>δὲ</span> <span class='ocrx_word' id='word_1_8' title='bbox 567 240 841 307; x_wconf 88' lang='grc' dir='ltr'>ἀκρόπολιν</span> <span class='ocrx_word' id='word_1_9' title='bbox 877 242 1074 308; x_wconf 81' lang='grc' dir='ltr'>ἐρρύετο</span> <span class='ocrx_word' id='word_1_10' title='bbox 1109 241 1254 296; x_wconf 85' lang='grc' dir='ltr'>αὐτὸς</span> <span class='ocrx_word' id='word_1_11' title='bbox 1290 241 1631 311; x_wconf 80' lang='grc' dir='ltr'>Ἀρταφρένης</span> <span class='ocrx_word' id='word_1_12' title='bbox 1666 245 1798 313; x_wconf 85' lang='grc' dir='ltr'>ἔχων</span> 
     </span>
     <span class='ocr_line' id='line_1_3' title="bbox 127 323 1920 393; baseline 0.005 -17"><span class='ocrx_word' id='word_1_13' title='bbox 127 325 317 391; x_wconf 82' lang='grc' dir='ltr'>ἀνδρῶν</span> <span class='ocrx_word' id='word_1_14' title='bbox 348 323 553 391; x_wconf 88' lang='grc' dir='ltr'>δύναμιν</span> <span class='ocrx_word' id='word_1_15' title='bbox 583 326 670 378; x_wconf 80' lang='grc' dir='ltr'>οὐκ</span> <span class='ocrx_word' id='word_1_16' title='bbox 700 326 894 392; x_wconf 85' lang='grc' dir='ltr'>ὀλίγην.</span> <span class='ocrx_word' id='word_1_17' title='bbox 981 325 1038 377; x_wconf 86' lang='grc' dir='ltr'>τὸ</span> <span class='ocrx_word' id='word_1_18' title='bbox 1068 329 1121 379; x_wconf 83' lang='grc' dir='ltr'>δὲ</span> <span class='ocrx_word' id='word_1_19' title='bbox 1150 326 1216 392; x_wconf 81' lang='grc' dir='ltr'>μὴ</span> <span class='ocrx_word' id='word_1_20' title='bbox 1247 331 1561 393; x_wconf 80' lang='grc' dir='ltr'>λεηλατῆσαι</span> <span class='ocrx_word' id='word_1_21' title='bbox 1592 330 1799 385; x_wconf 83' lang='grc' dir='ltr'>ἑλόντας</span> <span class='ocrx_word' id='word_1_22' title='bbox 1837 349 1920 385; x_wconf 89' lang='lat'>101</span> 
     </span>
     <span class='ocr_line' id='line_1_4' title="bbox 127 407 1800 484; baseline 0.005 -25"><span class='ocrx_word' id='word_1_23' title='bbox 127 407 291 477; x_wconf 88' lang='grc' dir='ltr'>σφέας</span> <span class='ocrx_word' id='word_1_24' title='bbox 320 408 411 474; x_wconf 78' lang='grc' dir='ltr'>τὴν</span> <span class='ocrx_word' id='word_1_25' title='bbox 440 409 589 462; x_wconf 89' lang='grc' dir='ltr'>πόλιν</span> <span class='ocrx_word' id='word_1_26' title='bbox 625 410 749 478; x_wconf 87' lang='grc' dir='ltr'>ἔσχε</span> <span class='ocrx_word' id='word_1_27' title='bbox 783 411 912 463; x_wconf 87' lang='grc' dir='ltr'>τόδε.</span> <span class='ocrx_word' id='word_1_28' title='bbox 1002 410 1134 475; x_wconf 78' lang='grc' dir='ltr'>ἦσαν</span> <span class='ocrx_word' id='word_1_29' title='bbox 1171 413 1224 463; x_wconf 88' lang='grc' dir='ltr'>ἐν</span> <span class='ocrx_word' id='word_1_30' title='bbox 1254 419 1373 484; x_wconf 80' lang='grc' dir='ltr'>τῇσι</span> <span class='ocrx_word' id='word_1_31' title='bbox 1410 412 1616 480; x_wconf 88' lang='grc' dir='ltr'>Σάρδισι</span> <span class='ocrx_word' id='word_1_32' title='bbox 1651 415 1800 467; x_wconf 82' lang='grc' dir='ltr'>οἰκίαι</span> 
     </span>
     <span class='ocr_line' id='line_1_5' title="bbox 126 493 1800 560; baseline 0.004 -15"><span class='ocrx_word' id='word_1_33' title='bbox 126 495 176 546; x_wconf 83' lang='grc' dir='ltr'>αἱ</span> <span class='ocrx_word' id='word_1_34' title='bbox 218 495 312 559; x_wconf 84' lang='grc' dir='ltr'>μὲν</span> <span class='ocrx_word' id='word_1_35' title='bbox 354 498 564 549; x_wconf 88' lang='grc' dir='ltr'>πλεῦνες</span> <span class='ocrx_word' id='word_1_36' title='bbox 610 493 890 560; x_wconf 83' lang='grc' dir='ltr'>καλάμιναι,</span> <span class='ocrx_word' id='word_1_37' title='bbox 938 496 1056 547; x_wconf 85' lang='grc' dir='ltr'>ὅσαι</span> <span class='ocrx_word' id='word_1_38' title='bbox 1103 495 1145 547; x_wconf 88' lang='grc' dir='ltr'>δ’</span> <span class='ocrx_word' id='word_1_39' title='bbox 1191 495 1378 548; x_wconf 84' lang='grc' dir='ltr'>αὐτέων</span> <span class='ocrx_word' id='word_1_40' title='bbox 1424 498 1502 548; x_wconf 88' lang='grc' dir='ltr'>καὶ</span> <span class='ocrx_word' id='word_1_41' title='bbox 1545 499 1800 551; x_wconf 88' lang='grc' dir='ltr'>πλίνθιναι</span> 
     </span>
     <span class='ocr_line' id='line_1_6' title="bbox 77 577 1799 647; baseline 0.005 -19"><span class='ocrx_word' id='word_1_42' title='bbox 77 600 100 640; x_wconf 82' lang='grc'>5</span> <span class='ocrx_word' id='word_1_43' title='bbox 125 577 271 643; x_wconf 82' lang='grc' dir='ltr'>ἦσαν,</span> <span class='ocrx_word' id='word_1_44' title='bbox 307 577 527 643; x_wconf 85' lang='grc' dir='ltr'>καλάμου</span> <span class='ocrx_word' id='word_1_45' title='bbox 559 579 699 647; x_wconf 78' lang='grc' dir='ltr'>εἶχον</span> <span class='ocrx_word' id='word_1_46' title='bbox 728 581 817 633; x_wconf 82' lang='grc' dir='ltr'>τὰς</span> <span class='ocrx_word' id='word_1_47' title='bbox 847 578 1053 647; x_wconf 87' lang='grc' dir='ltr'>ὀροφάς.</span> <span class='ocrx_word' id='word_1_48' title='bbox 1119 580 1332 632; x_wconf 87' lang='grc' dir='ltr'>τουτέων</span> <span class='ocrx_word' id='word_1_49' title='bbox 1362 581 1419 646; x_wconf 81' lang='grc' dir='ltr'>δὴ</span> <span class='ocrx_word' id='word_1_50' title='bbox 1450 583 1567 646; x_wconf 85' lang='grc' dir='ltr'>μίαν</span> <span class='ocrx_word' id='word_1_51' title='bbox 1598 588 1695 635; x_wconf 83' lang='grc' dir='ltr'>τῶν</span> <span class='ocrx_word' id='word_1_52' title='bbox 1726 606 1799 637; x_wconf 88' lang='grc' dir='ltr'>τις</span> 
     </span>
     <span class='ocr_line' id='line_1_7' title="bbox 126 661 1799 731; baseline 0.004 -18"><span class='ocrx_word' id='word_1_53' title='bbox 126 661 470 730; x_wconf 86' lang='grc' dir='ltr'>στρατιωτέων</span> <span class='ocrx_word' id='word_1_54' title='bbox 496 663 560 717; x_wconf 81' lang='grc' dir='ltr'>ὡς</span> <span class='ocrx_word' id='word_1_55' title='bbox 591 662 853 731; x_wconf 83' lang='grc' dir='ltr'>ἐνέπρησε,</span> <span class='ocrx_word' id='word_1_56' title='bbox 879 664 1052 716; x_wconf 86' lang='grc' dir='ltr'>αὐτίκα</span> <span class='ocrx_word' id='word_1_57' title='bbox 1084 664 1167 716; x_wconf 85' lang='grc' dir='ltr'>ἀπ’</span> <span class='ocrx_word' id='word_1_58' title='bbox 1191 666 1345 730; x_wconf 83' lang='grc' dir='ltr'>οἰκίης</span> <span class='ocrx_word' id='word_1_59' title='bbox 1376 667 1426 720; x_wconf 90' lang='grc' dir='ltr'>ἐς</span> <span class='ocrx_word' id='word_1_60' title='bbox 1456 667 1614 731; x_wconf 87' lang='grc' dir='ltr'>οἰκίην</span> <span class='ocrx_word' id='word_1_61' title='bbox 1646 667 1719 719; x_wconf 82' lang='grc' dir='ltr'>ἰὸν</span> <span class='ocrx_word' id='word_1_62' title='bbox 1742 668 1799 720; x_wconf 85' lang='grc' dir='ltr'>τὸ</span> 
     </span>
     <span class='ocr_line' id='line_1_8' title="bbox 125 745 1862 814; baseline 0.004 -15"><span class='ocrx_word' id='word_1_63' title='bbox 125 751 220 813; x_wconf 87' lang='grc' dir='ltr'>πῦρ</span> <span class='ocrx_word' id='word_1_64' title='bbox 255 745 521 812; x_wconf 81' lang='grc' dir='ltr'>ἐπενέμετο</span> <span class='ocrx_word' id='word_1_65' title='bbox 557 747 613 799; x_wconf 87' lang='grc' dir='ltr'>τὸ</span> <span class='ocrx_word' id='word_1_66' title='bbox 649 747 776 799; x_wconf 86' lang='grc' dir='ltr'>ἄστυ</span> <span class='ocrx_word' id='word_1_67' title='bbox 812 752 927 800; x_wconf 78' lang='grc' dir='ltr'>πᾶν.</span> <span class='ocrx_word' id='word_1_68' title='bbox 1018 748 1278 814; x_wconf 88' lang='grc' dir='ltr'>καιομένου</span> <span class='ocrx_word' id='word_1_69' title='bbox 1319 753 1372 802; x_wconf 85' lang='grc' dir='ltr'>δὲ</span> <span class='ocrx_word' id='word_1_70' title='bbox 1407 755 1493 802; x_wconf 87' lang='grc' dir='ltr'>τοῦ</span> <span class='ocrx_word' id='word_1_71' title='bbox 1532 750 1712 805; x_wconf 86' lang='grc' dir='ltr'>ἄστεος</span> <span class='ocrx_word' id='word_1_72' title='bbox 1752 755 1797 804; x_wconf 86' lang='grc' dir='ltr'>οἱ</span> <span class='ocrx_word' id='word_1_73' title='bbox 1837 775 1862 806; x_wconf 88' lang='lat'>2</span> 
     </span>
     <span class='ocr_line' id='line_1_9' title="bbox 124 831 1798 906; baseline 0.005 -25"><span class='ocrx_word' id='word_1_74' title='bbox 124 831 281 883; x_wconf 88' lang='grc' dir='ltr'>Λυδοί</span> <span class='ocrx_word' id='word_1_75' title='bbox 295 853 350 884; x_wconf 89' lang='grc' dir='ltr'>τε</span> <span class='ocrx_word' id='word_1_76' title='bbox 369 832 448 883; x_wconf 90' lang='grc' dir='ltr'>καὶ</span> <span class='ocrx_word' id='word_1_77' title='bbox 467 833 581 883; x_wconf 86' lang='grc' dir='ltr'>ὅσοι</span> <span class='ocrx_word' id='word_1_78' title='bbox 601 831 843 899; x_wconf 87' lang='grc' dir='ltr'>Περσέων</span> <span class='ocrx_word' id='word_1_79' title='bbox 863 834 1050 898; x_wconf 87' lang='grc' dir='ltr'>ἐνῆσαν</span> <span class='ocrx_word' id='word_1_80' title='bbox 1071 835 1123 885; x_wconf 90' lang='grc' dir='ltr'>ἐν</span> <span class='ocrx_word' id='word_1_81' title='bbox 1143 841 1202 906; x_wconf 80' lang='grc' dir='ltr'>τῇ</span> <span class='ocrx_word' id='word_1_82' title='bbox 1224 834 1359 894; x_wconf 91' lang='grc' dir='ltr'>πόλι,</span> <span class='ocrx_word' id='word_1_83' title='bbox 1384 835 1798 903; x_wconf 82' lang='grc' dir='ltr'>ἀπολαμφθέντες</span> 
     </span>
     <span class='ocr_line' id='line_1_10' title="bbox 124 914 1798 987; baseline 0.003 -20"><span class='ocrx_word' id='word_1_84' title='bbox 124 914 371 968; x_wconf 89' lang='grc' dir='ltr'>πάντοθεν</span> <span class='ocrx_word' id='word_1_85' title='bbox 401 916 532 970; x_wconf 82' lang='grc' dir='ltr'>ὥστε</span> <span class='ocrx_word' id='word_1_86' title='bbox 563 919 623 968; x_wconf 83' lang='grc' dir='ltr'>τὰ</span> <span class='ocrx_word' id='word_1_87' title='bbox 655 916 965 985; x_wconf 81' lang='grc' dir='ltr'>περιέσχατα</span> <span class='ocrx_word' id='word_1_88' title='bbox 1001 917 1272 984; x_wconf 88' lang='grc' dir='ltr'>νεμομένου</span> <span class='ocrx_word' id='word_1_89' title='bbox 1301 923 1389 971; x_wconf 88' lang='grc' dir='ltr'>τοῦ</span> <span class='ocrx_word' id='word_1_90' title='bbox 1420 919 1571 987; x_wconf 86' lang='grc' dir='ltr'>πυρὸς</span> <span class='ocrx_word' id='word_1_91' title='bbox 1603 920 1682 972; x_wconf 87' lang='grc' dir='ltr'>καὶ</span> <span class='ocrx_word' id='word_1_92' title='bbox 1711 919 1798 972; x_wconf 80' lang='grc' dir='ltr'>οὐκ</span> 
     </span>
     <span class='ocr_line' id='line_1_11' title="bbox 55 997 1799 1072; baseline 0.003 -20"><span class='ocrx_word' id='word_1_93' title='bbox 55 1017 101 1046; x_wconf 85' lang='grc' dir='ltr'>Ιο</span> <span class='ocrx_word' id='word_1_94' title='bbox 124 997 326 1069; x_wconf 81' lang='grc' dir='ltr'>ἔχοντες</span> <span class='ocrx_word' id='word_1_95' title='bbox 358 999 596 1066; x_wconf 82' lang='grc' dir='ltr'>ἐξήλυσιν</span> <span class='ocrx_word' id='word_1_96' title='bbox 620 1004 673 1054; x_wconf 92' lang='grc' dir='ltr'>ἐκ</span> <span class='ocrx_word' id='word_1_97' title='bbox 697 1006 783 1053; x_wconf 87' lang='grc' dir='ltr'>τοῦ</span> <span class='ocrx_word' id='word_1_98' title='bbox 812 1002 1007 1062; x_wconf 85' lang='grc' dir='ltr'>ἄστεος,</span> <span class='ocrx_word' id='word_1_99' title='bbox 1035 1002 1304 1070; x_wconf 87' lang='grc' dir='ltr'>συνέρρεον</span> <span class='ocrx_word' id='word_1_100' title='bbox 1335 1004 1385 1057; x_wconf 86' lang='grc' dir='ltr'>ἔς</span> <span class='ocrx_word' id='word_1_101' title='bbox 1414 1025 1469 1056; x_wconf 87' lang='grc' dir='ltr'>τε</span> <span class='ocrx_word' id='word_1_102' title='bbox 1498 1003 1587 1068; x_wconf 79' lang='grc' dir='ltr'>τὴν</span> <span class='ocrx_word' id='word_1_103' title='bbox 1612 1004 1799 1072; x_wconf 78' lang='grc' dir='ltr'>ἀγορὴν</span> 
     </span>
     <span class='ocr_line' id='line_1_12' title="bbox 126 1083 1796 1156; baseline 0.002 -19"><span class='ocrx_word' id='word_1_104' title='bbox 126 1084 206 1136; x_wconf 78' lang='grc' dir='ltr'>καὶ</span> <span class='ocrx_word' id='word_1_105' title='bbox 235 1085 317 1138; x_wconf 88' lang='grc' dir='ltr'>ἐπὶ</span> <span class='ocrx_word' id='word_1_106' title='bbox 339 1083 426 1138; x_wconf 85' lang='grc' dir='ltr'>τὸν</span> <span class='ocrx_word' id='word_1_107' title='bbox 451 1085 730 1139; x_wconf 87' lang='grc' dir='ltr'>Πακτωλὸν</span> <span class='ocrx_word' id='word_1_108' title='bbox 753 1086 990 1153; x_wconf 89' lang='grc' dir='ltr'>ποταμόν,</span> <span class='ocrx_word' id='word_1_109' title='bbox 1017 1088 1071 1140; x_wconf 86' lang='grc' dir='ltr'>ὅς</span> <span class='ocrx_word' id='word_1_110' title='bbox 1103 1094 1201 1155; x_wconf 90' lang='grc' dir='ltr'>σφι</span> <span class='ocrx_word' id='word_1_111' title='bbox 1223 1091 1405 1156; x_wconf 81' lang='grc' dir='ltr'>ψῆγμα</span> <span class='ocrx_word' id='word_1_112' title='bbox 1435 1094 1625 1156; x_wconf 83' lang='grc' dir='ltr'>χρυσοῦ</span> <span class='ocrx_word' id='word_1_113' title='bbox 1650 1111 1796 1141; x_wconf 68' lang='grc' dir='ltr'>κατα·</span> 
     </span>
     <span class='ocr_line' id='line_1_13' title="bbox 126 1167 1801 1239; baseline 0.003 -18"><span class='ocrx_word' id='word_1_114' title='bbox 126 1167 324 1238; x_wconf 88' lang='grc' dir='ltr'>φορέων</span> <span class='ocrx_word' id='word_1_115' title='bbox 348 1172 401 1222; x_wconf 90' lang='grc' dir='ltr'>ἐκ</span> <span class='ocrx_word' id='word_1_116' title='bbox 425 1176 512 1223; x_wconf 88' lang='grc' dir='ltr'>τοῦ</span> <span class='ocrx_word' id='word_1_117' title='bbox 532 1171 747 1237; x_wconf 84' lang='grc' dir='ltr'>Τμώλου</span> <span class='ocrx_word' id='word_1_118' title='bbox 771 1174 851 1224; x_wconf 82' lang='grc' dir='ltr'>διὰ</span> <span class='ocrx_word' id='word_1_119' title='bbox 879 1170 1039 1237; x_wconf 87' lang='grc' dir='ltr'>μέσης</span> <span class='ocrx_word' id='word_1_120' title='bbox 1062 1175 1150 1236; x_wconf 89' lang='grc' dir='ltr'>τῆς</span> <span class='ocrx_word' id='word_1_121' title='bbox 1172 1173 1356 1239; x_wconf 86' lang='grc' dir='ltr'>ἀγορῆς</span> <span class='ocrx_word' id='word_1_122' title='bbox 1385 1172 1488 1239; x_wconf 88' lang='grc' dir='ltr'>ῥέει</span> <span class='ocrx_word' id='word_1_123' title='bbox 1520 1173 1598 1225; x_wconf 91' lang='grc' dir='ltr'>καὶ</span> <span class='ocrx_word' id='word_1_124' title='bbox 1628 1173 1801 1226; x_wconf 83' lang='grc' dir='ltr'>ἔπειτα</span> 
     </span>
     <span class='ocr_line' id='line_1_14' title="bbox 125 1253 1800 1323; baseline 0.002 -17"><span class='ocrx_word' id='word_1_125' title='bbox 125 1256 176 1309; x_wconf 90' lang='grc' dir='ltr'>ἐς</span> <span class='ocrx_word' id='word_1_126' title='bbox 197 1257 284 1308; x_wconf 85' lang='grc' dir='ltr'>τὸν</span> <span class='ocrx_word' id='word_1_127' title='bbox 298 1253 494 1323; x_wconf 71' lang='grc' dir='ltr'>“Ερμον</span> <span class='ocrx_word' id='word_1_128' title='bbox 518 1255 743 1322; x_wconf 86' lang='grc' dir='ltr'>ποταμὸν</span> <span class='ocrx_word' id='word_1_129' title='bbox 768 1257 963 1316; x_wconf 84' lang='grc' dir='ltr'>ἐκδιδοῖ,</span> <span class='ocrx_word' id='word_1_130' title='bbox 991 1257 1016 1306; x_wconf 89' lang='grc' dir='ltr'>ὁ</span> <span class='ocrx_word' id='word_1_131' title='bbox 1039 1259 1093 1308; x_wconf 83' lang='grc' dir='ltr'>δὲ</span> <span class='ocrx_word' id='word_1_132' title='bbox 1118 1258 1168 1310; x_wconf 90' lang='grc' dir='ltr'>ἐς</span> <span class='ocrx_word' id='word_1_133' title='bbox 1191 1255 1476 1310; x_wconf 86' lang='grc' dir='ltr'>θάλασσαν·</span> <span class='ocrx_word' id='word_1_134' title='bbox 1524 1257 1604 1310; x_wconf 87' lang='grc' dir='ltr'>ἐπὶ</span> <span class='ocrx_word' id='word_1_135' title='bbox 1626 1263 1800 1311; x_wconf 88' lang='grc' dir='ltr'>τοῦτον</span> 
     </span>
     <span class='ocr_line' id='line_1_15' title="bbox 124 1338 1800 1408; baseline 0.001 -16"><span class='ocrx_word' id='word_1_136' title='bbox 124 1338 182 1405; x_wconf 77' lang='grc' dir='ltr'>δὴ</span> <span class='ocrx_word' id='word_1_137' title='bbox 206 1338 293 1392; x_wconf 88' lang='grc' dir='ltr'>τὸν</span> <span class='ocrx_word' id='word_1_138' title='bbox 316 1340 598 1393; x_wconf 87' lang='grc' dir='ltr'>Πακτωλὸν</span> <span class='ocrx_word' id='word_1_139' title='bbox 624 1341 703 1393; x_wconf 80' lang='grc' dir='ltr'>καὶ</span> <span class='ocrx_word' id='word_1_140' title='bbox 735 1342 785 1395; x_wconf 90' lang='grc' dir='ltr'>ἐς</span> <span class='ocrx_word' id='word_1_141' title='bbox 807 1338 898 1406; x_wconf 79' lang='grc' dir='ltr'>τὴν</span> <span class='ocrx_word' id='word_1_142' title='bbox 922 1339 1107 1408; x_wconf 81' lang='grc' dir='ltr'>ἀγορὴν</span> <span class='ocrx_word' id='word_1_143' title='bbox 1132 1342 1471 1407; x_wconf 79' lang='grc' dir='ltr'>ἀθροιζόμενοι</span> <span class='ocrx_word' id='word_1_144' title='bbox 1501 1343 1552 1393; x_wconf 87' lang='grc' dir='ltr'>οἵ</span> <span class='ocrx_word' id='word_1_145' title='bbox 1571 1364 1624 1394; x_wconf 91' lang='grc' dir='ltr'>τε</span> <span class='ocrx_word' id='word_1_146' title='bbox 1649 1341 1800 1394; x_wconf 87' lang='grc' dir='ltr'>Λυδοὶ</span> 
     </span>
     <span class='ocr_line' id='line_1_16' title="bbox 52 1421 1861 1493; baseline 0.002 -17"><span class='ocrx_word' id='word_1_147' title='bbox 52 1438 99 1482; x_wconf 85' lang='lat'>¹5</span> <span class='ocrx_word' id='word_1_148' title='bbox 127 1421 204 1476; x_wconf 86' lang='grc' dir='ltr'>καὶ</span> <span class='ocrx_word' id='word_1_149' title='bbox 234 1425 280 1477; x_wconf 78' lang='grc' dir='ltr'>οἱ</span> <span class='ocrx_word' id='word_1_150' title='bbox 303 1425 501 1493; x_wconf 89' lang='grc' dir='ltr'>Πέρσαι</span> <span class='ocrx_word' id='word_1_151' title='bbox 521 1425 860 1493; x_wconf 81' lang='grc' dir='ltr'>ἠναγκάζοντο</span> <span class='ocrx_word' id='word_1_152' title='bbox 891 1426 1183 1491; x_wconf 87' lang='grc' dir='ltr'>ἀμύνεσθαι.</span> <span class='ocrx_word' id='word_1_153' title='bbox 1250 1429 1297 1478; x_wconf 86' lang='grc' dir='ltr'>οἱ</span> <span class='ocrx_word' id='word_1_154' title='bbox 1327 1429 1381 1478; x_wconf 85' lang='grc' dir='ltr'>δὲ</span> <span class='ocrx_word' id='word_1_155' title='bbox 1396 1424 1566 1481; x_wconf 83' lang='grc' dir='ltr'>Ἴωνες</span> <span class='ocrx_word' id='word_1_156' title='bbox 1590 1428 1798 1493; x_wconf 83' lang='grc' dir='ltr'>ὁρῶντες</span> <span class='ocrx_word' id='word_1_157' title='bbox 1836 1445 1861 1491; x_wconf 85' lang='lat'>3</span> 
     </span>
     <span class='ocr_line' id='line_1_17' title="bbox 124 1509 1801 1576; baseline 0.001 -14"><span class='ocrx_word' id='word_1_158' title='bbox 124 1509 239 1564; x_wconf 88' lang='grc' dir='ltr'>τοὺς</span> <span class='ocrx_word' id='word_1_159' title='bbox 281 1512 372 1576; x_wconf 83' lang='grc' dir='ltr'>μὲν</span> <span class='ocrx_word' id='word_1_160' title='bbox 413 1509 746 1576; x_wconf 83' lang='grc' dir='ltr'>ἀμυνομένους</span> <span class='ocrx_word' id='word_1_161' title='bbox 786 1515 885 1562; x_wconf 85' lang='grc' dir='ltr'>τῶν</span> <span class='ocrx_word' id='word_1_162' title='bbox 924 1511 1194 1576; x_wconf 89' lang='grc' dir='ltr'>πολεμίων,</span> <span class='ocrx_word' id='word_1_163' title='bbox 1236 1510 1350 1564; x_wconf 88' lang='grc' dir='ltr'>τοὺς</span> <span class='ocrx_word' id='word_1_164' title='bbox 1391 1514 1443 1563; x_wconf 83' lang='grc' dir='ltr'>δὲ</span> <span class='ocrx_word' id='word_1_165' title='bbox 1484 1510 1578 1563; x_wconf 84' lang='grc' dir='ltr'>σὺν</span> <span class='ocrx_word' id='word_1_166' title='bbox 1619 1510 1801 1576; x_wconf 85' lang='grc' dir='ltr'>πλήθεϊ</span> 
     </span>
     <span class='ocr_line' id='line_1_18' title="bbox 126 1593 1827 1665; baseline 0 -18"><span class='ocrx_word' id='word_1_167' title='bbox 126 1600 300 1665; x_wconf 85' lang='grc' dir='ltr'>πολλῷ</span> <span class='ocrx_word' id='word_1_168' title='bbox 349 1594 791 1662; x_wconf 87' lang='grc' dir='ltr'>προσφερομένους</span> <span class='ocrx_word' id='word_1_169' title='bbox 842 1594 1228 1663; x_wconf 84' lang='grc' dir='ltr'>ἐξανεχώρησαν</span> <span class='ocrx_word' id='word_1_170' title='bbox 1271 1596 1529 1649; x_wconf 89' lang='grc' dir='ltr'>δείσαντες</span> <span class='ocrx_word' id='word_1_171' title='bbox 1577 1595 1699 1662; x_wconf 86' lang='grc' dir='ltr'>πρὸς</span> <span class='ocrx_word' id='word_1_172' title='bbox 1744 1593 1827 1647; x_wconf 86' lang='grc' dir='ltr'>τὸ-</span> 
     </span>
     <span class='ocr_line' id='line_1_19' title="bbox 124 1679 1796 1746; baseline 0.001 -15"><span class='ocrx_word' id='word_1_173' title='bbox 124 1681 238 1746; x_wconf 89' lang='grc' dir='ltr'>ὄρος</span> <span class='ocrx_word' id='word_1_174' title='bbox 273 1679 329 1731; x_wconf 85' lang='grc' dir='ltr'>τὸ</span> <span class='ocrx_word' id='word_1_175' title='bbox 357 1683 575 1745; x_wconf 81' lang='grc' dir='ltr'>Τμῶλον</span> <span class='ocrx_word' id='word_1_176' title='bbox 613 1681 930 1745; x_wconf 90' lang='grc' dir='ltr'>καλεόμενον,</span> <span class='ocrx_word' id='word_1_177' title='bbox 964 1681 1191 1731; x_wconf 88' lang='grc' dir='ltr'>ἐνθεῦτεν</span> <span class='ocrx_word' id='word_1_178' title='bbox 1229 1681 1280 1731; x_wconf 78' lang='grc' dir='ltr'>δὲ</span> <span class='ocrx_word' id='word_1_179' title='bbox 1317 1679 1412 1732; x_wconf 85' lang='grc' dir='ltr'>ὑπὸ</span> <span class='ocrx_word' id='word_1_180' title='bbox 1449 1680 1600 1731; x_wconf 84' lang='grc' dir='ltr'>νύκτα</span> <span class='ocrx_word' id='word_1_181' title='bbox 1636 1682 1796 1732; x_wconf 86' lang='grc' dir='ltr'>ἀπαλ-</span> 
     </span>
     <span class='ocr_line' id='line_1_20' title="bbox 124 1762 2079 1830; baseline -0.002 -15"><span class='ocrx_word' id='word_1_182' title='bbox 124 1762 384 1816; x_wconf 86' lang='grc' dir='ltr'>λάσσοντο</span> <span class='ocrx_word' id='word_1_183' title='bbox 415 1764 496 1816; x_wconf 89' lang='grc' dir='ltr'>ἐπὶ</span> <span class='ocrx_word' id='word_1_184' title='bbox 526 1767 613 1818; x_wconf 81' lang='grc' dir='ltr'>τὰς</span> <span class='ocrx_word' id='word_1_185' title='bbox 644 1763 775 1819; x_wconf 87' lang='grc' dir='ltr'>νέας.</span> <span class='ocrx_word' id='word_1_186' title='bbox 844 1764 923 1816; x_wconf 86' lang='grc' dir='ltr'>καὶ</span> <span class='ocrx_word' id='word_1_187' title='bbox 955 1762 1159 1830; x_wconf 88' lang='grc' dir='ltr'>Σάρδιες</span> <span class='ocrx_word' id='word_1_188' title='bbox 1188 1766 1280 1829; x_wconf 78' lang='grc' dir='ltr'>μὲν</span> <span class='ocrx_word' id='word_1_189' title='bbox 1311 1763 1711 1830; x_wconf 89' lang='grc' dir='ltr'>ἐνεπρήσθησαν,</span> <span class='ocrx_word' id='word_1_190' title='bbox 1746 1766 1799 1816; x_wconf 90' lang='grc' dir='ltr'>ἐν</span> <span class='ocrx_word' id='word_1_191' title='bbox 1836 1775 1931 1821; x_wconf 69' lang='lat'>102</span> <span class='ocrx_word' id='word_1_192' title='bbox 2066 1822 2079 1830; x_wconf 48' lang='lat'><strong>·</strong></span> 
     </span>
     <span class='ocr_line' id='line_1_21' title="bbox 52 1824 2124 1920; baseline 0.001 -23"><span class='ocrx_word' id='word_1_193' title='bbox 52 1869 102 1911; x_wconf 75' lang='lat'>20</span> <span class='ocrx_word' id='word_1_194' title='bbox 125 1851 178 1901; x_wconf 83' lang='grc' dir='ltr'>δὲ</span> <span class='ocrx_word' id='word_1_195' title='bbox 208 1848 387 1920; x_wconf 83' lang='grc' dir='ltr'>αὐτῇσι</span> <span class='ocrx_word' id='word_1_196' title='bbox 417 1849 496 1900; x_wconf 88' lang='grc' dir='ltr'>καὶ</span> <span class='ocrx_word' id='word_1_197' title='bbox 529 1849 634 1916; x_wconf 81' lang='grc' dir='ltr'>ἱρὸν</span> <span class='ocrx_word' id='word_1_198' title='bbox 659 1849 928 1917; x_wconf 90' lang='grc' dir='ltr'>ἐπιχωρίης</span> <span class='ocrx_word' id='word_1_199' title='bbox 952 1851 1066 1900; x_wconf 87' lang='grc' dir='ltr'>θεοῦ</span> <span class='ocrx_word' id='word_1_200' title='bbox 1091 1846 1351 1914; x_wconf 84' lang='grc' dir='ltr'>Κυβήβης,</span> <span class='ocrx_word' id='word_1_201' title='bbox 1378 1848 1434 1900; x_wconf 86' lang='grc' dir='ltr'>τὸ</span> <span class='ocrx_word' id='word_1_202' title='bbox 1425 1824 2124 1914; x_wconf 41' lang='grc' dir='ltr'>Δκηπτόμενοιζῆᾋωῖιε</span> 
     </span>
     <span class='ocr_line' id='line_1_22' title="bbox 125 1931 1799 2000; baseline -0.001 -16"><span class='ocrx_word' id='word_1_203' title='bbox 125 1935 173 1985; x_wconf 75' lang='lat' dir='ltr'>oz</span> <span class='ocrx_word' id='word_1_204' title='bbox 218 1932 414 1999; x_wconf 88' lang='grc' dir='ltr'>Πέρσαι</span> <span class='ocrx_word' id='word_1_205' title='bbox 462 1934 675 2000; x_wconf 84' lang='grc' dir='ltr'>ὕστερον</span> <span class='ocrx_word' id='word_1_206' title='bbox 719 1933 1188 1999; x_wconf 87' lang='grc' dir='ltr'>ἀντενεπίμπρασαν</span> <span class='ocrx_word' id='word_1_207' title='bbox 1231 1934 1293 1983; x_wconf 79' lang='grc' dir='ltr'>τὰ</span> <span class='ocrx_word' id='word_1_208' title='bbox 1340 1934 1394 1985; x_wconf 92' lang='grc' dir='ltr'>ἐν</span> <span class='ocrx_word' id='word_1_209' title='bbox 1430 1931 1660 1997; x_wconf 65' lang='grc' dir='ltr'>’Έλλησι</span> <span class='ocrx_word' id='word_1_210' title='bbox 1704 1931 1799 2000; x_wconf 82' lang='grc' dir='ltr'>ἱρά.</span> 
     </span>
     <span class='ocr_line' id='line_1_23' title="bbox 125 2015 1800 2085; baseline 0.001 -17"><span class='ocrx_word' id='word_1_211' title='bbox 125 2017 239 2069; x_wconf 89' lang='grc' dir='ltr'>τότε</span> <span class='ocrx_word' id='word_1_212' title='bbox 274 2020 327 2070; x_wconf 84' lang='grc' dir='ltr'>δὲ</span> <span class='ocrx_word' id='word_1_213' title='bbox 358 2020 404 2070; x_wconf 84' lang='grc' dir='ltr'>οἱ</span> <span class='ocrx_word' id='word_1_214' title='bbox 436 2017 634 2085; x_wconf 86' lang='grc' dir='ltr'>Πέρσαι</span> <span class='ocrx_word' id='word_1_215' title='bbox 664 2019 710 2070; x_wconf 83' lang='grc' dir='ltr'>οἱ</span> <span class='ocrx_word' id='word_1_216' title='bbox 742 2017 880 2071; x_wconf 85' lang='grc' dir='ltr'>ἐντὸς</span> <span class='ocrx_word' id='word_1_217' title='bbox 902 2015 1092 2070; x_wconf 64' lang='grc' dir='ltr'>’Άλυος</span> <span class='ocrx_word' id='word_1_218' title='bbox 1122 2020 1346 2082; x_wconf 88' lang='grc' dir='ltr'>ποταμοῦ</span> <span class='ocrx_word' id='word_1_219' title='bbox 1380 2017 1561 2082; x_wconf 88' lang='grc' dir='ltr'>νομοὺς</span> <span class='ocrx_word' id='word_1_220' title='bbox 1598 2018 1800 2085; x_wconf 84' lang='grc' dir='ltr'>ἔχοντες</span> 
     </span>
     <span class='ocr_line' id='line_1_24' title="bbox 127 2099 1801 2169; baseline -0.001 -16"><span class='ocrx_word' id='word_1_221' title='bbox 127 2103 584 2169; x_wconf 88' lang='grc' dir='ltr'>προπυνθανόμενοι</span> <span class='ocrx_word' id='word_1_222' title='bbox 635 2106 790 2154; x_wconf 87' lang='grc' dir='ltr'>ταῦτα</span> <span class='ocrx_word' id='word_1_223' title='bbox 849 2101 1173 2166; x_wconf 82' lang='grc' dir='ltr'>συνηλίζοντο</span> <span class='ocrx_word' id='word_1_224' title='bbox 1233 2101 1312 2152; x_wconf 87' lang='grc' dir='ltr'>καὶ</span> <span class='ocrx_word' id='word_1_225' title='bbox 1372 2099 1616 2166; x_wconf 83' lang='grc' dir='ltr'>ἐβοήθεον</span> <span class='ocrx_word' id='word_1_226' title='bbox 1665 2106 1801 2153; x_wconf 86' lang='grc' dir='ltr'>τοῖσι</span> 
     </span>
     <span class='ocr_line' id='line_1_25' title="bbox 126 2183 1863 2257; baseline 0.001 -20"><span class='ocrx_word' id='word_1_227' title='bbox 126 2189 350 2251; x_wconf 62' lang='grc' dir='ltr'>Λυδοῖω.</span> <span class='ocrx_word' id='word_1_228' title='bbox 421 2188 505 2238; x_wconf 91' lang='grc' dir='ltr'>καί</span> <span class='ocrx_word' id='word_1_229' title='bbox 533 2208 628 2257; x_wconf 88' lang='grc' dir='ltr'>κως</span> <span class='ocrx_word' id='word_1_230' title='bbox 659 2188 714 2238; x_wconf 89' lang='grc' dir='ltr'>ἐν</span> <span class='ocrx_word' id='word_1_231' title='bbox 742 2189 834 2252; x_wconf 81' lang='grc' dir='ltr'>μὲν</span> <span class='ocrx_word' id='word_1_232' title='bbox 858 2185 1068 2252; x_wconf 87' lang='grc' dir='ltr'>Σάρδισι</span> <span class='ocrx_word' id='word_1_233' title='bbox 1099 2184 1261 2237; x_wconf 84' lang='grc' dir='ltr'>οὐκέτι</span> <span class='ocrx_word' id='word_1_234' title='bbox 1290 2185 1462 2238; x_wconf 87' lang='grc' dir='ltr'>ἐόντας</span> <span class='ocrx_word' id='word_1_235' title='bbox 1492 2186 1606 2239; x_wconf 84' lang='grc' dir='ltr'>τοὺς</span> <span class='ocrx_word' id='word_1_236' title='bbox 1622 2183 1800 2238; x_wconf 88' lang='grc' dir='ltr'>Ἴωνας</span> <span class='ocrx_word' id='word_1_237' title='bbox 1837 2208 1863 2239; x_wconf 86' lang='lat'><strong>2</strong></span> 
     </span>
     <span class='ocr_line' id='line_1_26' title="bbox 54 2267 1800 2337; baseline 0.002 -19"><span class='ocrx_word' id='word_1_238' title='bbox 54 2289 103 2331; x_wconf 84' lang='lat'>25</span> <span class='ocrx_word' id='word_1_239' title='bbox 128 2272 429 2337; x_wconf 84' lang='grc' dir='ltr'>εὑρίσκουσι,</span> <span class='ocrx_word' id='word_1_240' title='bbox 478 2272 712 2337; x_wconf 83' lang='grc' dir='ltr'>ἑπόμενοι</span> <span class='ocrx_word' id='word_1_241' title='bbox 755 2274 809 2323; x_wconf 82' lang='grc' dir='ltr'>δὲ</span> <span class='ocrx_word' id='word_1_242' title='bbox 855 2272 978 2321; x_wconf 79' lang='grc' dir='ltr'>κατὰ</span> <span class='ocrx_word' id='word_1_243' title='bbox 1026 2271 1210 2335; x_wconf 85' lang='grc' dir='ltr'>στίβον</span> <span class='ocrx_word' id='word_1_244' title='bbox 1257 2267 1481 2336; x_wconf 81' lang='grc' dir='ltr'>αἱρέουσι</span> <span class='ocrx_word' id='word_1_245' title='bbox 1526 2269 1701 2324; x_wconf 86' lang='grc' dir='ltr'>αὐτοὺς</span> <span class='ocrx_word' id='word_1_246' title='bbox 1746 2271 1800 2321; x_wconf 86' lang='grc' dir='ltr'>ἐν</span> 
     </span>
     <span class='ocr_line' id='line_1_27' title="bbox 186 2405 1795 2463; baseline -0.002 -15"><span class='ocrx_word' id='word_1_247' title='bbox 186 2422 204 2448; x_wconf 89' lang='lat'>1</span> <span class='ocrx_word' id='word_1_248' title='bbox 252 2408 389 2463; x_wconf 78' lang='grc' dir='ltr'>ἐρύετο</span> <span class='ocrx_word' id='word_1_249' title='bbox 424 2407 549 2450; x_wconf 86' lang='lat' dir='ltr'>CP¹:</span> <span class='ocrx_word' id='word_1_250' title='bbox 597 2407 761 2463; x_wconf 84' lang='grc' dir='ltr'>ἐρρύατο</span> <span class='ocrx_word' id='word_1_251' title='bbox 794 2407 929 2447; x_wconf 91' lang='lat' dir='ltr'>BSV</span> <span class='ocrx_word' id='word_1_252' title='bbox 1149 2420 1173 2445; x_wconf 85' lang='lat'><strong>2</strong></span> <span class='ocrx_word' id='word_1_253' title='bbox 1218 2405 1383 2457; x_wconf 81' lang='grc' dir='ltr'>δύναμιν</span> <span class='ocrx_word' id='word_1_254' title='bbox 1424 2408 1575 2461; x_wconf 80' lang='grc' dir='ltr'>ἀνδρῶν</span> <span class='ocrx_word' id='word_1_255' title='bbox 1612 2406 1795 2447; x_wconf 88' lang='lat' dir='ltr'>PSVU</span> 
     </span>
     <span class='ocr_line' id='line_1_28' title="bbox 129 2461 1800 2517; baseline -0.002 -12"><span class='ocrx_word' id='word_1_256' title='bbox 129 2464 281 2516; x_wconf 76' lang='grc' dir='ltr'>ὀλίγων</span> <span class='ocrx_word' id='word_1_257' title='bbox 301 2465 332 2505; x_wconf 91' lang='lat' dir='ltr'>S</span> <span class='ocrx_word' id='word_1_258' title='bbox 348 2464 426 2517; x_wconf 91' lang='lat' dir='ltr'>[V]</span> <span class='ocrx_word' id='word_1_259' title='bbox 541 2463 736 2506; x_wconf 80' lang='grc' dir='ltr'>ἐλθόντας</span> <span class='ocrx_word' id='word_1_260' title='bbox 758 2463 788 2503; x_wconf 88' lang='lat' dir='ltr'>S</span> <span class='ocrx_word' id='word_1_261' title='bbox 802 2463 889 2501; x_wconf 95' lang='lat' dir='ltr'>VU</span> <span class='ocrx_word' id='word_1_262' title='bbox 1060 2475 1085 2510; x_wconf 89' lang='lat'><strong>4</strong></span> <span class='ocrx_word' id='word_1_263' title='bbox 1116 2463 1156 2502; x_wconf 85' lang='grc' dir='ltr'>αἱ</span> <span class='ocrx_word' id='word_1_264' title='bbox 1176 2474 1257 2501; x_wconf 87' lang='lat' dir='ltr'>orn.</span> <span class='ocrx_word' id='word_1_265' title='bbox 1284 2462 1314 2501; x_wconf 87' lang='lat' dir='ltr'>S</span> <span class='ocrx_word' id='word_1_266' title='bbox 1328 2462 1364 2500; x_wconf 94' lang='lat' dir='ltr'>V</span> <span class='ocrx_word' id='word_1_267' title='bbox 1380 2461 1417 2500; x_wconf 94' lang='lat' dir='ltr'><strong>U</strong></span> <span class='ocrx_word' id='word_1_268' title='bbox 1585 2461 1800 2512; x_wconf 77' lang='grc' dir='ltr'>καλάμιναι</span> 
     </span>
     <span class='ocr_line' id='line_1_29' title="bbox 129 2515 1799 2572; baseline -0.003 -13"><span class='ocrx_word' id='word_1_269' title='bbox 129 2519 212 2558; x_wconf 88' lang='lat' dir='ltr'>SV</span> <span class='ocrx_word' id='word_1_270' title='bbox 228 2519 266 2558; x_wconf 92' lang='lat' dir='ltr'>U</span> <span class='ocrx_word' id='word_1_271' title='bbox 283 2519 339 2572; x_wconf 79' lang='lat'>(¹²)</span> <span class='ocrx_word' id='word_1_272' title='bbox 462 2519 527 2559; x_wconf 80' lang='grc' dir='ltr'>καὶ</span> <span class='ocrx_word' id='word_1_273' title='bbox 549 2531 629 2558; x_wconf 91' lang='lat' dir='ltr'>om.</span> <span class='ocrx_word' id='word_1_274' title='bbox 655 2519 737 2558; x_wconf 92' lang='lat' dir='ltr'>SV</span> <span class='ocrx_word' id='word_1_275' title='bbox 751 2518 790 2557; x_wconf 91' lang='lat' dir='ltr'><strong>U</strong></span> <span class='ocrx_word' id='word_1_276' title='bbox 1014 2527 1039 2565; x_wconf 91' lang='grc'>5</span> <span class='ocrx_word' id='word_1_277' title='bbox 1069 2516 1273 2566; x_wconf 80' lang='grc' dir='ltr'>καλάμους</span> <span class='ocrx_word' id='word_1_278' title='bbox 1293 2516 1333 2554; x_wconf 91' lang='grc' dir='ltr'><strong>Α</strong></span> <span class='ocrx_word' id='word_1_279' title='bbox 1347 2516 1381 2554; x_wconf 92' lang='grc' dir='ltr'>Β</span> <span class='ocrx_word' id='word_1_280' title='bbox 1396 2516 1429 2554; x_wconf 92' lang='lat' dir='ltr'>C</span> <span class='ocrx_word' id='word_1_281' title='bbox 1451 2531 1460 2555; x_wconf 78' lang='lat' dir='ltr'><em>z</em></span> <span class='ocrx_word' id='word_1_282' title='bbox 1491 2517 1652 2566; x_wconf 83' lang='grc' dir='ltr'>καλάμη</span> <span class='ocrx_word' id='word_1_283' title='bbox 1674 2516 1704 2555; x_wconf 90' lang='lat' dir='ltr'>S</span> <span class='ocrx_word' id='word_1_284' title='bbox 1721 2515 1799 2568; x_wconf 89' lang='lat' dir='ltr'>[V]</span> 
     </span>
     <span class='ocr_line' id='line_1_30' title="bbox 129 2570 1801 2619; baseline -0.004 -4"><span class='ocrx_word' id='word_1_285' title='bbox 129 2572 230 2615; x_wconf 74' lang='grc' dir='ltr'>δὲΟ</span> <span class='ocrx_word' id='word_1_286' title='bbox 495 2573 762 2615; x_wconf 73' lang='lat' dir='ltr'><strong>6‹2›som.C</strong></span> <span class='ocrx_word' id='word_1_287' title='bbox 923 2570 1801 2619; x_wconf 60' lang='lat' dir='ltr'>dsPUzdvr&#39;ABC:olnlnse’som.SV</span> 
     </span>
    </p>
   </div>
   <div class='ocr_carea' id='block_1_3' title="bbox 128 2624 1800 2736">
    <p class='ocr_par' dir='ltr' id='par_1_3' title="bbox 128 2624 1800 2736">
     <span class='ocr_line' id='line_1_31' title="bbox 129 2624 1800 2678; baseline -0.003 -10"><span class='ocrx_word' id='word_1_288' title='bbox 129 2630 190 2670; x_wconf 75' lang='grc' dir='ltr'>ἰὸν</span> <span class='ocrx_word' id='word_1_289' title='bbox 207 2641 289 2668; x_wconf 89' lang='lat' dir='ltr'>om.</span> <span class='ocrx_word' id='word_1_290' title='bbox 315 2627 449 2667; x_wconf 92' lang='lat' dir='ltr'>SVU</span> <span class='ocrx_word' id='word_1_291' title='bbox 591 2640 614 2677; x_wconf 95' lang='lat'><strong>7</strong></span> <span class='ocrx_word' id='word_1_292' title='bbox 645 2626 813 2678; x_wconf 85' lang='grc' dir='ltr'>ἐνέμετο</span> <span class='ocrx_word' id='word_1_293' title='bbox 836 2626 866 2665; x_wconf 87' lang='lat' dir='ltr'>S</span> <span class='ocrx_word' id='word_1_294' title='bbox 1005 2627 1032 2665; x_wconf 88' lang='lat'>8</span> <span class='ocrx_word' id='word_1_295' title='bbox 1061 2624 1180 2666; x_wconf 85' lang='grc' dir='ltr'>πόλει</span> <span class='ocrx_word' id='word_1_296' title='bbox 1202 2624 1235 2663; x_wconf 91' lang='lat' dir='ltr'>C</span> <span class='ocrx_word' id='word_1_297' title='bbox 1251 2625 1284 2662; x_wconf 90' lang='grc' dir='ltr'>Ρ</span> <span class='ocrx_word' id='word_1_298' title='bbox 1298 2625 1328 2664; x_wconf 90' lang='lat' dir='ltr'>S</span> <span class='ocrx_word' id='word_1_299' title='bbox 1343 2625 1382 2663; x_wconf 94' lang='lat' dir='ltr'><strong>U</strong></span> <span class='ocrx_word' id='word_1_300' title='bbox 1400 2624 1478 2676; x_wconf 80' lang='lat' dir='ltr'>[V]</span> <span class='ocrx_word' id='word_1_301' title='bbox 1590 2629 1743 2677; x_wconf 87' lang='grc' dir='ltr'>λαμφθ.</span> <span class='ocrx_word' id='word_1_302' title='bbox 1766 2625 1800 2663; x_wconf 92' lang='lat' dir='ltr'>C</span> 
     </span>
     <span class='ocr_line' id='line_1_32' title="bbox 128 2678 1800 2736; baseline -0.004 -12"><span class='ocrx_word' id='word_1_303' title='bbox 128 2697 157 2734; x_wconf 93' lang='lat'><strong>9</strong></span> <span class='ocrx_word' id='word_1_304' title='bbox 195 2683 357 2736; x_wconf 80' lang='grc' dir='ltr'>ἔσχατα</span> <span class='ocrx_word' id='word_1_305' title='bbox 386 2681 696 2734; x_wconf 84' lang='grc' dir='ltr'>περινεμομένου</span> <span class='ocrx_word' id='word_1_306' title='bbox 728 2682 759 2721; x_wconf 92' lang='lat' dir='ltr'>S</span> <span class='ocrx_word' id='word_1_307' title='bbox 780 2681 816 2719; x_wconf 95' lang='lat' dir='ltr'>V</span> <span class='ocrx_word' id='word_1_308' title='bbox 987 2692 1037 2718; x_wconf 91' lang='lat'>10</span> <span class='ocrx_word' id='word_1_309' title='bbox 1077 2679 1245 2731; x_wconf 81' lang='grc' dir='ltr'>ἔχοντες</span> <span class='ocrx_word' id='word_1_310' title='bbox 1277 2680 1330 2718; x_wconf 89' lang='lat' dir='ltr'>de</span> <span class='ocrx_word' id='word_1_311' title='bbox 1362 2680 1517 2720; x_wconf 88' lang='lat' dir='ltr'>Pauw:</span> <span class='ocrx_word' id='word_1_312' title='bbox 1563 2678 1734 2730; x_wconf 82' lang='grc' dir='ltr'>ἔχοντος</span> <span class='ocrx_word' id='word_1_313' title='bbox 1766 2680 1800 2718; x_wconf 93' lang='lat' dir='ltr'><strong>L</strong></span> 
     </span>
    </p>
   </div>
   <div class='ocr_carea' id='block_1_4' title="bbox 129 2732 1802 3009">
    <p class='ocr_par' dir='ltr' id='par_1_4' title="bbox 129 2732 1802 3009">
     <span class='ocr_line' id='line_1_33' title="bbox 129 2732 1800 2786; baseline -0.001 -9"><span class='ocrx_word' id='word_1_314' title='bbox 129 2755 178 2778; x_wconf 89' lang='grc' dir='ltr'>τε</span> <span class='ocrx_word' id='word_1_315' title='bbox 198 2751 278 2777; x_wconf 89' lang='lat' dir='ltr'>om.</span> <span class='ocrx_word' id='word_1_316' title='bbox 300 2738 338 2776; x_wconf 91' lang='lat' dir='ltr'><strong>A</strong></span> <span class='ocrx_word' id='word_1_317' title='bbox 353 2737 387 2776; x_wconf 91' lang='lat' dir='ltr'>B</span> <span class='ocrx_word' id='word_1_318' title='bbox 402 2738 436 2776; x_wconf 94' lang='lat' dir='ltr'>C</span> <span class='ocrx_word' id='word_1_319' title='bbox 620 2749 668 2786; x_wconf 91' lang='lat'>14</span> <span class='ocrx_word' id='word_1_320' title='bbox 700 2732 942 2786; x_wconf 80' lang='grc' dir='ltr'>Πακτωλὸν]</span> <span class='ocrx_word' id='word_1_321' title='bbox 967 2735 1149 2784; x_wconf 87' lang='grc' dir='ltr'>ποταμὸν</span> <span class='ocrx_word' id='word_1_322' title='bbox 1171 2734 1204 2772; x_wconf 90' lang='grc' dir='ltr'>Ρ</span> <span class='ocrx_word' id='word_1_323' title='bbox 1217 2733 1247 2772; x_wconf 90' lang='lat' dir='ltr'>S</span> <span class='ocrx_word' id='word_1_324' title='bbox 1260 2734 1298 2771; x_wconf 94' lang='lat' dir='ltr'>V</span> <span class='ocrx_word' id='word_1_325' title='bbox 1314 2733 1351 2772; x_wconf 94' lang='lat' dir='ltr'><strong>U</strong></span> <span class='ocrx_word' id='word_1_326' title='bbox 1538 2745 1586 2782; x_wconf 88' lang='lat'>15</span> <span class='ocrx_word' id='word_1_327' title='bbox 1617 2733 1800 2786; x_wconf 86' lang='grc' dir='ltr'>ὁρέοντες</span> 
     </span>
     <span class='ocr_line' id='line_1_34' title="bbox 132 2787 1801 2842; baseline -0.001 -12"><span class='ocrx_word' id='word_1_328' title='bbox 132 2792 259 2831; x_wconf 91' lang='lat' dir='ltr'>PSV</span> <span class='ocrx_word' id='word_1_329' title='bbox 273 2792 311 2831; x_wconf 92' lang='lat' dir='ltr'><strong>U</strong></span> <span class='ocrx_word' id='word_1_330' title='bbox 327 2793 360 2830; x_wconf 92' lang='lat' dir='ltr'>C</span> <span class='ocrx_word' id='word_1_331' title='bbox 382 2791 562 2842; x_wconf 81' lang='grc' dir='ltr'>(·ωντες&gt;</span> <span class='ocrx_word' id='word_1_332' title='bbox 679 2793 729 2830; x_wconf 91' lang='lat'>16</span> <span class='ocrx_word' id='word_1_333' title='bbox 759 2792 871 2841; x_wconf 82' lang='grc' dir='ltr'>ἇμυν.</span> <span class='ocrx_word' id='word_1_334' title='bbox 895 2793 977 2829; x_wconf 83' lang='grc' dir='ltr'>τῶν</span> <span class='ocrx_word' id='word_1_335' title='bbox 995 2797 1089 2829; x_wconf 89' lang='grc' dir='ltr'>πολ.</span> <span class='ocrx_word' id='word_1_336' title='bbox 1117 2789 1147 2827; x_wconf 89' lang='lat' dir='ltr'>S</span> <span class='ocrx_word' id='word_1_337' title='bbox 1168 2801 1340 2837; x_wconf 87' lang='lat' dir='ltr'>quoque</span> <span class='ocrx_word' id='word_1_338' title='bbox 1489 2789 1537 2826; x_wconf 91' lang='lat'>18</span> <span class='ocrx_word' id='word_1_339' title='bbox 1567 2789 1616 2828; x_wconf 81' lang='grc' dir='ltr'>τὸ</span> <span class='ocrx_word' id='word_1_340' title='bbox 1636 2787 1774 2827; x_wconf 90' lang='lat' dir='ltr'>Aldus</span> <span class='ocrx_word' id='word_1_341' title='bbox 1791 2803 1801 2828; x_wconf 92' lang='lat'><strong>:</strong></span> 
     </span>
     <span class='ocr_line' id='line_1_35' title="bbox 131 2842 1799 2899; baseline -0.004 -11"><span class='ocrx_word' id='word_1_342' title='bbox 131 2847 205 2888; x_wconf 80' lang='grc' dir='ltr'>τὸν</span> <span class='ocrx_word' id='word_1_343' title='bbox 226 2846 260 2886; x_wconf 91' lang='lat' dir='ltr'>L</span> <span class='ocrx_word' id='word_1_344' title='bbox 430 2860 479 2895; x_wconf 86' lang='lat'>19</span> <span class='ocrx_word' id='word_1_345' title='bbox 507 2847 573 2887; x_wconf 78' lang='grc' dir='ltr'>καὶ</span> <span class='ocrx_word' id='word_1_346' title='bbox 594 2851 636 2889; x_wconf 85' lang='grc' dir='ltr'>Σ.</span> <span class='ocrx_word' id='word_1_347' title='bbox 661 2845 758 2899; x_wconf 84' lang='grc' dir='ltr'>μὲν]</span> <span class='ocrx_word' id='word_1_348' title='bbox 781 2844 884 2886; x_wconf 77' lang='grc' dir='ltr'>αἰδὲ</span> <span class='ocrx_word' id='word_1_349' title='bbox 905 2843 1046 2897; x_wconf 82' lang='grc' dir='ltr'>Σάρδις</span> <span class='ocrx_word' id='word_1_350' title='bbox 1067 2842 1107 2880; x_wconf 93' lang='grc' dir='ltr'>Α</span> <span class='ocrx_word' id='word_1_351' title='bbox 1123 2843 1156 2880; x_wconf 91' lang='grc' dir='ltr'>Β</span> <span class='ocrx_word' id='word_1_352' title='bbox 1174 2843 1207 2882; x_wconf 92' lang='lat' dir='ltr'>C</span> <span class='ocrx_word' id='word_1_353' title='bbox 1374 2855 1428 2881; x_wconf 86' lang='lat'>20</span> <span class='ocrx_word' id='word_1_354' title='bbox 1457 2848 1528 2883; x_wconf 81' lang='grc' dir='ltr'>τῶι</span> <span class='ocrx_word' id='word_1_355' title='bbox 1550 2842 1588 2880; x_wconf 86' lang='grc' dir='ltr'>Α</span> <span class='ocrx_word' id='word_1_356' title='bbox 1604 2842 1638 2880; x_wconf 91' lang='grc' dir='ltr'>Β</span> <span class='ocrx_word' id='word_1_357' title='bbox 1657 2843 1710 2881; x_wconf 87' lang='lat' dir='ltr'>Cc</span> <span class='ocrx_word' id='word_1_358' title='bbox 1735 2843 1799 2891; x_wconf 74' lang='grc' dir='ltr'>(Ι)</span> 
     </span>
     <span class='ocr_line' id='line_1_36' title="bbox 131 2896 1802 2952; baseline -0.002 -13"><span class='ocrx_word' id='word_1_359' title='bbox 131 2913 180 2940; x_wconf 79' lang='lat'>21</span> <span class='ocrx_word' id='word_1_360' title='bbox 213 2904 249 2942; x_wconf 81' lang='grc' dir='ltr'>οἱ</span> <span class='ocrx_word' id='word_1_361' title='bbox 269 2915 351 2941; x_wconf 91' lang='lat' dir='ltr'>om.</span> <span class='ocrx_word' id='word_1_362' title='bbox 376 2900 416 2940; x_wconf 94' lang='lat' dir='ltr'><strong>A</strong></span> <span class='ocrx_word' id='word_1_363' title='bbox 430 2901 464 2939; x_wconf 94' lang='lat' dir='ltr'>B</span> <span class='ocrx_word' id='word_1_364' title='bbox 482 2901 516 2940; x_wconf 91' lang='lat' dir='ltr'>C</span> <span class='ocrx_word' id='word_1_365' title='bbox 666 2900 906 2952; x_wconf 85' lang='grc' dir='ltr'>ἆντεμπίπρ.</span> <span class='ocrx_word' id='word_1_366' title='bbox 930 2899 964 2936; x_wconf 90' lang='grc' dir='ltr'>Β</span> <span class='ocrx_word' id='word_1_367' title='bbox 984 2912 993 2937; x_wconf 88' lang='lat'><strong>:</strong></span> <span class='ocrx_word' id='word_1_368' title='bbox 1023 2898 1279 2950; x_wconf 81' lang='grc' dir='ltr'>ἀντενεπίπρ.</span> <span class='ocrx_word' id='word_1_369' title='bbox 1306 2897 1338 2935; x_wconf 89' lang='lat' dir='ltr'>C</span> <span class='ocrx_word' id='word_1_370' title='bbox 1358 2911 1367 2936; x_wconf 70' lang='grc' dir='ltr'><strong>Ξ</strong></span> <span class='ocrx_word' id='word_1_371' title='bbox 1398 2898 1638 2950; x_wconf 80' lang='grc' dir='ltr'>ἀντεπίμπρ.</span> <span class='ocrx_word' id='word_1_372' title='bbox 1662 2897 1692 2937; x_wconf 92' lang='lat' dir='ltr'>S</span> <span class='ocrx_word' id='word_1_373' title='bbox 1706 2897 1744 2935; x_wconf 94' lang='lat' dir='ltr'>V</span> <span class='ocrx_word' id='word_1_374' title='bbox 1760 2896 1802 2936; x_wconf 90' lang='lat' dir='ltr'><strong>U</strong></span> 
     </span>
     <span class='ocr_line' id='line_1_37' title="bbox 132 2951 1098 3009; baseline -0.004 -15"><span class='ocrx_word' id='word_1_375' title='bbox 132 2968 186 3006; x_wconf 84' lang='lat'>23</span> <span class='ocrx_word' id='word_1_376' title='bbox 214 2960 430 3009; x_wconf 83' lang='grc' dir='ltr'>προσπυνθ.</span> <span class='ocrx_word' id='word_1_377' title='bbox 456 2952 486 2996; x_wconf 86' lang='lat' dir='ltr'>S</span> <span class='ocrx_word' id='word_1_378' title='bbox 499 2957 538 2995; x_wconf 95' lang='lat' dir='ltr'>V</span> <span class='ocrx_word' id='word_1_379' title='bbox 650 2952 940 3005; x_wconf 72' lang='grc' dir='ltr'>συνηυλίζοντο</span> <span class='ocrx_word' id='word_1_380' title='bbox 960 2951 999 2991; x_wconf 89' lang='grc' dir='ltr'>Α</span> <span class='ocrx_word' id='word_1_381' title='bbox 1013 2951 1047 2990; x_wconf 92' lang='grc' dir='ltr'><em>Β</em></span> <span class='ocrx_word' id='word_1_382' title='bbox 1064 2952 1098 2990; x_wconf 88' lang='lat' dir='ltr'>C</span> 
     </span>
    </p>
   </div>
  </div>
 </body>
</html>
