2132 3340
686 101 1063 150 ΙΣΤΟΡΙΩΝ
1126 101 1175 148 Η
1799 100 1912 153 VII.
1941 102 2007 162 62

100 235 212 286 τινὰ
240 231 503 299 βάρβαρον
533 229 620 281 οὐκ
652 228 980 298 εὐαπήγητον,
1013 230 1229 283 ἀσπίδας
1266 231 1320 282 δὲ
1352 229 1431 281 καὶ
1461 230 1645 297 αἰχμὰς
1677 228 1757 281 καὶ

57 325 63 328 “
101 317 374 386 ἐγχειρίδια
425 312 752 381 παραπλήσια
795 322 913 387 τῇσι
966 315 1268 386 Αἰγυπτίῃσι
1319 313 1476 382 εἶχον,
1531 312 1654 380 πρὸς
1705 315 1758 365 δὲ
1800 351 1806 354 -

0 389 74 441 ‘⁸⁰⁸
97 401 297 469 ῥόπαλα
347 398 512 464 ξύλων
561 396 877 464 τετυλφμένα
921 397 1105 468 σιδήρῳ
1153 398 1231 450 καὶ
1277 397 1474 451 λινέους
1521 398 1758 464 θώρηκας.

100 485 235 537 οὗτοι
270 487 323 537 δὲ
358 482 454 536 ὑπὸ
487 485 581 549 μὲν
613 481 878 548 Ἑλλήνων
916 479 1181 535 ἐκαλέοντο
1222 482 1405 549 Σύριοι,
1444 481 1539 534 ὑπὸ
1574 485 1628 534 δὲ
1664 487 1760 533 τῶν

52 591 75 634 5
99 567 375 637 βαρβάρων
405 566 672 635 Ἀσσύριοι
708 565 1012 632 ἐκλήθησαν.
1086 563 1292 634 [τούτων
1322 569 1375 619 δὲ
1404 566 1588 631 μεταξὺ
1620 570 1759 618 Χαλ-

100 649 266 720 δαῖοι.]
353 650 477 721 ἦρχε
514 650 569 704 δέ
604 658 780 720 σφεων
809 650 1067 716 Ὀτάσπης
1103 653 1130 702 6
1161 651 1484 720 Ἀρταχαίεω.
1532 650 1762 717 Βάκτριοι
1799 656 1870 715 64

100 741 153 790 δὲ
185 736 296 805 περὶ
317 738 409 803 μὲν
438 744 557 810 τῇσι
589 743 844 810 κεφαλῇσι
866 734 1129 804 ἀγχοτάτω
1160 741 1260 787 τῶν
1292 739 1528 800 Μηδικῶν
1559 734 1761 803 ἔχοντες

101 821 474 890 ἐστρατεύοντο,
505 819 629 886 τόξα
664 824 718 874 δὲ
755 819 1002 886 καλάμινα
1038 820 1281 889 ἐπιχώρια
1312 819 1391 871 καὶ
1421 820 1603 887 αἰχμὰς
1633 825 1759 885 βρα-

99 905 236 976 χέας.
315 903 472 958 Σάκαι
502 908 555 957 δὲ
586 908 632 957 οἱ
664 905 850 957 Σκύθαι
880 906 992 972 περὶ
1022 908 1113 970 μὲν
1137 912 1256 978 τῇσι
1287 910 1542 976 κεφαλῇσι
1574 909 1757 970 κυρβα-
1801 921 1826 952 2
1847 892 2086 951 mx
2107 937 2117 946 .

30 1012 79 1042 10
102 993 216 1045 σίας
251 992 303 1045 ἐς
338 988 426 1056 ὀξὺ
462 988 749 1057 ἀπηγμένας
785 991 934 1058 ὀρθὰς
970 988 1111 1057 εἶχον
1146 989 1435 1057 ‘trev-wia&
1469 987 1763 1056 ἀναξυρίδας
1786 980 2053 1054 Stant-“d-

101 1078 154 1129 δὲ
187 1075 556 1134 ἐνεδεδύκεσαν,
588 1071 709 1138 τόξα
744 1077 799 1127 δὲ
833 1074 1076 1142 ἐπιχώρια
1113 1075 1192 1126 καὶ
1230 1074 1520 1142 ἐγχειρίδια,
1541 1071 1675 1139 ,πρὸς
1710 1074 1763 1124 δὲ

104 1161 183 1213 καὶ
234 1158 408 1229 ἀξ-ίνας
460 1157 673 1226 σαγάρις
732 1158 887 1227 εἶχον.
978 1158 1179 1212 τούτους
1236 1160 1290 1210 δὲ
1349 1159 1519 1211 ἐόντας
1572 1157 1763 1210 Σκύθας
1776 1145 2062 1208 banzena.

102 1244 397 1313 Ἀμυργίους
438 1242 600 1297 Σάκας
645 1241 868 1295 ἐκάλεον·
944 1244 991 1294 οἱ
1035 1244 1130 1309 γᾶρ
1175 1239 1375 1309 Πέρσαι
1417 1240 1605 1295 πάντας
1649 1240 1763 1295 τοὺς

102 1329 292 1383 Σκύθας
334 1327 572 1380 καλέουσι
606 1326 785 1381 Σάκας.
875 1328 1128 1394 Βακτρίων
1171 1328 1225 1378 δὲ
1271 1326 1351 1378 καὶ
1397 1322 1596 1378 Σακέων
1640 1324 1764 1393 ἦρχε

30 1434 76 1476 ι5
99 1407 396 1479 ’Ὑστάσπης
427 1414 453 1464 6
486 1413 700 1479 Δαρείου
735 1433 789 1465 τε
821 1411 900 1463 καὶ
937 1410 1190 1476 Ἀτόσσης
1226 1415 1314 1476 τῆς
1346 1410 1524 1478 Κύρου.
1613 1409 1763 1462 Ἰνδοὶ
1801 1414 1872 1472 65

102 1500 156 1552 δὲ
186 1499 362 1564 εἵματα
389 1499 482 1563 μὲν
517 1497 829 1550 ἐνδεδυκότες
864 1494 963 1548 ἀπὸ
1000 1493 1163 1561 ξύλων
1200 1491 1525 1561 πεποιημένα,
1558 1494 1679 1559 τόξα
1710 1497 1764 1546 δὲ

103 1581 352 1650 καλάμινα
381 1582 521 1651 εἶχον
553 1583 632 1634 καὶ
661 1581 860 1635 ὀϊστοὺς
892 1581 1203 1646 καλαμίνους·
1257 1579 1338 1631 ἐπὶ
1368 1582 1423 1632 δὲ
1454 1580 1656 1647 σίδηρος
1686 1578 1762 1643 ἦν.

101 1666 399 1734 ἐσταλμένοι
437 1669 529 1734 μὲν
572 1666 630 1732 δὴ
676 1664 807 1731 ἦσαν
851 1665 1006 1719 οὕτως
1050 1664 1214 1724 Ἰνδοί,
1261 1662 1666 1732 προσετετάχατο
1711 1667 1764 1715 δὲ

104 1752 553 1820 συστρατευόμενοι
590 1749 920 1821 Φαρναζάθρῃ
964 1754 1031 1819 τῷ
1078 1745 1418 1816 Ἀρταβάτεω.
1498 1747 1664 1815 Ἀριοι
1711 1750 1764 1800 δὲ
1804 1750 1879 1797 66

28 1862 78 1892 20
102 1835 296 1903 τόξοισι
323 1839 414 1903 μὲν
446 1833 808 1901 ἐσκευασμένοι
830 1833 961 1899 ἦσαν
986 1838 1275 1899 Μηδικοῖσι,
1302 1835 1362 1884 τὰ
1394 1836 1446 1886 δὲ
1477 1832 1612 1884 ἄλλα
1643 1831 1766 1883 κατά

105 1943 197 1990 περ
249 1920 497 1989 Βάκτριοι.
584 1920 766 1987 Ἀρίων
818 1922 872 1971 δὲ
923 1917 1047 1987 ἦρχε
1100 1917 1356 1984 Σισάμνης
1409 1919 1435 1968 ὁ
1480 1915 1762 1984 Ὑδάρνεος.

105 2005 299 2075 Πάρθοι
334 2009 387 2060 δὲ
424 2006 504 2058 καὶ
533 2003 819 2072 Χοράσμιοι
855 2003 934 2055 καὶ
966 2004 1148 2070 Σόγδοι
1183 2025 1236 2055 τε
1275 2002 1354 2054 καὶ
1386 2000 1650 2070 Γανδάριοι
1687 2002 1764 2053 καὶ

105 2092 317 2143 Δαδίκαι
346 2090 436 2157 τὴν
465 2089 618 2155 αὐτὴν
650 2088 832 2154 σκευὴν
855 2087 1059 2157 ἔχοντες
1088 2087 1179 2152 τὴν
1212 2087 1290 2139 καὶ
1322 2086 1552 2153 Βάκτριοι
1583 2088 1762 2153 ἐστρα-

102 2175 318 2229 τεύοντο.
408 2175 596 2228 τούτων
640 2176 693 2227 δὲ
734 2172 889 2241 ἧρχον
928 2173 1046 2231 οἵδε,
1091 2170 1308 2239 Πάρθων
1346 2174 1438 2237 μὲν
1480 2171 1559 2222 καὶ
1601 2174 1761 2238 Χορα-
1803 2184 1829 2215 2

29 2259 78 2326 25
103 2262 264 2325 σμίων
293 2259 602 2327 Ἀρτάβαζος
633 2260 660 2309 6
690 2256 992 2325 Φαρνάκεος,
1025 2257 1229 2324 Σόγδων
1266 2259 1318 2308 δὲ
1350 2255 1560 2320 Ἀζάνης
1591 2256 1617 2305 ὁ
1647 2255 1761 2322 Ἀρ-

102 2345 254 2404 ταίου,
290 2345 575 2411 Γανδαρίων
605 2346 659 2396 δὲ
689 2342 770 2395 καὶ
802 2340 1058 2394 Δαδικέων
1081 2341 1353 2409 Ἀρτύφιος
1383 2341 1410 2391 6
1433 2339 1762 2407 Ἀρταβάνου.

89 2492 91 2494 ·
157 2495 184 2521 2
220 2483 343 2531 τῆσιν
371 2480 627 2533 Αἰγυπτίοισι
657 2480 712 2520 d:
750 2483 859 2521 τοῖσι
889 2478 1146 2531 Αἰγυπτίοισι
1175 2477 1311 2517 Aldus
1490 2490 1514 2526 4
1550 2474 1767 2517 καλέονται

101 2535 142 2576 Α
159 2536 192 2575 Β
207 2536 242 2576 C
366 2548 392 2586 5
417 2536 572 2579 τούτων
586 2566 596 2576 .
613 2566 623 2575 .
642 2537 838 2577 Χαλδαῖοι
852 2533 935 2574 del.
955 2533 1078 2573 Stein
1202 2534 1229 2570 6
1256 2535 1276 2573 ὃ
1291 2531 1486 2573 τάσπιςΟ
1507 2546 1516 2571 :
1543 2533 1564 2571 ὅ
1579 2530 1765 2579 τάπης-Η

103 2589 345 2646 Ἀρταχαίου
366 2590 400 2630 L
569 2603 606 2642 ¹7
636 2592 745 2631 τοῖσι
769 2590 807 2628 R
929 2587 1147 2640 ἀγχότατα
1166 2586 1207 2626 Α
1220 2587 1254 2626 Β
1270 2587 1304 2628 C
1481 2587 1508 2625 8
1538 2584 1711 2636 καλάμιν
1730 2585 1766 2625 C

103 2646 170 2700 (it.
213 2647 282 2699 17)
510 2658 538 2695 9
579 2644 656 2697 μὲν
693 2657 775 2684 om.
815 2642 856 2682 A
879 2643 914 2682 B
938 2643 973 2682 C
1205 2654 1255 2681 10
1297 2640 1518 2694 ἀπιγμένας
1559 2639 1653 2679 PR
1676 2639 1766 2679 SV

107 2713 152 2741 11
185 2700 449 2743 ἐνδεδύκεσαν
471 2700 504 2739 Ρ
518 2700 557 2739 R
571 2700 652 2740 SV
821 2710 869 2737 12
898 2699 963 2740 καὶ
985 2710 1068 2737 om.
1098 2697 1135 2735 R
1151 2697 1181 2737 S
1195 2697 1234 2735 V
1343 2695 1534 2750 σαγάρεις
1552 2694 1593 2733 Α
1607 2694 1689 2734 BC
1704 2694 1738 2733 P
1756 2708 1765 2734 z

103 2755 323 2810 σαγγάρεις
354 2756 394 2795 R
412 2755 496 2795 SV
720 2767 769 2804 13
807 2753 1053 2807 Αυμυργίους
1081 2751 1139 2791 Αι
1158 2753 1207 2804 (3)
1230 2766 1239 2791 ε
1277 2751 1521 2805 Εὐμυργίους
1553 2749 1637 2789 SV
1654 2750 1692 2788 R
1711 2751 1763 2802 (ἓ)

101 2811 200 2863 γὰρ]
236 2810 282 2852 δὲ
316 2810 509 2849 PRSV
733 2822 779 2858 14
828 2812 998 2849 καλοῦσι
1035 2807 1118 2846 SV
1341 2819 1387 2856 17
1429 2806 1593 2859 σίδηρον
1621 2803 1763 2844 ABC

108 2877 157 2915 19
183 2864 492 2919 ΦαρναζάθηνΑ
508 2865 570 2904 B:
601 2869 666 2914 -θη
682 2865 716 2903 C
828 2875 878 2901 22
907 2862 1054 2915 Σογδοί
1069 2879 1115 2902 τε
1133 2861 1195 2901 P:
1223 2859 1420 2914 Σογδότοι
1442 2860 1475 2899 C
1587 2872 1639 2909 24
1667 2858 1762 2911 μὲν]

103 2918 148 2962 δὲ
169 2919 209 2959 R
223 2919 304 2960 SV
495 2931 547 2970 ,25
577 2922 742 2972 Σογδῶν
764 2918 797 2956 C
814 2918 847 2956 P
984 2916 1178 2970 Ἀρτάνης
1202 2916 1241 2955 R
1256 2916 1287 2956 S
1300 2916 1337 2955 V
1471 2915 1661 2969 Ἀργαίου
1681 2914 1712 2955 S
1724 2914 1763 2954 V

103 2975 157 3014 26
185 2973 408 3017 Δαδικαίων
429 2973 468 3014 R
579 2972 788 3028 Ἀρτύβιος
811 2971 851 3011 R
866 2970 897 3012 S
910 2969 947 3010 V
1780 2991 1782 2993 -
