2132 3340
735 92 1103 140 ΙΣΤΟΡΙΩΝ
1168 94 1214 141 H

141 219 330 291 μακρὸν
359 219 549 275 δοκέειν
581 222 705 274 εἶναι
737 228 932 275 ποιεῦσι
964 224 1051 276 τὸν
1081 226 1214 291 βίον.
1303 225 1457 278 οὕτως
1477 225 1503 274 6
1531 226 1623 290 μὲν
1654 221 1803 282 θάνα-

142 328 227 361 τος
268 309 523 375 μοχθηρῆς
568 306 747 372 ἐούσης
791 311 878 373 τῆς
925 310 1036 374 ζόης
1082 309 1341 377 καταφυγὴ
1393 307 1692 375 αἱρετωτάτη
1740 314 1807 378 τῷ

143 388 382 461 ἀνθρώπῳ
407 389 602 458 γέγονε,
637 393 663 441 6
694 394 746 443 δὲ
781 392 891 446 θεὸς
922 393 1108 460 γλυκὺν
1138 394 1324 461 γεύσας
1360 393 1449 445 τὸν
1490 395 1644 445 αἷῶνα
1683 397 1805 461 φθο-

143 474 284 543 νερὸς
313 474 367 527 ε’ν
397 474 526 545 αὐτῷ
559 476 839 541 εὑρίσκεται
870 477 982 529 ε’ών.
1049 476 1241 545 Ξέρξης
1273 480 1325 530 δὲ
1357 479 1595 543 ἀμείβετο
1625 477 1805 545 λέγων’

95 583 118 624 5
142 558 442 626 Ἀρτάβανε,
488 563 665 625 βιοτῆς
708 559 800 625 μέν
835 583 922 613 νυν
966 563 1278 629 ἀνθρωπηίης
1314 561 1442 629 πέρι,
1481 562 1659 627 ἐούσης
1705 584 1805 613 τοι-

143 644 292 710 αύτης
327 645 435 708 οἵην
470 665 561 711 περ
599 644 662 696 σὺ
700 645 908 711 διαιρέαι
944 647 1084 705 εἶναι,
1126 647 1444 712 παυσώμεθα,
1487 649 1611 712 μηδὲ
1649 651 1809 698 κακῶν

141 729 438 794 μεμνώμεθα
466 731 665 796 χρηστὰ
696 730 897 797 ἔχοντες
930 730 1196 797 πρήγματα
1227 730 1283 782 ἐν
1313 732 1477 799 χερσί·
1525 729 1723 797 φράσον
1755 730 1808 783 δέ

141 834 225 878 μοι
267 813 397 865 τόδε·
464 815 509 865 εἴ
549 835 623 892 τοι
666 814 696 878 ἡ
748 816 868 881 ὄψις
912 819 998 867 τοῦ
1043 815 1273 867 ἐνυπνίου
1315 815 1380 880 μὴ
1428 815 1637 882 ἐναργὴς
1681 817 1807 866 οὕτω

61 967 67 973 1
93 941 97 946 ,
143 896 326 965 ἐφάνη,
361 897 493 965 εἶχες
525 897 585 949 ἂν
615 897 706 961 τὴν
731 901 945 967 ἀρχαίην
976 899 1194 966 γνώμην,
1227 899 1313 950 οὐκ
1348 899 1445 951 ε’ὣν
1475 921 1537 964 με
1569 900 1804 965 στρατεύ-

70 1004 121 1034 ιο
144 984 289 1034 εσθαι
332 982 417 1034 ἐπὶ
460 982 552 1045 τὴν
594 982 834 1042 Ἑλλάδα,
882 979 912 1047 ἢ
955 982 1200 1049 μετέστης
1229 983 1323 1044 ἄν,·
1372 983 1495 1051 φέρε
1538 985 1683 1035 τοῦτό
1724 1005 1807 1049 μοι

143 1065 385 1130 ἀτρεκέως
429 1066 552 1118 εἶπέ.
642 1068 668 1117 6
712 1070 764 1118 δὲ
805 1069 1044 1133 ἀμείβετο
1084 1067 1265 1135 λέγων·
1307 1067 1378 1118 ”Ὠ
1414 1073 1648 1133 βασιλεῦ,
1687 1071 1807 1134 ὄψις

142 1153 235 1216 μὲν
278 1151 308 1215 ἡ
353 1150 660 1214 ἐπιφανεῖσα
704 1156 789 1202 τοῦ
835 1153 1042 1218 ὀνείρου,
1083 1153 1148 1205 ὡς
1183 1153 1476 1217 βουλόμεθα
1516 1153 1802 1218 ἀμφότεροι,

142 1233 472 1299 τελευτήσειε·
519 1234 617 1302 ἐγὼ
649 1235 690 1287 δ’
722 1235 793 1287 ἔτι
826 1236 904 1288 καὶ
936 1235 988 1289 ἐς
1018 1237 1131 1287 τόδε
1162 1237 1391 1301 δείματός
1424 1238 1521 1300 εἰμι
1557 1236 1807 1288 ὑπόπλεος

143 1318 244 1371 οὐδ’
281 1319 422 1372 ε’ντὸς
463 1321 722 1385 ἐμεωυτοῦ,
761 1320 894 1372 ἄλλα
929 1342 982 1373 τε
1019 1323 1189 1372 πολλὰ
1231 1321 1586 1386 ἐπιλεγόμενος
1630 1322 1707 1371 καὶ
1750 1320 1806 1383 δὴ

71 1423 118 1466 15
145 1403 224 1455 καὶ
263 1405 391 1470 ὁρῶν
431 1426 507 1473 τοι
548 1405 633 1455 δύο
669 1407 729 1455 τὰ
768 1405 983 1472 μέγιστα
1023 1404 1222 1456 πάντων
1255 1405 1402 1456 ἐόντα
1442 1406 1804 1469 πολεμιώτατα.

146 1486 339 1555 Ξέρξης
373 1490 426 1540 δὲ
463 1488 585 1556 πρὸς
619 1494 770 1541 ταῦτα
794 1491 1043 1555 ἀμείβετο
1074 1491 1277 1540 τοισίδε·
1326 1490 1564 1554 Δαιμόνιε
1601 1490 1804 1554 ἀνδρῶν,

145 1578 255 1625 κοῖα
283 1578 435 1625 ταῦτα
466 1574 550 1625 δύο
579 1573 746 1641 λεγεις
778 1574 908 1625 εἶναί
932 1595 1017 1639 μοι
1047 1574 1420 1639 πολεμιώτατα,·
1470 1572 1642 1639 κότερά
1673 1595 1747 1624 τοι
1781 1574 1806 1623 ὁ

143 1657 289 1722 πεζὸς
322 1663 544 1723 μεμπτὸς
584 1660 705 1710 κατὰ
736 1659 926 1723 πλῆθός
956 1659 1081 1716 ἐστι,
1118 1659 1196 1709 καὶ
1232 1657 1289 1708 τὸ
1318 1657 1621 1721 Ἑλληνικὸν
1653 1656 1803 1724 στρά-

143 1762 298 1803 τευμα
348 1742 579 1809 φαίνεται
629 1741 1022 1807 πολλαπλήσιον
1073 1742 1281 1793 ἔσεσθαι
1332 1746 1420 1792 τοῦ
1470 1741 1722 1808 ἡμετέρου,
1776 1737 1805 1805 ἢ

71 1844 122 1872 20
144 1825 201 1878 τὸ
251 1825 480 1878 ναυτικὸν
527 1826 584 1877 τὸ
631 1826 867 1894 ἡμέτερον
918 1828 1194 1893 λείψεσθαι
1239 1830 1325 1877 τοῦ
1378 1827 1593 1884 ἐκείνων,
1643 1822 1672 1889 ἢ
1728 1826 1806 1876 καὶ

146 1911 501 1978 συναμφότερα
536 1916 713 1970 ταῦτα,·
761 1913 804 1963 εἰ
834 1910 928 1977 γάρ
957 1932 1035 1962 τοι
1064 1910 1216 1982 ταύτῃ
1247 1911 1479 1977 φαίνεται
1516 1909 1807 1977 ἐνδεέστερα

74 2020 80 2027 ·
146 1994 271 2046 εἶναι
317 1997 377 2046 τὰ
423 1994 636 2062 ἡμέτερα
683 1994 962 2062 πρήγματα,
1013 2000 1229 2062 στρατοῦ
1279 1994 1340 2046 ἂν
1386 1993 1546 2046 ἄλλου
1595 2016 1670 2048 τις
1716 1993 1807 2057 τὴν

144 2079 388 2147 ταχίστην
413 2079 619 2146 ἄγερσιν
639 2085 846 2132 ποιοῖτο.
909 2081 935 2130 6
958 2079 1000 2131 δ’
1019 2080 1255 2145 ἀμείβετο
1274 2077 1454 2145 λέγων’
1479 2077 1552 2129 ”Ὠ
1569 2083 1804 2143 βασιλεῦ,

146 2162 256 2214 οὔτε
298 2163 512 2230 στρατὸν
551 2169 740 2223 τοῦτον,
783 2165 923 2218 ὅστις
963 2186 1023 2231 γε
1063 2164 1269 2215 σύνεσιν
1308 2163 1432 2231 ἔχοι,
1475 2161 1709 2230 μέμφοιτ’
1746 2162 1807 2214 ἂν

73 2264 121 2306 25
146 2247 257 2299 οὔτε
287 2252 385 2300 τῶν
415 2253 539 2300 νεῶν
570 2247 626 2299 τὸ
657 2252 862 2313 πλῆθος·
907 2247 968 2314 ἥν
999 2270 1052 2300 τε
1082 2252 1299 2301 πλεῦνας
1330 2246 1596 2319 συλλέξῃς,
1628 2249 1690 2298 τὰ
1721 2247 1805 2298 δύο

145 2352 222 2383 τοι
256 2334 317 2383 τὰ
356 2331 490 2399 λέγω
524 2338 700 2403 πολλῷ
743 2333 816 2385 ἔτι
855 2333 1196 2399 πολεμιώτερα
1234 2333 1441 2400 γίνεται.
1528 2333 1588 2382 τὰ
1628 2334 1682 2383 δὲ
1721 2332 1806 2382 δύο

204 2483 221 2509 Ι
267 2469 421 2511 δοκέειν
448 2472 598 2524 μακρὸν
630 2470 764 2509 RSV
982 2483 1006 2508 2
1045 2469 1144 2521 ζώης
1175 2469 1257 2509 SV
1421 2473 1502 2511 τῶν
1532 2470 1746 2523 ἀνθρώπων
1772 2469 1807 2508 C

145 2526 173 2563 6
200 2524 386 2578 διαιρέεαι
409 2526 442 2564 C
459 2526 492 2564 P
620 2526 855 2576 παυσόμεθα
875 2525 908 2563 C
1096 2538 1118 2574 7
1148 2515 1388 2575 μεμνώμεθα
1410 2523 1603 2563 Eustath.
1630 2524 1686 2563 ll,
1701 2525 1806 2574 767:

145 2582 403 2631 μεμνεώμεθα
426 2580 459 2618 L
577 2593 625 2618 10
653 2582 678 2629 ἢ
701 2593 782 2619 om.
818 2580 848 2616 R
868 2579 949 2618 SV
1058 2596 1124 2630 μοι
1147 2583 1269 2620 τοῦτο
1294 2579 1326 2617 Ρ
1344 2579 1379 2617 R
1396 2579 1478 2618 SV
1592 2591 1640 2629 13
1670 2581 1704 2619 δ’
1725 2578 1807 2630 ἔτι]

146 2633 192 2675 δὲ
213 2634 251 2672 Α
266 2634 300 2673 Β
316 2634 350 2673 C
490 2634 691 2676 ὑπόπλεος
717 2634 755 2675 R
775 2649 784 2674 :
815 2651 883 2675 -ως
904 2634 993 2674 rell.
1203 2645 1249 2682 15
1279 2634 1401 2686 ὁρέων
1425 2633 1457 2671 Ρ
1472 2634 1511 2672 R
1527 2633 1609 2672 SV
1743 2650 1807 2674 τοι

147 2695 241 2740 post
265 2689 384 2730 ἐόντα
408 2690 440 2727 Ρ
458 2704 467 2728 :
497 2702 579 2727 om.
606 2690 643 2728 R
661 2689 690 2728 S
704 2690 742 2728 V
855 2689 1003 2730 ἐόντων
1027 2688 1066 2726 R
1082 2688 1111 2727 S
1127 2689 1165 2726 V
1245 2695 1249 2699 '
1287 2689 1335 2726 16
1365 2686 1507 2741 Ξέρξης
1524 2718 1533 2728 .
1555 2718 1563 2727 .
1580 2717 1590 2728 .
1608 2689 1807 2738 πολεμιώ-

145 2760 252 2785 τατα
271 2757 355 2783 orn.
377 2743 416 2782 V
434 2759 443 2783 ε
474 2745 685 2795 ἀμείβεται
708 2743 852 2797 Ξέρξης
875 2743 905 2782 S
1016 2747 1155 2784 τοῖσδε
1178 2743 1212 2781 L
1383 2755 1428 2792 17
1460 2742 1529 2783 δύο
1549 2741 1686 2795 λέγεις
1708 2743 1809 2784 εἷναί

105 2811 112 2816 “
145 2815 211 2850 μοι
234 2798 298 2838 R:
329 2799 467 2850 λέγεις
490 2799 588 2840 εἶναι
611 2799 680 2839 δύο
699 2816 764 2849 μοι
789 2799 828 2838 Α
845 2798 879 2837 Β
894 2798 952 2837 C:
983 2797 1122 2850 λέγεις
1143 2797 1212 2838 δύο
1233 2798 1331 2839 εἶναι
1352 2814 1419 2848 μοι
1441 2797 1473 2835 Ρ
1602 2798 1651 2836 18
1680 2797 1803 2849 κατὰ]

147 2855 250 2894 κατὰ
268 2855 317 2894 τὸ
340 2853 374 2892 C
390 2853 423 2892 P
588 2866 642 2894 20
670 2856 719 2894 τὸ
739 2853 935 2906 ἡμέτερον
956 2866 1041 2894 om.
1065 2853 1104 2892 R
1119 2853 1149 2892 S
1163 2853 1201 2892 V
1355 2865 1403 2890 21
1439 2851 1676 2905 ἐνδεέστερα
1696 2853 1804 2905 φαίν.

150 2906 236 2947 PR
250 2907 331 2947 SV
455 2921 508 2947 22
538 2909 612 2960 ἅγε
639 2925 704 2950 σιν
725 2910 802 2957 τὴν
821 2925 918 2959 ταχ.
945 2907 982 2945 R
998 2908 1028 2947 S
1042 2908 1081 2946 V
1202 2919 1255 2956 23
1284 2910 1472 2947 ποιοῦν-το
1496 2906 1529 2944 C
1654 2919 1706 2955 24
1736 2907 1809 2948 τὸν

149 2963 326 3016 στρατὸν
347 2966 493 3004 τοῦτον
516 2963 555 3001 R
571 2963 601 3002 S
614 2926 651 3002 (l
763 2963 850 3015 ἔχει
872 2964 909 3001 Α
926 2963 959 3001 Β
974 2963 1026 3001 C⁰
1042 2962 1075 3001 P
1240 2973 1293 3011 25
1324 2961 1368 3002 δὲ
1389 2961 1430 3000 Α
1444 2961 1478 3001 Β
1493 2961 1526 2999 C
1542 2961 1576 3000 P

1848 95 1959 143 Vll.
1986 96 2058 155 46

1844 240 1871 282 4

1843 496 1909 546 47

1843 2090 1917 2139 49
