2112 3372
716 115 1095 164 ΙΣΤΟΡΙΩΝ
1156 117 1197 165 Ζ

129 247 155 297 6
186 247 239 298 δὲ
269 243 494 298 ναυτικὸς
525 248 737 311 στρατὸς
768 246 794 296 6
826 245 1069 312 Περσέων
1098 250 1389 316 χειμερίσας
1420 248 1531 316 περὶ
1563 250 1794 313 Μίλητον

129 335 196 401 τῷ
227 328 435 399 δευτέρῳ
468 328 570 381 ἔτεϊ
600 329 665 383 ὡς
701 328 986 394 ἀνέπλωσε,
1022 331 1176 398 αἱρέει
1208 332 1450 387 εὐπετέως
1487 335 1578 387 τὰς
1611 332 1795 399 νήσους

129 417 218 469 τὰς
248 413 371 482 πρὸς
401 420 462 486 τῇ
483 413 669 484 ἠπείρῳ
701 413 944 476 κειμένας,
972 416 1099 468 Χίον
1123 418 1202 469 καὶ
1227 416 1436 482 Λέσβον
1462 418 1540 470 καὶ
1562 417 1792 470 Τένεδον.

129 500 255 552 ὅκως
296 500 349 550 δὲ
386 497 544 564 λάβοι
582 500 693 550 τινὰ
733 503 830 551 τῶν
871 498 1060 564 νήσων,
1100 501 1164 554 ὡς
1204 501 1419 566 ἑκάστην
1460 501 1709 569 αἱρέοντες
1750 505 1796 554 οἱ

83 605 107 648 5
129 582 386 651 βάρβαροι
438 581 746 650 ἐσαγήνευον
796 583 910 637 τοὺς
964 585 1264 652 ἀνθρώπους.
1357 587 1692 653 σαγηνεύουσι
1742 589 1796 640 δὲ

129 669 273 721 τόνδε
317 671 403 719 τὸν
445 668 647 734 τρόπον·
708 667 831 735 ἀνὴρ
877 667 1054 735 ἀνδρὸς
1098 668 1358 737 ἁψάμενος
1401 673 1488 735 τῆς
1531 674 1696 738 χειρὸς
1741 673 1796 723 ἐκ

132 750 397 817 θαλάσσης
426 754 514 817 τῆς
550 753 760 819 βορηίης
794 752 877 804 ἐπὶ
913 751 1003 817 τὴν
1039 754 1208 819 νοτίην
1249 753 1472 818 διήκουσι
1510 756 1589 807 καὶ
1625 756 1797 808 ἔπειτα

131 838 212 889 διὰ
230 835 398 901 πάσης
416 838 503 901 τῆς
523 835 680 902 νήσου
691 835 972 906 διέρχονται
992 838 1339 905 ἐκθηρεύοντες
1357 839 1472 893 τοὺς
1493 840 1795 906 ἀνθρώπους.

131 921 298 988 αἵρεον
338 922 391 972 δὲ
431 920 510 972 καὶ
553 921 641 974 τὰς
685 923 739 973 ἐν
779 922 838 992 τῇ
882 921 1067 992 ἠπείρῳ
1109 923 1291 976 πόλιας
1334 925 1422 976 τὰς
1467 922 1629 978 Ἰάδας
1674 925 1797 975 κατὰ

57 1028 109 1058 10
130 1004 301 1064 ταύτά,
339 1003 482 1069 πλὴν
514 1004 601 1056 οὐκ
643 1004 950 1072 ἐσαγήνευον
986 1007 1099 1059 τοὺς
1136 1007 1440 1074 ἀνθρώπους·
1487 1008 1544 1059 οὐ
1584 1009 1680 1075 γὰρ
1716 1007 1797 1060 οἶά

131 1111 186 1143 τε
215 1087 291 1154 ἦν.
367 1091 580 1141 ἐνθαῦτα
611 1088 855 1156 Περσέων
886 1091 932 1141 οἱ
969 1091 1239 1158 στρατηγοὶ
1271 1091 1355 1143 οὐκ
1393 1092 1676 1159 ἐψεύσαντο
1707 1094 1795 1145 τὰς

132 1174 342 1227 ἀπειλὰς
379 1175 468 1227 τὰς
505 1174 851 1238 ἐπηπείλησαν
886 1178 1021 1226 τοῖσι
1048 1173 1195 1226 ’Ίωσι
1235 1176 1797 1242 στρατοπεδευομένοισι

134 1245 333 1310 ἐναντία
364 1259 535 1325 σφίσι.
610 1258 675 1312 ὡς
696 1259 792 1326 γὰρ
815 1257 871 1322 δὴ
898 1257 1243 1326 ἐπεκράτησαν
1265 1264 1364 1312 τῶν
1386 1261 1591 1319 πολίων,
1618 1259 1796 1314 παῖδάς

133 1363 187 1395 τε
217 1341 331 1396 τοὺς
376 1341 749 1409 εὐειδεστάτους
795 1343 1118 1410 ἐκλεγόμενοι
1162 1342 1430 1410 ἐξέταμνον
1475 1344 1555 1396 καὶ
1598 1346 1795 1397 ἐποίευν

62 1448 109 1491 15
134 1425 245 1479 ἀντὶ
289 1425 417 1479 εἶναι
460 1426 698 1495 ἐνορχέας
744 1426 1006 1494 εὐνούχους
1052 1428 1131 1479 καὶ
1175 1427 1448 1495 παρθένους
1492 1431 1579 1483 τὰς
1620 1434 1793 1481 καλλι-

135 1511 410 1564 στευούσας
432 1510 789 1566 ἀνασπάστους
820 1513 952 1579 παρὰ
979 1511 1222 1578 βασιλέα·
1267 1512 1420 1564 ταῦτά
1441 1534 1495 1565 τε
1517 1512 1574 1578 δὴ
1600 1514 1797 1566 ἐποίευν

136 1596 216 1648 καὶ
237 1596 326 1649 τὰς
349 1595 530 1666 πόλιας
553 1597 928 1663 ἐνεπίμπρασαν
952 1596 1149 1649 αὐτοῖσι
1179 1602 1313 1649 τοῖσι
1345 1600 1513 1664 ἱροῖσι.
1588 1599 1712 1650 οὕτω
1737 1597 1795 1663 δὴ

134 1678 192 1732 τὸ
231 1680 397 1747 τρίτον
427 1679 600 1735 Ἴωνες
639 1680 1099 1746 κατεδουλώθησαν,
1133 1686 1327 1748 πρῶτον
1360 1684 1451 1747 μὲν
1481 1681 1574 1735 ὑπὸ
1604 1685 1792 1741 Λυδῶν,

134 1763 207 1819 δὶς
237 1767 293 1817 δὲ
320 1763 502 1830 ἐπεᾶς
530 1765 645 1818 τότε
672 1763 768 1816 ὑπὸ
799 1764 1058 1832 Περσέων.

62 1869 115 1903 ²0.
148 1851 165 1858 ‘
219 1847 348 1901 Ἀπὸ
379 1851 432 1901 δὲ
463 1848 654 1914 Ἰωνίης
692 1850 1150 1915 ἀπαλλασσόμενος
1181 1852 1209 1901 ὁ
1239 1855 1465 1906 ναυτικὸς
1495 1850 1707 1919 στρατὸς
1735 1852 1798 1902 τὰ

137 1931 214 1986 ἐπ’
261 1934 499 2000 ἀριστερὰ
549 1931 821 1986 ἐσπλέοντι
870 1937 958 1985 τοῦ
1004 1933 1390 1999 Ἑλλησπόντου
1437 1938 1570 2002 αἵρεε
1617 1935 1795 1988 πάντα·

136 2019 199 2070 τὰ
250 2018 346 2085 γὰρ
397 2019 478 2070 ἐπὶ
530 2016 668 2084 δεξιᾶ
715 2017 911 2071 αὐτοῖσι
961 2023 1095 2070 τοῖσι
1148 2018 1383 2091 Πέρσῃσι
1430 2022 1691 2088 ὑποχείρια
1738 2018 1798 2085 ἦν

136 2102 383 2170 γεγονότα
425 2101 528 2154 κατ’
567 2101 786 2170 ἤπειρον.
865 2103 965 2155 εἰσὶ
1011 2105 1064 2156 δὲ
1107 2098 1196 2170 [αἱ]
1238 2105 1291 2156 ἐν
1330 2104 1388 2175 τῇ
1436 2104 1646 2176 Εὐρώπῃ
1691 2105 1799 2156 αἵδε

136 2191 226 2238 τοῦ
259 2185 659 2252 Ἑλλησπόντου,
706 2187 1052 2254 Χερσόνησός,
1076 2208 1146 2247 τε,
1194 2189 1248 2240 ἐν
1291 2188 1350 2260 τῇ
1394 2189 1568 2242 πόλιες
1613 2189 1798 2257 συχναὶ

65 2288 115 2331 25
138 2269 311 2330 ἔνεισι,
356 2272 436 2324 καὶ
484 2270 727 2338 Πέρινθος
768 2271 847 2323 καὶ
889 2273 950 2322 τὰ
996 2273 1167 2341 τείχεα
1212 2273 1275 2323 τὰ
1322 2271 1404 2324 ἐπὶ
1452 2273 1672 2339 Θρηίκης
1719 2272 1798 2324 καὶ

138 2356 434 2422 Σηλυμβρίη
477 2377 532 2408 τε
573 2356 652 2408 καὶ
694 2355 977 2420 Βυζάντιον.
1071 2355 1327 2420 Βυζάντιοι
1365 2355 1457 2422 μέν
1499 2378 1586 2409 νυν
1632 2357 1710 2408 καὶ
1751 2358 1798 2409 οἱ

0 2444 119 2536 m·
139 2434 324 2509 πέρηθε
356 2440 699 2509 Καλχηδόνιοι
734 2439 835 2491 οὐδ’
865 2439 1133 2505 ὑπέμειναν
1165 2440 1494 2495 ἐπιπλέοντας
1526 2441 1640 2494 τοὺς
1675 2441 1796 2492 Φοί-

197 2590 214 2617 1
245 2578 301 2620 τὰ
319 2578 407 2631 περὶ
430 2577 464 2616 C
629 2579 657 2616 6
684 2576 825 2629 τόνδε]
846 2580 994 2618 τοῦτον
1017 2577 1050 2615 Ρ
1065 2577 1104 2616 R
1121 2577 1201 2617 SV
1363 2591 1384 2627 7
1416 2579 1632 2627 διήκουσαν
1655 2576 1694 2617 Α
1710 2577 1746 2616 Β
1763 2577 1798 2618 C

144 2644 195 2672 10
221 2635 274 2674 τὰ
295 2631 397 2674 αὐτά
419 2632 452 2671 Ρ
466 2631 505 2671 R
521 2631 551 2671 S
564 2631 603 2670 V
738 2645 785 2670 12
814 2634 994 2685 κεφαλὰς
1016 2631 1050 2670 C
1163 2633 1490 2682 ἐπηπειλήσαντο
1511 2632 1550 2671 Α
1564 2632 1598 2670 Β
1623 2632 1744 2683 (ἐπι-)
1764 2633 1798 2672 C

144 2699 193 2736 13
221 2695 321 2739 σφιν
342 2686 432 2726 RV
532 2687 585 2736 δὴ
603 2699 683 2725 om.
708 2685 739 2724 S
754 2686 792 2725 V
946 2697 993 2735 14
1024 2686 1181 2728 ἐποίεον
1202 2687 1241 2726 R
1258 2687 1339 2726 SV
1506 2699 1553 2735 15
1584 2688 1672 2727 ἀντὶ
1693 2685 1802 2741 (τοῦ)

138 2741 408 2782 Valckenaer
581 2740 770 2795 ἐνορχέας
808 2739 1099 2780 Wilamowitz
1121 2755 1130 2780 z
1179 2741 1365 2795 ἐνόρχιας
1402 2740 1442 2779 Α
1463 2740 1498 2780 Β
1521 2741 1578 2781 C:
1630 2740 1801 2794 ἐνόρχας

141 2794 326 2836 PRSV
530 2797 580 2835 16
607 2808 755 2837 τεοῐῐι.
782 2793 987 2835 P1RSV
1190 2808 1236 2846 17
1269 2794 1800 2845 δὴΑΙάυςτδὲΡΙὶὸνε

139 2850 345 2891 τεΑΒΟ
515 2862 564 2901 19
594 2849 840 2903 ἑξῆς-ΑΒΕ
1018 2862 1071 2889 22
1099 2850 1515 2891 wanemABCS
1681 2852 1803 2900 23²²

141 2917 226 2946 om.
247 2903 282 2944 P
296 2904 336 2945 R
350 2904 381 2945 S
394 2904 434 2944 V
447 2904 500 2943 Bc
629 2915 681 2954 25
711 2906 788 2946 elo-t
811 2904 845 2943 P
859 2903 898 2942 R
912 2902 943 2944 S
956 2902 995 2943 V
1124 2906 1179 2943 26
1207 2905 1413 2958 Σηλυβρίη
1436 2903 1470 2943 Ρ
1483 2904 1539 2943 Bc
1555 2919 1565 2944 ε
1594 2905 1801 2959 Συληβρίη

143 2957 183 2999 R
198 2958 229 3000 S
243 2958 283 2999 V
392 2958 630 3013 Βυξάντειον
651 2958 880 3012 Βυζάντειοι
902 2958 942 3000 R
1109 2971 1161 3010 27
1191 2966 1322 3002 Χαλκ.
1346 2958 1386 2999 Α
1398 2958 1434 2999 Β
1450 2959 1483 2999 C
1498 2958 1532 2998 P

1835 121 1922 168 VI.
1952 133 2007 181 31

1832 266 1888 314 31

1834 587 2101 675 ²W'

1834 1112 1899 1162 32

1835 1867 1902 1915 33
