2132 3340
747 118 1124 166 ιΣΤΟΡΙΩΝ
1190 119 1207 166 1
1864 118 1951 168 IX.
1979 107 2054 181 49

149 250 176 302 ὃ
199 253 254 303 δὲ
275 248 509 303 Ἀσωπὸς
531 250 707 317 ἀγχοῦ·
752 249 1037 315 ἐρυκόμενοι
1060 251 1113 301 δὲ
1136 252 1222 300 τοῦ
1244 247 1483 300 Ἀσωποῦ
1505 241 1631 300 οὕτω
1657 247 1716 313 δὴ
1741 247 1825 301 ἐπὶ
1842 246 2128 334 mamb&

147 333 240 399 τὴν
264 332 446 401 κρήνην
464 334 695 401 ἐφοίτων·
738 332 836 386 ἀπὸ
860 338 946 384 τοῦ
968 338 1190 398 ποταμοῦ
1208 331 1303 400 γάρ
1325 339 1425 401 σφι
1447 332 1534 385 οὐκ
1558 331 1674 398 ἐξῆν
1692 333 1823 400 ὕδωρ
2068 315 2132 342 ω

149 418 423 487 φορέεσθαι
451 418 550 470 ὑπό
578 440 630 470 τε
659 423 758 470 τῶν
789 416 979 470 ἱππέων
1012 417 1091 469 καὶ
1121 416 1452 489 τοξευμάτων,

231 503 423 555 Τούτου
444 505 496 555 δὲ
520 503 741 561 τοιούτου
764 501 1026 570 γινομένου
1049 504 1095 554 οἱ
1119 507 1220 554 τῶν
1242 495 1506 567 Ἑλλήνων
1530 505 1818 570 στρατηγοί,
1858 523 1930 573 50
1987 502 1992 507 ’

101 609 124 651 5
150 586 238 641 ἅτε
268 591 363 638 ,τοῦ
401 609 454 640 τε
492 588 669 642 ὕδατος
705 587 1032 654 στερηθείσης
1071 589 1158 650 τῆς
1201 590 1435 654 στρατιῆς
1479 587 1558 639 καὶ
1599 586 1695 639 ὑπὸ
1734 591 1822 652 τῆς

150 673 301 725 ἵππου
340 670 735 739 ταρασσομένης,
775 670 1161 739 συνελέχθησαν
1199 671 1309 738 περὶ
1348 670 1508 723 αὐτῶν
1543 692 1598 724 τε
1633 671 1822 723 τούτων

152 756 231 808 καὶ
264 755 452 815 ἄλλων,
485 756 718 809 ἐλθόντες
751 757 883 822 παρὰ
917 756 1211 820 Παυσανίην
1251 756 1332 808 ἐπὶ
1368 754 1425 807 τὸ
1460 754 1621 819 δεξιὸν
1659 755 1830 822 κέρας.’

93 834 99 840 ’
150 840 283 892 ἄλλα
300 842 397 908 γὰρ
414 840 602 892 τούτων
620 840 856 892 τοιούτων
877 839 1060 892 ἐόντων
1077 841 1275 905 μᾶλλόν
1297 846 1461 906 σφεας
1481 839 1676 893 ἐλύπεε·
1707 840 1820 893 οὔτε

150 927 245 992 γὰρ
282 926 419 977 σιτία
459 924 598 993 εἶχον
633 924 721 984 ἔτι,
753 926 805 977 οἵ
835 922 891 976 τέ
932 931 1106 992 σφεων
1146 923 1361 993 ὀπέωνες
1404 923 1821 992 ἀποπεμφθέντες
1866 917 2132 979 affin-tu

78 1028 128 1058 10
150 1011 202 1063 ἐς
238 1009 638 1074 Πελοπόννησον
674 1009 739 1063 ὡς
775 1009 1159 1074 ἐπισιτιεύμενοι
1204 1009 1564 1074 ἀπεκεκληίατο
1603 1009 1700 1061 ὑπὸ
1735 1013 1822 1075 τῆς

149 1095 318 1154 ἵππου,
345 1095 402 1146 οὐ
425 1092 684 1159 δυνάμενοι
708 1093 974 1146 ἀπικέσθαι
999 1095 1049 1147 ἐς
1072 1083 1512 1161 τὸστρατόπεδον.
1576 1099 1817 1159 βουλευο-
1858 1113 1913 1161 51

149 1178 347 1244 μένοισι
371 1180 422 1231 δὲ
447 1183 581 1231 τοῖσι
605 1182 935 1246 στρατηγοῖσι
959 1177 1114 1243 ἔδοξε,
1136 1174 1198 1243 ἢν
1218 1178 1604 1245 ὑπερβάλωνται
1628 1181 1822 1244 ἐκείνην

150 1263 240 1327 τὴν
262 1262 447 1330 ἡμέρην
471 1265 517 1316 οἱ
543 1262 738 1331 Πέρσαι
770 1262 1036 1330 συμβολὴν
1065 1261 1130 1328 μὴ
1157 1263 1451 1329 ποιεύμενοι,
1480 1265 1529 1317 ἐς
1552 1262 1641 1327 τὴν
1666 1267 1822 1328 νῆσον

152 1348 292 1400 ἰέναι.
379 1348 410 1413 ἡ
455 1346 510 1400 δέ
553 1340 664 1400 ἐστῗ
708 1347 805 1400 ἀπὸ
850 1352 936 1399 τοῦ
974 1347 1213 1400 Ἀσωποῦ
1258 1348 1336 1400 καὶ
1379 1351 1466 1412 τῆς
1512 1346 1690 1415 κρήνης
1734 1351 1821 1413 τῆς

78 1451 123 1493 15
154 1434 458 1500 Γαργαφίης,
506 1432 583 1485 ἐπ’
626 1430 658 1505 ᾗ
711 1433 1186 1500 ἐστρατοπεδεύοντο
1238 1433 1367 1492 τότε,
1419 1432 1537 1485 δέκα
1589 1433 1822 1487 σταδίους

150 1516 428 1586 ἀπέχουσα,
462 1516 557 1584 πρὸ
586 1521 674 1583 τῆς
706 1516 1005 1570 Πλαταιέων
1041 1517 1232 1571 πόλιος.
1322 1520 1474 1582 νῆσος
1510 1519 1563 1570 δὲ
1598 1518 1723 1570 οὕτω
1759 1516 1821 1570 ἂν
1860 1537 1886 1570 2

150 1604 224 1667 εἵη
276 1604 331 1655 ἐν
381 1601 583 1672 ἠπείρῳ·
652 1603 948 1670 σχιζόμενος
998 1600 1062 1669 [ὁ]
1115 1605 1334 1667 ποταμὸς
1392 1601 1579 1654 ἄνωθεν
1631 1603 1684 1654 ἐκ
1735 1607 1823 1655 τοῦ

151 1690 457 1754 Κιθαιρῶνος
484 1685 587 1754 ῥέει
618 1676 762 1738 xci-ras
780 1689 830 1740 ἐς
861 1686 917 1739 τὸ
948 1687 1131 1750 πεδίον,
1168 1686 1349 1754 διέχων
1380 1686 1465 1739 ἀπ’
1490 1685 1730 1752 ἀλλήλων
1760 1689 1822 1739 τὰ

147 1770 327 1838 ῥέεθρα
349 1773 588 1846 &affin-ep
611 1771 723 1838 τρία
748 1770 942 1831 στάδια,
974 1771 1052 1822 καὶ
1083 1771 1255 1823 ἔπειτα
1279 1772 1549 1838 συμμίσγει
1572 1773 1622 1826 ἐς
1646 1771 1819 1824 τώυτό·
1852 1793 1907 1818 u
1925 1783 2093 1825 me&
2109 1794 2132 1820 ο

77 1877 128 1906 20
149 1855 352 1921 οὔνομα.
373 1854 427 1908 δέ
467 1858 513 1908 οἱ
550 1855 753 1923 Ὠερόη.
843 1854 1089 1923 θυγατέρα
1131 1857 1183 1908 δὲ
1222 1856 1402 1921 ταύτην
1442 1855 1654 1923 λέγουσι
1695 1857 1822 1909 εἶναι

150 1939 387 1993 Ἀσωποῦ
424 1942 471 1992 οἱ
507 1941 785 2009 ἐπιχώριοιι
867 1942 918 1994 ἐς
952 1945 1127 1993 τοῦτον
1165 1939 1223 2005 δὴ
1255 1940 1342 1992 τὸν
1376 1946 1542 2009 χῶρον
1579 1941 1815 2006 ἐβουλεύ-
1858 1957 1884 2002 3

150 2046 305 2077 σαντο
339 2014 725 2091 μεταναστῆναι,
758 2025 840 2077 ἵνα
872 2024 951 2076 καὶ
986 2026 1126 2077 ὕδατι
1162 2024 1321 2093 ἔχωσι
1356 2029 1577 2094 χρᾶσθαι
1614 2020 1820 2096 ἀφθόνῳ
2023 2070 2120 2123 „a

151 2109 230 2161 καὶ
273 2111 319 2162 οἱ
366 2108 539 2164 ἱππέες
587 2108 751 2176 σφέας
801 2108 867 2174 μὴ
914 2109 1138 2161 σινοίατο
1183 2109 1355 2177 ὥσπερ
1402 2109 1570 2162 κατιθὺ
1618 2075 2132 2200 ἐόντωνξξςεὶἣριύ

147 2193 531 2258 μετακινέεσθαί
565 2216 619 2247 τε
660 2194 824 2246 ἐδόκεε
865 2194 977 2246 τότε
1018 2196 1169 2246 ἐπεὰν
1209 2197 1297 2259 τῆς
1339 2194 1510 2248 νυκτὸς
1548 2194 1579 2266 ᾖ
1619 2184 2132 2291 δευτέρηἭ

77 2302 124 2343 25
150 2277 366 2345 φυλακή,
415 2279 480 2333 ὡς
525 2277 587 2330 ἂν
629 2277 695 2343 μὴ
743 2278 928 2330 ἰδοίατο
977 2280 1023 2330 οἱ
1071 2277 1269 2345 Πέρσαι
1324 2278 1691 2345 ἐξορμωμένους
1740 2281 1824 2331 καί

150 2369 317 2429 σφεας
348 2364 580 2428 ἑπόμενοι
609 2361 916 2429 ταράσσοιεν
947 2364 993 2415 οἱ
1025 2363 1244 2416 ἱππόται.
1336 2362 1647 2429 ἀπικομένων
1676 2366 1729 2416 δὲ
1767 2366 1819 2418 ἐς
1856 2381 1883 2423 4

1172 2447 1184 2465 Χ

149 2450 236 2499 τὸν
274 2451 437 2515 χῶρον
476 2452 665 2506 τοῦτον,
703 2445 790 2499 τὸν
831 2446 888 2511 δὴ
925 2447 955 2512 ἡ
993 2445 1216 2501 Ἀσωπις
1251 2446 1437 2515 Ὠερόη
1476 2448 1819 2517 περισχίζεται

146 2529 333 2596 ῥέουσα
358 2533 410 2583 ἐκ
434 2535 520 2583 τοῦ
547 2535 864 2598 Κιθαιρῶνος,
891 2530 987 2583 ὑπὸ
1017 2530 1106 2596 τὴν
1130 2532 1281 2584 νύκτα
1303 2532 1484 2598 ταύτην
1509 2532 1676 2585 ἐδόκεε
1705 2531 1819 2586 τοὺς
1880 2541 1885 2544 ’

208 2683 225 2710 1
260 2672 336 2712 ἀπὸ
359 2674 431 2712 τοῦ
455 2670 638 2711 Ἀσωποῦ
659 2670 693 2708 C
710 2670 743 2708 P
873 2683 897 2708 2
927 2673 1028 2719 ὕδωρ
1055 2684 1136 2710 om.
1164 2671 1202 2710 R
1220 2670 1302 2709 SV
1431 2673 1456 2711 8
1487 2673 1597 2713 ἅλλα
1619 2672 1678 2711 S:
1708 2672 1819 2713 ἀλλὰ

150 2725 239 2765 rell.
356 2725 616 2776 ἐπελύπεε(ν)
653 2725 687 2763 C
704 2725 736 2762 P
875 2738 902 2774 9
945 2725 1116 2766 ὀπεῶνες
1154 2726 1189 2763 R
1210 2738 1219 2763 t
1262 2725 1437 2767 ὃπαῶνες
1473 2726 1503 2765 S
1522 2740 1531 2765 :
1573 2727 1748 2767 ἆπεῶνες
1780 2726 1820 2765 V

154 2793 203 2819 10
232 2779 508 2829 ἀπεκεκλέασο
529 2779 568 2818 Α
583 2780 617 2818 Β
634 2780 667 2819 C
683 2779 715 2818 P
733 2793 743 2819 :
774 2778 1053 2820 ἆποκεκλέατο
1076 2779 1114 2818 R
1130 2779 1160 2818 S
1173 2780 1212 2819 V
1335 2782 1410 2821 ἀπὸ
1431 2781 1465 2819 C
1651 2793 1667 2820 1
1680 2794 1694 2819 1
1730 2782 1819 2821 ἀπι·

150 2834 310 2876 κέεσθαι
333 2835 372 2872 R
511 2847 558 2884 13
587 2835 642 2885 μὴ
665 2848 746 2873 om.
770 2834 808 2872 A
824 2834 858 2872 Β
874 2834 907 2872 C
924 2834 956 2873 P
1102 2846 1150 2883 15
1179 2835 1228 2883 ἢν
1249 2834 1287 2873 Α
1308 2835 1390 2874 BC
1408 2835 1440 2873 P
1585 2838 1634 2874 16
1664 2836 1820 2887 ἔχουσα

153 2889 191 2928 R
209 2890 289 2929 SV
455 2889 522 2940 tw]
547 2892 581 2930 δ’
603 2890 651 2930 ἂν
674 2889 712 2927 R
729 2889 811 2927 SV
1000 2901 1045 2939 17
1078 2893 1098 2929 ὃ
1120 2890 1200 2928 del.
1225 2890 1348 2928 Stein
1522 2892 1568 2928 18
1599 2891 1756 2931 παιδίον
1778 2890 1817 2928 R

153 2945 325 3038 159νπερ]
348 2962 392 2985 τε
417 2945 614 2995 Krueger
725 2947 846 2987 τοῦτο
870 2943 907 2981 R
924 2943 954 2982 S
968 2943 1004 2982 V
1135 2957 1189 2983 20
1219 2949 1239 2985 ὁ
1262 2944 1300 2982 R
1316 2946 1352 2984 V
1483 2958 1536 2983 22
1564 2947 1817 2996 μεταστῆναι
