2132 3340
127 32 216 90 IX.
240 47 325 90 116

0 261 222 323 Μ

303 437 329 481 3

258 694 330 730 111

983 35 1415 88 ΗΡΟΔΟΤΟΎ

367 169 535 234 τυκτά,
571 172 701 246 κατβιῖιχ
729 172 782 222 δὲ
814 164 936 237 [τὴν]
967 169 1231 242 Ἑλλήνων
1266 176 1512 239 γλῶσσαν
1546 168 1757 224 τέλειον·
1801 171 1915 226 τότε
1950 172 2031 227 καὶ

367 254 457 318 τὴν
481 237 707 321 κεφαλὴν
730 237 1405 323 σμᾷ-ταιβμῖῦνονχβασιλεὺς
1429 255 1505 308 καὶ
1530 255 1737 323 Πέρσας
1760 256 2028 325 δωρέεται),

338 334 363 409 ζ
367 339 549 403 ταύτην
587 338 644 403 δὴ
681 338 771 403 τὴν
802 337 990 406 ἡμέρην
1004 336 1300 406 Ἰρυλάξασα
1339 340 1676 408 ἡ”Αμηστρις
1714 342 1904 410 χρηίζει
1943 347 2031 394 τοῦ

371 422 570 489 Ξέρξεω
601 425 808 487 δοθῆναί
833 426 878 476 οἱ
908 423 997 488 τὴν
1023 425 1300 476 Μασίστεω
1332 429 1556 491 γυναῖκα.
1643 426 1678 475 ὅ
1699 428 1751 477 δὲ
1783 427 1946 479 δεινόν
1974 448 2030 479 τε

370 508 448 559 καὶ
485 507 725 574 ἀνάρσιον
761 507 982 560 ἐποιέετο
1017 513 1162 560 τοῦτο
1202 510 1294 574 μὲν
1335 510 1585 576 ἀδελφεοῦ
1623 514 1833 576 γυναῖκα
1871 531 2028 578 παρα·
2054 533 2086 578 5,

368 595 552 651 δοῦναι,
599 597 742 644 τοῦτο
785 595 837 644 δὲ
881 593 1106 657 ἀναιτίην
1152 595 1332 644 ἐοῦσαν
1376 598 1463 645 τοῦ
1507 592 1794 660 πρήγματος
1836 595 2028 654 τούτου·

369 678 682 743 συνῆκε’γᾶρ
719 681 803 728 τοῦ
837 678 1022 729 εἵνεκεν
1059 676 1239 729 ἐδέετο.
1328 677 1472 731 τέλος
1507 676 1676 743 μέντοι
1711 674 1807 746 [γε]
1843 680 1896 731 ἐκ
1926 680 2059 781 “yffi'‘
2082 721 2106 751 τ

367 782 418 812 τε
450 761 786 827 λιπαρεούσης
811 762 890 813 καὶ
915 761 1009 813 ὑπὸ
1033 766 1118 813 τοῦ
1142 762 1292 827 νόμου
1317 760 1655 829 ἐξεργόμενος,
1681 764 1758 814 ὅτι
1781 752 2031 835 &QZ-*Q
2105 771 2118 781 “

366 844 453 897 τὸν
485 845 749 914 χρηίζοντα
779 846 834 897 οὔ
866 852 963 913 σφι
992 847 1200 898 δυνατόν
1233 849 1341 930 ἐστέ,
1356 828 1652 932 ζὲαὲηιληίου
1682 841 2036 926 &smothffi

368 929 606 994 κειμένου,
657 929 810 996 κάρτα
854 930 911 995 δὴ
957 930 1116 982 ἀέκων
1161 910 1414 1005 Karistia
1459 931 1537 982 καὶ
1583 930 1828 998 παραδοὺς
1875 931 2032 985 ποιέει
2057 955 2105 984 ιο

367 1015 477 1065 ὧδε·
525 1013 615 1078 τὴν
643 1017 733 1077 μὲν
759 1014 948 1067 κελεύει
977 1013 1165 1067 ποιέειν
1187 1016 1248 1065 τὰ
1278 1015 1534 1080 βούλεται,
1563 1016 1589 1065 ὁ
1619 1018 1673 1067 δὲ
1700 1015 2028 1084 μεταπεμψά-

367 1119 514 1160 μενος
535 1097 622 1149 τὸν
646 1098 896 1166 ἀδελφεὸν
917 1098 1058 1166 λέγει
1080 1098 1212 1151 τάδε·
1261 1100 1523 1158 Μασίστα,
1552 1099 1616 1150 σὺ
1647 1100 1716 1153 εἷς
1741 1101 1955 1166 Δαρείου
1977 1122 2032 1153 τε

367 1188 483 1236 παῖς
520 1182 598 1234 καὶ
634 1182 748 1247 ἐμὸς
784 1183 1047 1250 ἀδελφεός,
1074 1183 1202 1257 (πρὸς
1238 1183 1281 1234 δ’
1319 1177 1392 1235 ἔτι
1427 1184 1649 1235 τούτοισι
1667 1183 1765 1257 *fai
1802 1182 2030 1251 εῗςάνὴρ

368 1267 570 1333 ἀγαθός·
617 1267 810 1333 γυναικὶ
850 1267 908 1331 δὴ
949 1267 1101 1339 ταύτῃ
1139 1269 1198 1339 τῇ
1240 1273 1327 1319 νῦν
1363 1266 1636 1321 συνοικέεις
1677 1267 1743 1333 μὴ
1786 1269 2028 1327 συνοίκεε,

368 1350 501 1402 ἀλλά
531 1344 742 1402 τοι(ἀντ’
774 1351 937 1422 αὐτῆς)
951 1352 1048 1418 ἐγὼ
1079 1354 1251 1416 δίδωμι
1285 1350 1530 1419 θυγατέρα
1558 1351 1649 1416 τὴν
1673 1350 1812 1417 ε’μήν.
1879 1352 2030 1424 ταύτῃ
2057 1371 2105 1414 15

368 1436 609 1486 συνοίκεε·
662 1434 752 1499 τὴν
796 1439 849 1487 δὲ
893 1440 979 1487 νῦν
1023 1436 1170 1503 ἔχεις,
1218 1435 1273 1508 οὗ
1318 1438 1412 1503 γὰρ
1457 1435 1617 1488 δοκέει
1661 1436 1783 1501 ε’μοί,
1831 1435 1898 1501 μὴ
1943 1436 2031 1504 ἔχε

367 1525 589 1585 γυναῖκα.
679 1520 705 1570 ὁ
740 1523 792 1571 δὲ
830 1521 1103 1583 Μασίστης
1138 1520 1474 1585 ἀποθωμάσας
1510 1522 1571 1571 τὰ
1604 1521 1856 1587 λεγόμενα
1889 1518 2032 1587 λέγει

366 1602 499 1655 τάδε·
537 1602 610 1653 ’ἳΩ
635 1602 870 1662 δέσποτα,
896 1605 1008 1655 τίνα
1034 1625 1118 1669 μοι
1147 1605 1302 1671 λόγον
1325 1603 1492 1671 λέγεις
1516 1604 1788 1672 ἄχρηστον,
1815 1604 2030 1656 κελεύων

365 1709 427 1752 με
452 1692 675 1754 γυναῖκα,
702 1689 755 1738 ἐκ
785 1691 870 1751 τῆς
899 1709 984 1752 μοι
1014 1687 1183 1741 παῖδές
1206 1710 1259 1744 τε
1289 1690 1476 1753 νεηνίαι
1509 1688 1608 1740 εἶσὶ
1641 1689 1718 1740 καὶ
1748 1687 2026 1756 θυγατέρες,

367 1775 465 1822 τῶν
497 1771 575 1823 καὶ
607 1771 670 1823 σὺ
700 1773 817 1836 μίαν
840 1758 905 1842 ’τῷ
931 1774 1066 1824 παιδὶ
1096 1778 1162 1842 τῷ
1196 1770 1630 1844 σεωυτοῦ)ἠγάγεο
1654 1778 1876 1840 γυναῖκα,
1907 1771 2028 1838 αὐτή
2055 1797 2105 1826 20

366 1854 422 1907 τέ
449 1877 532 1920 μοι
565 1858 686 1907 κατὰ
716 1857 830 1907 νόον
852 1855 1090 1924 τυγχάνει
1122 1856 1274 1923 κάρτα
1305 1859 1473 1916 ἐοῦσα,
1506 1857 1690 1922 ταύτην
1720 1871 1781 1922 με
1814 1857 2030 1910 κελεύεις

367 1939 577 2004 μετέντα
594 1934 859 2007 ςθυγατέρα
894 1940 984 2004 τὴν
1021 1926 1329 2008 σὴιῦγῆμαυ
1379 1941 1476 2008 ἐγὼ
1516 1939 1585 2000 δέ,
1627 1945 1861 2006 βασιλεῦ,
1893 1939 2068 2019 EQ

366 2026 459 2088 μὲν
496 2029 718 2088 ποιεῦμαι
748 2014 1317 2104 ”ἀξιεύμενος)θυγατρὸς
1352 2029 1440 2090 τῆς
1478 2008 1823 2106 σῆς,ἷποιήσω
1858 2024 2029 2090 μέντοι

318 2135 327 2143 ·
367 2107 552 2160 τούτων
585 2107 828 2175 οὐδέτερα.
891 2107 980 2160 ’σὺ
1020 2111 1073 2161 δὲ
1106 2113 1341 2174 μηδαμῶς
1377 2114 1476 2186 βιῷ
1514 2107 1802 2175 πρήγματος
1835 2113 2029 2161 τοιοῦδε

369 2192 616 2256 δεόμενος·
664 2194 797 2244 ἀλλὰ
820 2184 896 2263 (τῇ
935 2213 989 2245 τε
1034 2194 1098 2264 σῇ
1140 2177 1365 2260 θυγατρὶ)
1387 2192 1511 2259 ἀνὴρ
1549 2191 1706 2246 ἄλλος
1748 2191 2028 2259 φανήσεται
2054 2214 2102 2256 25

370 2276 485 2340 ε’μεῦ
527 2275 669 2328 οὐδὲν
710 2277 904 2341 ἥσσων,
951 2276 1038 2342 ε’μέ
1079 2298 1133 2329 τε
1176 2276 1234 2329 ἔα
1273 2277 1465 2344 γυναικὶ
1504 2277 1562 2348 τῇ
1604 2278 1696 2348 ἐμῇ
1737 2275 2026 2329 συνοικέειν.

428 2428 446 2454 1
479 2416 557 2465 τὴν
575 2429 655 2455 om.
683 2400 722 2454 R
739 2416 768 2456 S
783 2417 820 2456 V
959 2430 983 2455 2
1014 2417 1184 2471 Πέρσαις
1205 2415 1365 2456 Athen.
1511 2428 1538 2466 3
1567 2414 1611 2456 δὲ
1633 2415 1666 2454 C
1778 2415 1917 2469 χρήξει
1939 2414 2030 2453 RV

371 2482 393 2520 7
423 2488 473 2524 γε
496 2484 577 2510 om.
599 2471 636 2509 A
653 2471 686 2510 B
703 2472 735 2511 C
751 2473 784 2510 P
895 2473 1028 2521 κείνης
1048 2482 1181 2525 λιπαρ.
1207 2472 1241 2511 C
1400 2483 1452 2519 14
1483 2469 1527 2511 δὲ
1549 2471 1587 2508 R
1605 2470 1687 2508 SV
1841 2482 1889 2519 15
1920 2468 2030 2510 ἄλλά

368 2555 380 2566 .
405 2556 416 2566 .
443 2557 452 2565 .
476 2526 657 2567 συνοίκεε
678 2540 758 2567 om.
784 2526 823 2564 R
994 2530 1043 2565 16
1073 2528 1222 2568 δοκέεις
1246 2526 1285 2563 R
1388 2542 1463 2576 μμοι
1486 2525 1524 2563 R
1541 2525 1622 2564 SV
1777 2536 1823 2574 17
1855 2525 2027 2564 ἀποθωυ-

368 2579 499 2631 μάσας
522 2580 578 2621 P:
611 2581 742 2621 ἂποθω
757 2594 784 2622 ÷
798 2581 926 2630 μάσας
949 2581 989 2618 R
1113 2583 1162 2619 18
1191 2580 1319 2632 λόγον
1337 2597 1402 2631 μοι
1422 2579 1463 2617 Α
1586 2591 1636 2628 19
1663 2578 1734 2629 με]
1755 2595 1820 2629 μοι
1840 2577 1881 2616 Α
1895 2578 1930 2616 Β
1947 2577 1980 2616 C
1995 2577 2030 2616 P

371 2635 521 2683 νεηνίαι
541 2652 587 2675 τε
612 2635 645 2673 Ρ
661 2636 699 2674 R
716 2636 745 2675 S
759 2637 796 2674 V
1017 2649 1071 2675 20
1098 2641 1155 2687 τῷ
1178 2636 1241 2674 R:
1272 2639 1329 2675 τῶ
1348 2635 1387 2672 V
1479 2657 1484 2668 ι
1511 2634 1575 2674 καὶ
1595 2645 1677 2672 om.
1703 2633 1743 2671 R
1757 2632 1838 2672 SV
1959 2632 2030 2682 μία

372 2688 464 2728 RV
573 2690 643 2730 alt.
665 2695 721 2742 τῷ
744 2704 822 2729 om.
848 2690 882 2728 C
993 2690 1175 2742 ἠγάγετο
1197 2689 1288 2727 RV
1399 2691 1500 2737 αὕτη
1523 2688 1556 2726 C
1571 2687 1605 2726 P
1750 2699 1797 2725 21
1831 2685 2028 2738 τυγχάνει

372 2744 476 2784 κατὰ
511 2743 601 2785 νόον
636 2745 669 2783 C
817 2762 866 2795 με
901 2758 981 2783 om.
1023 2745 1056 2782 C
1073 2746 1132 2783 P:
1166 2743 1241 2794 μὲν
1278 2743 1370 2781 RV
1560 2754 1613 2780 22
1642 2741 1815 2793 μεθέντα
1842 2740 2028 2779 ABCP

371 2799 450 2847 τὴν
487 2812 568 2839 om.
617 2800 655 2838 R
675 2798 755 2838 SV
1020 2799 1194 2854 μεγάλα
1230 2797 1269 2836 Α
1291 2798 1325 2836 Β
1348 2797 1381 2836 C
1401 2797 1434 2835 P
1725 2809 1775 2845 24
1819 2794 2027 2848 οὐδέτερον

375 2852 414 2890 R
433 2853 462 2891 S
479 2853 514 2891 V
679 2853 863 2894 τοιούτου
894 2853 983 2891 RV
1174 2856 1227 2892 26
1256 2856 1308 2901 τῆ
1339 2854 1413 2903 ἐμῆ
1441 2851 1600 2903 γυναικὶ
1631 2852 1667 2890 R
1830 2851 2028 2891 συνοικεῖν

376 2907 465 2945 RV
