2132 3340
714 104 1093 154 ΙΣΤΟΡΙΩΝ
1160 100 1210 152 Θ

128 236 394 306 κατήκουσι
431 234 691 304 πρήγμασι
723 234 841 287 τάδε
876 234 1082 299 ποιητέα
1120 240 1218 301 σφι
1255 232 1381 285 εἶναι
1417 232 1579 300 ἔλεγε,
1613 237 1712 285 τῶν
1741 253 1808 285 τε,

125 322 393 390 προβάτων
423 325 520 373 τῶν
554 320 814 387 Εὐβοϊκῶν
845 319 1106 370 καταθύειν
1135 319 1235 370 ὅσα
1266 339 1339 371 τις
1369 317 1534 370 ἐθέλοι
1557 316 1795 385 (κρέσσον

125 410 221 475 γὰρ
259 406 384 459 εἶναι
425 405 515 470 τὴν
551 403 790 472 στρατιὴν
827 403 963 471 ἔχειν
999 398 1030 467 ἢ
1066 403 1180 456 τοὺς
1221 401 1521 468 πολεμίους),
1560 401 1796 470 παραίνεέ

124 513 179 544 τε
211 494 464 559 προειπεῖν
489 494 623 541 τοῖσι
655 491 845 541 ἑωυτῶν
878 486 1118 541 ἑκάστους
1147 492 1243 555 πῦρ
1275 488 1544 540 ἀνακαίειν·
1594 490 1796 553 κομιδῆς

77 598 99 639 5
124 579 178 628 δὲ
224 575 337 644 πέρι
386 575 477 640 τὴν
523 575 654 640 ὥρην
701 575 830 643 αὐτῷ
883 572 1127 638 μελήσειν
1179 573 1312 624 ὥστε
1364 572 1569 626 ἀσινέας
1621 572 1793 625 ἀπικέ-

125 663 244 713 σθαι
280 662 332 714 ἐς
361 659 451 724 τὴν
480 658 722 711 Ἑλλάδα.
797 662 949 710 ταῦτα
978 656 1133 725 ἤρεσέ
1163 664 1260 725 σφι
1291 656 1478 710 ποιέειν
1511 658 1590 709 καὶ
1621 657 1796 709 αὐτίκα

125 747 253 812 πυρὰ
284 743 683 809 ἀνακαυσάμενοι
719 742 984 810 ἐτρέποντο
1021 742 1144 809 πρὸς
1178 745 1239 794 τὰ
1279 743 1526 810 πρόβατα.
1615 743 1662 793 οἱ
1699 744 1795 809 γὰρ

125 828 347 896 Εὐβοέες
390 827 835 897 παραχρησάμενοι
880 826 967 879 τὸν
1012 826 1222 881 Βάκιδος
1265 826 1496 895 χρησμὸν
1542 826 1608 880 ὡς
1653 827 1796 878 οὐδὲν

1840 101 1978 151 VIII.
2004 95 2067 163 19

1831 756 1901 793 20

87 913 353 982 ,λέγοντα,
408 913 510 979 οὔτ’
561 911 917 978 ἐξεκομίσαντο
975 913 1119 964 οὐδὲν
1168 911 1281 964 οὔτε
1332 910 1677 979 προεσάξαντο
1730 911 1796 966 ὡς
1847 931 1850 933 ’

1827 1006 2132 1049 “suffla—⁹*

53 1020 100 1049 10
122 998 466 1066 παρεσομένου
502 1004 602 1066 σφι
635 997 875 1064 πολέμου,
907 995 1176 1064 περιπετέα
1209 1018 1264 1049 τε
1301 995 1603 1061 ἐποιήσαντο
1639 997 1796 1064 σφίσι

121 1083 317 1136 αὐτοῖσι
345 1085 405 1136 τᾶ
436 1081 718 1151 πρήγματα.
807 1080 982 1134 Βάκιδι
1012 1084 1107 1150 γὰρ
1138 1083 1234 1134 ὧδε
1269 1082 1375 1150 ἔχει
1406 1082 1518 1149 περὶ
1549 1081 1737 1134 τούτων
1768 1081 1794 1132 ὁ

119 1169 364 1236 Χρησμός·

205 1272 408 1342 φράζεο,
439 1273 847 1342 βαρβαρόφωνος
877 1273 997 1324 ὅταν
1031 1270 1175 1340 ζυγὸν
1207 1273 1277 1326 εἷς
1308 1271 1408 1324 ἅλα
1438 1270 1614 1344 βάλλῃ

203 1359 472 1424 βύβλινον,
507 1357 728 1424 Εὐβοίης
757 1355 966 1425 ἀπέχειν
996 1355 1348 1423 πολυμηκάδας
1378 1356 1539 1425 αἶγας.

50 1483 97 1525 15
121 1464 345 1516 τούτοισι
376 1460 467 1530 [δὲ]
496 1463 638 1516 οὐδὲν
668 1468 804 1516 τοῖσι
834 1462 979 1515 ἔπεσι
1016 1462 1389 1531 χρησαμένοισι
1427 1464 1481 1514 ἐν
1513 1466 1648 1514 τοῖσι
1677 1461 1794 1515 τότε

121 1551 369 1615 παρεοῦσί
394 1570 449 1600 τε
480 1549 558 1600 καὶ
590 1549 976 1616 προσδοκίμοισι
1000 1552 1201 1599 κακοῖσι
1231 1549 1391 1613 παρῆν
1424 1553 1521 1614 σφι
1554 1547 1791 1618 συμφορῇ

121 1637 340 1702 χρᾶσθαι
385 1633 509 1701 πρὸς
552 1635 613 1685 τὰ
655 1632 888 1700 μέγιστα.
969 1634 1015 1684 οἱ
1065 1634 1157 1697 μὲν
1204 1630 1261 1696 δὴ
1310 1636 1465 1683 ταῦτα
1511 1631 1788 1700 ἔπρησσον,

122 1721 286 1786 παρῆν
334 1720 387 1771 δὲ
436 1719 462 1769 ὁ
511 1720 565 1770 ἐκ
611 1721 862 1786 Τρηχῖνος
911 1715 1243 1770 κατάσκοπος.
1332 1714 1393 1781 ἧν
1428 1719 1519 1782 μὲν
1568 1718 1664 1784 γὰρ
1713 1715 1791 1769 ἐπ’

1826 1058 1947 1130 {Qum

1830 1650 1887 1686 21

1968 1043 2132 1101 ww·

120 1801 417 1874 Ἀρτεμισίῳ
439 1801 754 1855 κατάσκοπος
778 1801 999 1862 Πολύας,
1023 1801 1169 1869 γένος
1187 1800 1516 1868 Ἀντικυρεύς,
1538 1805 1605 1853 τῶ
1631 1822 1790 1886 προσ-Ι
1817 1824 2128 1884 ΜνΜ

49 1911 100 1940 20
121 1886 354 1939 ἐτέτακτο
390 1888 489 1953 (καὶ
528 1887 634 1955 εἶχε
669 1891 848 1940 πλοῖον
886 1889 1092 1956 κατῇρες
1129 1884 1360 1951 ἕτοιμον),
1401 1887 1443 1938 εἰ
1480 1907 1550 1938 πα
1563 1907 1729 1960 -ησειε
1766 1886 1792 1936 ὁ
1821 1891 2116 1934 Mem,

120 1973 347 2027 ναυτικὸς
383 1972 612 2040 στρατός,
652 1972 914 2037 σημαίνειν
953 1975 1087 2023 τοῖσι
1127 1973 1182 2022 ἐν
1223 1970 1593 2043 Θερμοπύλῃσι
1633 1972 1789 2024 ἐοῦσι·

121 2057 186 2110 ὣς
216 2057 258 2108 δ’
290 2058 447 2110 αὕτως
478 2055 538 2121 ἧν
569 2056 885 2125 Ἀβρώνιχος
911 2057 941 2107 ’ὁ
965 2054 1245 2111 Λυσικλέος
1269 2055 1534 2121 Ἀθηναῖος
1556 2055 1635 2108 καὶ
1658 2057 1791 2123 παρὰ

76 2148 84 2151 “
119 2142 342 2214 Λεωνίδῃ
396 2142 590 2207 ἕτοιμος
639 2145 774 2193 τοῖσι
828 2140 905 2193 ἐπ’
966 2139 1264 2210 Ἀρτεμισίῳ
1320 2142 1459 2192 ἐοῦσι
1517 2139 1791 2207 ἀγγέλλειν

119 2225 461 2296 τριηκοντέρῳ,
486 2225 548 2291 ἤν
577 2247 625 2278 τι
657 2224 1021 2297 καταλαμβάνῃ
1046 2226 1287 2292 νεώτερον
1317 2229 1403 2277 τὸν
1434 2225 1601 2289 πεζόν.
1647 2225 1790 2279 οὗτος

47 2330 97 2373 25
121 2307 189 2363 ὧν
221 2312 247 2361 ὁ
277 2310 593 2379 Ἀβρώνιχος
624 2311 921 2375 ἀπικόμενός
953 2316 1052 2377 σφι
1074 2308 1295 2376 ἐσήμηνε
1319 2311 1379 2360 τὰ
1410 2310 1655 2377 γεγονότα
1678 2309 1790 2376 περὶ

121 2396 376 2461 Λεωνίδην
406 2395 487 2447 καὶ
510 2394 598 2447 τὸν
629 2395 847 2462 στρατὸν
878 2393 1043 2446 αὐτοῦ.
1107 2397 1153 2446 οἱ
1178 2397 1229 2446 δὲ
1255 2394 1320 2448 ὡς
1344 2394 1587 2447 ἐπύθοντο
1616 2398 1786 2453 ταῦτα,

177 2545 194 2571 1
247 2531 347 2573 εἶναί
386 2532 523 2586 σφιζν)
566 2532 600 2570 Ρ
622 2531 661 2570 R
685 2532 774 2571 SV
933 2544 958 2570 2
1003 2530 1113 2572 θέλοι
1150 2531 1294 2571 RSV
1459 2545 1484 2581 4
1530 2530 1719 2573 ἑκάστοις
1753 2531 1788 2570 C

118 2598 144 2636 5
175 2589 307 2629 αὐτῶν
328 2586 362 2625 C
473 2588 630 2628 ἀσινέες
652 2587 733 2626 SV
836 2584 1067 2627 ἄπικέεσθαι
1091 2587 1130 2626 R
1299 2599 1320 2635 7
1350 2587 1454 2639 πυρὰ
1475 2586 1632 2626 Cobet:
1663 2587 1789 2639 πυρὰς

120 2642 175 2683 S:
204 2645 280 2695 πῦρ
301 2641 392 2681 rell.
505 2640 744 2693 καυσόμενοι
769 2641 943 2692 RV(S)
1060 2640 1283 2694 ἐτράποντο
1306 2641 1391 2679 PR
1409 2641 1438 2680 S
1452 2641 1491 2680 V
1619 2654 1646 2691 9
1676 2640 1786 2694 οὔτ’]

119 2699 214 2738 οὔτε
251 2713 292 2737 τι
330 2696 371 2735 Α
385 2696 419 2735 Β
436 2695 469 2734 C
599 2695 901 2750 προσεσάξαντο
937 2695 978 2734 Α
993 2695 1028 2734 Β
1047 2696 1101 2736 P:
1143 2697 1358 2749 προσετάξ.
1400 2696 1660 2748 (προσεστάξ.
1680 2698 1715 2740 2)
1752 2696 1787 2734 C

124 2763 172 2801 13
220 2751 534 2805 βαρβαρόφωνος
587 2751 856 2804 (barbaricus)
906 2747 1052 2791 Valla:
1111 2759 1263 2803 -φωνον
1311 2751 1346 2789 L
1524 2752 1635 2792 ἄλλα
1684 2749 1723 2788 R
1749 2750 1789 2790 V

124 2819 172 2856 14
210 2805 386 2854 βύβλιον
416 2805 552 2845 RSV
663 2806 770 2847 πολὺ
796 2805 976 2857 μηκάδας
1007 2805 1092 2846 SV
1259 2818 1308 2855 15
1347 2804 1392 2847 δὲ
1421 2819 1502 2845 om.
1533 2805 1698 2845 ABC:
1737 2806 1787 2856 δὴ

120 2862 229 2901 coni.
257 2861 527 2901 Herwerden
652 2860 744 2902 οὐδὲ
766 2860 799 2899 C
983 2863 1032 2900 16
1061 2876 1248 2915 περεουσι
1271 2861 1364 2900 RV
1533 2873 1580 2910 17
1610 2864 1786 2914 χρῆσθαι

119 2916 160 2954 Α
174 2916 208 2954 Β
224 2916 258 2955 C
272 2915 305 2955 P
469 2929 523 2955 20
553 2915 712 2967 ἕτοιμον
733 2916 812 2956 del.
837 2915 1006 2955 Bekker
1115 2916 1355 2957 παλαίσειεν
1377 2915 1410 2954 C
1430 2931 1439 2956 :
1469 2915 1672 2965 παλήσιεν
1696 2915 1735 2954 R
1749 2913 1787 2953 V

122 2983 173 3009 22
204 2972 255 3012 ὣς
271 3002 280 3011 .
302 3002 310 3010 .
335 3002 343 3012 .
364 2973 472 3012 ἐοῦσι
492 2984 574 3010 om.
596 2971 631 3010 C
761 2983 813 3009 22
843 2971 1075 3025 Αβρόνιχος·
1094 2971 1129 3009 Β
1152 2971 1218 3024 (it.
1241 2983 1293 3023 25
1315 2970 1387 3023 Cl)
1510 2982 1563 3022 25
1595 2970 1786 3023 ἐσήμαινε

120 3025 161 3065 Α
174 3026 207 3063 Β
224 3026 256 3064 C
274 3025 307 3065 P
472 3029 524 3066 26
552 3026 748 3069 Λεωνίδεα
771 3027 808 3064 R
824 3026 854 3067 S
868 3026 906 3066 V

1829 2241 1855 2273 2
