2132 3340
0 306 115 389 ‘⁶⁸3

91 586 114 627 5

70 1004 116 1034 10

3 1424 114 1482 *15

67 1846 115 1875 20

65 2266 113 2308 25

728 93 1104 142 ΙΣΤΟΡΙΩΝ
1166 93 1216 141 Η

140 223 453 294 ὑπάρξαντας
483 223 672 289 ἀδικίης
696 224 753 276 οὐ
777 220 1176 291 τιμωρησόμεθα.
1253 225 1304 276 τί
1332 224 1615 283 δείσαντες,·
1665 223 1803 288 κοίην

141 308 358 375 πλήθεος
401 307 724 377 συστροφήω
805 310 943 373 κοίην
987 310 1039 360 δὲ
1084 307 1352 376 χρημάτων
1396 308 1625 372 δύναμιν,·
1703 311 1803 360 τῶν

139 393 449 460 ἐπιστάμεθα
494 395 586 459 μὲν
633 414 723 457 την
738 391 949 461 μάχην,
999 391 1306 458 ἐπιστάμεθα
1350 395 1403 445 δὲ
1454 391 1545 456 τὴν
1597 391 1802 457 δύναμιν

139 479 322 531 ἐοῦσαν
352 475 584 530 ἀσθενέα·
631 476 815 545 ἔχομεν
840 479 891 529 δὲ
915 476 1075 528 αὐτῶν
1106 480 1284 530 παῖδας
1319 475 1800 543 καταστρεψάμενοι,

139 563 339 619 τούτους
371 562 416 614 οἳ
447 563 500 614 ἐν
530 561 590 627 τῆ
621 560 830 634 ἡμετέρῃ
857 559 1201 627 κατοικημένοι
1218 559 1388 615 Ἴωνές
1412 583 1465 613 τε
1491 560 1569 612 καὶ
1594 559 1803 614 Αἰολέες

1841 92 1955 143 VII.
1985 106 2021 154 9

1840 243 1870 270 α

142 647 220 699 καὶ
246 643 462 714 Δωριέες
488 644 767 698 καλέονται.
833 644 1095 712 ἐπειρήθην
1119 648 1172 697 δὲ
1198 645 1276 697 καὶ
1300 645 1446 699 αὐτὸς
1469 645 1559 710 ἤδη
1587 646 1795 697 ἐπελαύ-
1839 666 1865 697 2

138 752 239 784 νων
280 731 361 783 ἐπὶ
400 729 514 784 τοὺς
549 729 729 796 ἄνδρας
764 730 966 783 τούτους
1005 729 1101 781 ὑπὸ
1143 729 1327 796 πατρὸς
1368 733 1454 781 τοῦ
1497 734 1589 781 σοῦ
1629 736 1798 781 κελευ-

141 816 296 876 σθείς,
352 814 432 868 καί
482 835 566 880 μοι
615 811 765 882 μέχρι
817 815 1131 879 Μακεδονίης
1184 813 1427 866 ἐλάσαντι
1487 813 1566 865 καὶ
1624 814 1801 880 ὀλίγον

139 900 438 953 ἀπολιπόντι
489 901 540 953 ἐς
592 898 742 953 αὐτὰς
793 897 1005 963 Ἀθήνας
1059 896 1327 951 ἀπικέσθαι
1376 898 1536 952 οὐδεὶς
1587 898 1799 963 ἠντιώθη

140 985 187 1039 ἐς
219 983 403 1052 μάχην.
507 984 667 1035 καίτοι
706 979 797 1051 [γε]
837 983 1025 1035 ἐώθασι
1057 981 1327 1048 “Ελληνες,
1372 983 1436 1036 ὡς
1474 982 1797 1048 πυνθάνομαι,
1837 988 1878 1051 β

139 1068 458 1135 ἀβουλότατα
504 1064 753 1133 πολέμους
797 1069 1036 1119 ἵστασθαι
1078 1068 1176 1119 ὑπό
1218 1090 1272 1120 τε
1318 1067 1677 1134 ἀγνωμοσύνης
1724 1067 1802 1118 καὶ

141 1153 451 1218 σκαιότητος.
558 1153 711 1204 ἐπεὰν
754 1154 848 1219 γὰρ
895 1150 1170 1216 ἀλλήλοισι
1219 1153 1443 1218 πόλεμον
1502 1152 1798 1218 προείπωσι,

140 1236 424 1305 ἐξευρόντες
469 1236 526 1289 τὸ
570 1233 854 1288 κάλλιστον
888 1238 1075 1304 χωρίον
1121 1236 1200 1287 καὶ
1242 1237 1519 1295 λειότατον,
1562 1238 1614 1290 ἐς
1658 1240 1801 1287 τοῦτο

142 1321 392 1375 κατιόντες
437 1320 702 1389 μάχονται,
746 1322 876 1376 ὥστε
919 1320 1015 1372 σὺν
1057 1325 1185 1390 κακῷ
1230 1320 1434 1390 μεγάλῳ
1481 1323 1527 1372 οἱ
1573 1325 1802 1374 νικῶντες

139 1404 576 1459 ἀπαλλάσσονται·
626 1406 736 1472 περὶ
760 1407 813 1458 δὲ
843 1410 941 1457 τῶν
972 1402 1295 1470 ἑσσουμένων
1326 1405 1438 1457 οὐδὲ
1460 1403 1595 1472 λέγω
1620 1402 1798 1473 ἀρχήν,

141 1486 350 1554 ἐξώλεες
400 1511 496 1558 γαρ
547 1489 606 1555 δη
651 1490 889 1558 γίιονται.
977 1489 1091 1543 τοὺς
1120 1493 1264 1557 χρῆν,
1314 1490 1488 1542 ἐόντας
1534 1489 1797 1555 ὁμογλώσ·

141 1595 276 1656 σους,
326 1572 500 1642 κήρυξί
555 1594 609 1626 τε
660 1570 1053 1642 διαχρεωμένους
1099 1575 1178 1626 καὶ
1230 1571 1500 1651 ἀγγέλοισι
1547 1572 1813 1638 καταλαμ’

137 1658 317 1726 βάνειν
362 1661 449 1713 τὰς
493 1660 735 1726 διαφορᾶς
782 1660 860 1711 καὶ
899 1658 1047 1711 παντὶ
1090 1661 1288 1723 μᾶλλον
1335 1654 1365 1722 ἢ
1405 1657 1617 1729 μάχησι·
1664 1659 1707 1709 εἰ
1748 1659 1834 1708 δὲ’

138 1742 334 1798 πάντως
370 1744 477 1796 ἔδεε
527 1740 794 1809 πολεμέειν
842 1742 965 1811 πρὸς
1012 1741 1285 1807 ἀλληλους,
1329 1741 1634 1808 ἐξευρίσκειν
1674 1762 1804 1809 χρην

137 1829 197 1901 τῇ
233 1875 235 1877 .
265 1826 492 1895 ἑκάτεροί
553 1829 654 1880 εἶσι
720 1828 1168 1895 δυσχειρωτότατοι
1238 1828 1317 1879 καὶ
1385 1827 1536 1898 ταύτῃ
1609 1829 1800 1892 πειρᾶν.

138 1912 304 1983 τρόπῳ
370 1914 537 1965 τοίνυν
595 1912 651 1964 οὐ
710 1916 915 1982 χρηστῷ
964 1910 1219 1976 “Ελληνες
1271 1911 1628 1979 διαχρεώμενοι
1686 1907 1803 1975 ἐμέο

139 1995 418 2051 ἐλάσαντος
469 1993 619 2064 μέχρι
666 1998 979 2061 Μακεδονίης
1026 1992 1152 2063 [γῆς]
1198 1997 1284 2048 οὐκ
1329 1995 1484 2060 ἦλθον
1535 1997 1586 2048 ἐς
1630 1995 1804 2046 τούτου

138 2082 295 2148 λόγον
324 2082 455 2133 ὥστε
485 2080 756 2149 μάχεσθαι.
848 2081 930 2132 σοὶ
967 2083 1020 2132 δὲ
1057 2079 1114 2144 δὴ
1151 2077 1328 2145 μέλλει
1363 2082 1452 2139 τίς,
1497 2077 1534 2131 ὦ
1564 2083 1799 2144 βασιλεῦ,

139 2166 475 2218 ἀντιώσεσθαι
515 2165 738 2231 πόλεμον
777 2163 1059 2232 προφέρων,
1099 2163 1271 2231 ἄγοντι
1307 2165 1386 2216 καὶ
1424 2167 1616 2228 πλῆθος
1655 2163 1711 2214 τὸ
1748 2165 1801 2214 ἐκ

137 2253 225 2314 τῆς
254 2249 431 2314 Ἀσίης
469 2251 547 2302 καὶ
587 2248 702 2303 νέας
738 2251 827 2303 τὰς
865 2248 1088 2310 &mio-<15⁸3
1135 2248 1199 2303 ὣς
1238 2251 1330 2314 μὲν
1371 2250 1469 2315 ἐγὼ
1505 2245 1676 2306 δοκέω,
1717 2247 1804 2298 οὐκ

140 2335 189 2388 ἐς
220 2338 363 2386 τοῦτο
393 2333 606 2401 θάρσεος
638 2332 808 2399 ἀνήκει
837 2335 898 2385 τὰ
927 2331 1194 2398 Ἑλλήνων
1227 2331 1505 2400 πρήγματα·
1553 2334 1595 2384 εἷ
1627 2334 1677 2384 δὲ
1709 2330 1805 2398 ἄρα

138 2418 298 2485 ἔγωγε
341 2419 619 2485 ψευσθείην
663 2418 835 2490 γνώμῃ
890 2418 968 2470 καὶ
1021 2420 1201 2470 ἐκεῖνοι
1246 2414 1542 2484 ἐπαρθέντες
1587 2418 1804 2487 ἀβουλίῃ

197 2567 213 2593 1
247 2554 421 2606 ἀδικίης]
443 2556 594 2604 ἀληθῆς
621 2554 688 2594 R:
720 2558 816 2596 -θεῖς
841 2554 924 2595 SV
1034 2567 1059 2605 3
1087 2554 1164 2606 μὲν
1183 2568 1263 2595 om.
1291 2554 1372 2595 SV
1484 2568 1505 2604 7
1538 2554 1740 2596 κελευθείς
1763 2552 1803 2592 R

136 2623 164 2659 9
193 2610 366 2658 ἆντιώθη
385 2610 422 2650 Α
438 2608 473 2648 Β
486 2611 520 2649 C
650 2622 698 2649 10
726 2627 777 2662 γε
797 2623 878 2648 om.
902 2608 941 2648 A
955 2609 989 2648 B
1003 2609 1037 2648 C
1151 2612 1307 2651 εἰώθασι
1329 2609 1368 2648 Α
1385 2609 1419 2648 Β
1547 2622 1562 2647 1
1575 2622 1591 2648 1
1624 2607 1803 2660 πολέμου

140 2665 178 2703 R
192 2663 230 2702 V
362 2677 410 2703 12
439 2665 519 2717 ’γὰρ
539 2677 620 2704 om.
646 2664 676 2703 S
690 2664 727 2702 V
837 2665 1110 2718 προσείπωσιν
1132 2664 1171 2702 R
1187 2665 1267 2703 SV
1290 2665 1469 2717 (προσίπ.
1478 2664 1495 2717 )
1635 2675 1683 2713 13
1712 2665 1803 2704 λεό-

138 2736 264 2760 τατον
284 2718 325 2758 Α
339 2719 374 2758 Β
389 2720 422 2759 C
574 2732 621 2769 15
653 2718 893 2769 εσσωμένων
914 2719 947 2757 Ρ
961 2719 1025 2758 R:
1058 2719 1260 2771 ἐσομένων
1281 2720 1314 2758 C
1333 2720 1362 2758 S
1376 2720 1415 2758 V
1557 2719 1607 2758 16
1635 2717 1803 2759 τούτους

140 2773 179 2812 R
197 2774 228 2814 S
243 2773 281 2812 V
462 2787 509 2824 17
540 2773 870 2846 διαχρεωμένοισι
902 2775 941 2813 R
959 2773 990 2813 S
1006 2773 1045 2812 V
1243 2787 1292 2824 19
1328 2777 1520 2825 πολεμεῖν
1547 2772 1584 2812 Α
1605 2773 1639 2812 Β
1657 2774 1690 2812 C
1710 2773 1749 2812 R
1765 2773 1805 2811 V

138 2830 217 2882 χρὴ
256 2828 291 2868 C
314 2830 352 2868 R
375 2829 405 2868 S
426 2829 465 2869 V
648 2843 701 2868 20
750 2828 932 2882 {noia-epol
970 2828 1069 2880 εἶσι]
1112 2827 1338 2882 ἑκατέροισι
1379 2828 1418 2867 R
1439 2829 1503 2866 V:
1552 2828 1731 2879 ἑκάτεροι
1770 2828 1803 2866 S

138 2885 453 2937 δυσχειρώτατοι
482 2882 538 2922 Α1
563 2883 637 2923 P¹:
683 2883 862 2936 ·ρότατοι
893 2884 927 2921 C
949 2883 987 2921 R
1012 2884 1042 2923 S
1064 2883 1102 2922 V
1321 2896 1372 2922 22
1415 2886 1493 2935 ’γῆς
1531 2896 1611 2922 om.
1645 2883 1684 2922 R
1713 2882 1745 2921 S
1766 2882 1805 2920 V

140 2950 192 2986 23
220 2955 282 2980 τις
302 2938 340 2976 Α
355 2939 390 2978 Β
511 2952 562 2988 24
593 2940 862 2979 ἀντιώσασθαι
887 2936 925 2975 R
940 2937 1021 2978 SV
1132 2937 1370 2991 προσφέρων
1395 2939 1425 2978 S
1557 2940 1610 2977 26
1641 2931 1803 2987 θράσεος

138 2991 178 3030 Α
193 2993 228 3032 Β
243 2993 275 3032 C
294 2993 327 3032 P
492 3006 542 3044 27
574 2995 654 3046 ἐγὼ
677 2993 710 3032 Ρ
725 2993 763 3032 R
779 2993 810 3033 S
824 2993 861 3032 V
973 2992 1291 3047 παρεπαρθέντες
1315 2992 1351 3031 R
1370 2994 1399 3032 S
1413 2993 1450 3032 V
