2132 3340
30 95 138 145 VII.
162 110 269 147 200

174 581 269 619 201

165 1178 268 1216 202

158 1849 263 1897 203

937 100 982 147 H
1000 99 1087 148 ΡΟ
1100 99 1363 149 ΔΟΤΟΤ

307 231 491 297 οὔνομα
529 227 750 294 Ἀνθήλη
790 235 960 291 κεῖται,
998 229 1111 298 παρ’
1153 229 1215 296 ἣν
1259 229 1318 296 δὴ
1354 229 1643 300 παραρρέων
1679 232 1706 282 ὁ
1741 226 1975 287 Ἀσωπὸς

307 316 359 370 ἐς
400 306 670 367 θάλασσαν
712 316 910 374 ἐκδιδοῖ,
945 315 1023 367 καὶ
1061 321 1224 385 χῶρος
1262 316 1371 382 περὶ
1417 315 1568 380 αὐτὴν
1613 315 1768 383 εὐρύς,
1808 317 1862 368 ἐν
1905 321 1973 386 τῷ

310 399 573 467 Δήμητρός
616 421 671 450 τε
724 402 828 466 ἱρὸν
875 399 1286 468 Ἀμφικτυονίδος
1332 401 1520 467 ἵδρυται
1569 400 1647 453 καὶ
1694 401 1830 467 ἕδραι
1874 401 1974 454 εἶσὶ

307 484 642 551 Ἀμφικτύοσι
674 484 753 535 καὶ
783 485 934 537 αὐτοῦ
963 490 1050 536 τοῦ
1078 484 1443 552 Ἀμφικτύονος
1475 485 1596 551 ἱρόν.

392 567 640 622 Βασιλεὺς
675 570 767 633 μὲν
803 567 861 633 δὴ
902 566 1094 636 Ξέρξης
1131 569 1578 638 ἐστρατοπεδεύετο
1617 571 1703 634 τῆς
1745 568 1974 633 Μηλίδος
2001 593 2024 635 5

308 654 361 705 ἐν
390 660 450 726 τῇ
479 654 740 724 Τρηχινίῃ,
775 655 820 705 οἱ
851 655 904 705 δὲ
934 649 1030 719 [δὴ]
1052 651 1308 719 “Ελληνες
1347 654 1400 705 ἐν
1436 660 1498 726 τῇ
1533 654 1696 723 διόδῳ·
1743 651 1975 718 καλέεται

307 740 360 790 δὲ
391 739 417 788 ὁ
448 741 609 805 χῶρος
646 737 789 791 οὗτος
823 736 919 790 ὑπὸ
953 740 1044 803 μὲν
1080 743 1179 790 τῶν
1218 737 1448 790 πλεόνων
1477 735 1741 803 Ἑλλήνων
1772 740 1971 806 Θερμο-

306 822 475 880 πύλαι,
500 821 597 874 ὑπὸ
627 824 679 873 δὲ
703 826 800 873 τῶν
831 822 1112 890 ἐπιχωρίων
1142 822 1221 874 καὶ
1251 824 1512 890 περιοίκων
1543 821 1726 874 Πύλαι.
1793 823 1968 890 ἐστρα-

306 907 630 959 τοπεδεύοντο
669 905 761 971 μέν
801 927 887 958 νυν
929 905 1150 974 ἑκάτεροι
1189 908 1244 959 ἐν
1287 907 1510 959 τούτοισι
1549 910 1683 958 τοῖσι
1721 907 1968 975 χωρίοισι,

307 989 570 1057 ἐπεκράτεε
600 993 653 1042 δὲ
685 991 711 1040 ὁ
733 992 824 1055 μὲν
853 995 952 1043 τῶν
976 991 1098 1058 πρὸς
1126 993 1288 1058 βορῆν
1310 990 1491 1056 ἄνεμον
1523 991 1741 1059 ἐχόντων
1770 989 1972 1044 πάντων
2000 1013 2051 1044 10

305 1074 453 1143 μέχρι
482 1078 746 1142 Τρηχῖνος,
780 1077 826 1127 οἱ
857 1077 911 1127 δὲ
940 1080 1040 1127 τῶν
1075 1075 1199 1143 πρὸς
1234 1076 1381 1127 νότον
1414 1070 1513 1144 <τε>
1545 1075 1625 1127 καὶ
1652 1076 1974 1142 μεσαμβρίην

308 1159 564 1227 φερόντων
599 1159 656 1211 τὸ
696 1159 778 1211 ἐπὶ
818 1159 999 1224 ταύτης
1035 1163 1123 1225 τῆς
1158 1159 1376 1227 ἠπείρου.
1466 1158 1598 1224 ἦσαν
1633 1161 1687 1211 δὲ
1716 1160 1820 1212 οἵδε
1849 1158 1968 1211 Ἑλ-

305 1242 472 1308 λήνων
524 1246 571 1295 οῖ
618 1242 948 1308 ὑπομένοντες
997 1243 1084 1296 τὸν
1139 1243 1343 1310 Πέρσην
1395 1244 1449 1296 ἐν
1489 1244 1645 1313 τούτῳ
1695 1233 1763 1314 τῷ
1807 1243 1970 1314 χώρῳ·

307 1326 653 1395 Σπαρτιητέων
683 1349 738 1380 τε
767 1329 1041 1394 τριηκόσιοι
1071 1329 1270 1380 ὁπλῖται
1296 1328 1375 1380 καὶ
1397 1326 1685 1395 Τεγεητέων
1716 1328 1795 1380 καὶ
1825 1331 1968 1381 Μαν-

306 1411 482 1464 τινέων
532 1413 707 1480 χίλιοι,
761 1411 968 1477 ἡμίσεες
1020 1412 1280 1480 ἑκατέρων,
1329 1410 1389 1478 ἐξ
1434 1412 1744 1480 Ὀρχομενοῦ
1785 1433 1841 1464 τε
1882 1414 1971 1477 τῆς
1997 1434 2043 1478 15

305 1496 566 1563 Ἀρκαδίης
606 1498 768 1548 εἴκοσι
805 1497 884 1548 καὶ
921 1496 1095 1549 ἑκατὸν
1137 1497 1215 1548 καὶ
1261 1498 1315 1548 ἐκ
1356 1499 1445 1562 τῆς
1487 1499 1667 1561 λοιπῆς
1711 1494 1971 1564 Ἀρκαδίης

303 1581 480 1648 χίλιοι·
525 1585 757 1632 τοσοῦτοι
778 1582 869 1646 μὲν
894 1580 1166 1648 Ἀρκάδων,
1192 1580 1291 1634 ἀπὸ
1315 1582 1368 1634 δὲ
1393 1582 1638 1648 Κορίνθου
1659 1581 1971 1648 τετρακόσιοι

305 1665 383 1716 καὶ
429 1663 527 1717 ἀπὸ
571 1669 872 1719 Φλειοῦντος
916 1666 1159 1730 διηκόσιοι
1204 1665 1283 1717 καὶ
1328 1666 1628 1730 Μυκηναίων
1670 1664 1973 1732 ὀγδώκοντα.-

304 1749 438 1801 οὗτοι
480 1752 572 1814 μὲν
617 1748 715 1801 ἀπὸ
760 1748 1158 1815 Πελοποννήσου
1202 1752 1449 1817 παρῆσαν,
1500 1748 1597 1802 ἀπὸ
1641 1751 1694 1801 δὲ
1741 1753 1970 1820 Βοιωτῶν

305 1823 593 1885 Θεσπιέων*
608 1855 662 1885 τε
699 1835 990 1885 ἑπτακόσιοι
1031 1835 1123 1886 καὶ·
1149 1825 1398 1899 Θηβαίων
1434 1832 1760 1900 τετρακόσιοι.
1846 1832 1971 1900 πρὸς
1996 1825 2049 1886 3ο

0 1917 526 1971 κιωμκκ-Ᾰτούτοισι
563 1917 1095 1987 ἐπίκλητοέγένοντο
1131 1919 1322 1988 Λοκροί
1349 1939 1403 1972 τε
1439 1919 1486 1970 οἱ
1522 1916 1807 1970 Ὀπούντιοι
1842 1914 1970 1969 παν-’

303 2009 513 2074 στρατιῇ
543 2001 622 2053 καὶ
653 2000 869 2054 Φωκέων
898 2003 1071 2070 χίλιοι.
1160 2002 1300 2054 αὐτοὶ
1329 2000 1424 2070 γάρ
1454 2007 1620 2069 σφεας
1648 2003 1696 2054 οἱ
1715 2000 1971 2067 ’Ἕλληνες

303 2085 694 2146 ἐπεκαλέσαντο,
732 2084 968 2154 λέγοντες
1003 2085 1064 2138 δι’
1108 2085 1340 2155 ἀγγέλων
1384 2085 1449 2139 ὡς
1491 2084 1629 2137 αὐτοὶ
1670 2087 1764 2151 μὲν
1801 2084 1970 2150 ἥκοιεν

303 2171 571 2237 πρόδρομοι
605 2175 705 2221 τῶν
746 2169 932 2229 ἄλλων,
970 2172 1017 2222 οἱ
1053 2173 1107 2223 δὲ
1147 2170 1316 2223 λοιποὶ
1355 2174 1454 2223 τῶν
1493 2167 1773 2238 συμμάχων
1810 2189 1969 2237 προσ·

303 2254 498 2319 δόκιμοι
519 2257 687 2306 πᾶσαν
720 2255 818 2307 εἶεν
839 2252 1042 2322 ἡμέρην,
1067 2254 1097 2320 ἡ
1124 2253 1363 2306 θάλασσά
1385 2252 1441 2307 τέ
1469 2260 1567 2321 σφι
1592 2255 1666 2318 εἴη
1697 2254 1752 2305 ἐν
1773 2254 1972 2326 φυλακῇ
1995 2275 2044 2317 25

302 2337 384 2390 ὑπ’
410 2337 689 2403 Ἀθηναίων
711 2359 766 2390 τε
789 2338 1126 2405 φρουρεομένη
1153 2338 1232 2390 καὶ
1257 2335 1563 2405 Αἰγινητέων
1588 2337 1668 2390 καὶ
1690 2342 1788 2389 τῶν
1811 2338 1862 2393 ἐς
1883 2341 1970 2389 τὸν

303 2425 532 2474 ναυτικὸν
562 2421 779 2488 στρατὸν
810 2421 1111 2490 ταχθέντων,
1147 2424 1230 2474 καί
1262 2429 1359 2489 σφι
1390 2423 1465 2487 εἵη
1502 2424 1663 2474 δεινὸν
1693 2419 1851 2473 οὐδέν·
1911 2420 1969 2472 οὗ

303 2508 398 2572 γὰρ
430 2505 544 2557 θεὸν
576 2506 702 2558 εἶναι
731 2505 818 2558 τὸν
842 2507 1046 2558 ἐπιόντα
1069 2505 1151 2559 ἐπὶ
1173 2505 1264 2570 τὴν
1285 2504 1512 2558 Ἑλλάδα
1541 2504 1658 2556 ἀλλ’
1689 2503 1964 2572 ἄνθρωπον,

305 2589 430 2642 εἶναι
471 2592 525 2642 δὲ
561 2589 742 2655 θνητὸν
778 2589 954 2642 οὐδένα
989 2589 1101 2642 οὐδὲ
1147 2590 1359 2642 ἔσεσθαι
1403 2594 1470 2659 τῷ
1519 2588 1669 2641 κακὸν
1714 2587 1773 2654 ἐξ
1811 2589 1968 2657 ἀρχῆς

360 2739 386 2765 2
415 2727 531 2775 αὐτῆι
551 2724 640 2764 ΑΒ
771 2738 797 2776 3
826 2725 972 2768 -όνιδος
994 2726 1029 2764 Β
1045 2725 1137 2766 RV
1263 2728 1291 2765 6
1319 2728 1367 2775 δὴ
1387 2722 1470 2765 del.
1495 2725 1616 2765 Stein
1744 2726 1771 2766 8
1801 2725 1876 2765 ὑπὸ
1892 2754 1902 2766 .
1919 2755 1931 2766 .
1952 2755 1962 2765 .

306 2779 436 2821 Πύλαι
469 2793 549 2820 om.
590 2781 630 2819 R
653 2779 683 2819 S
703 2780 744 2820 V
911 2793 954 2818 11
997 2797 1044 2821 τε
1076 2780 1172 2819 add.
1207 2780 1353 2819 Naber
1520 2792 1569 2819 12
1608 2780 1657 2820 τὸ
1692 2792 1773 2819 om.
1813 2778 1854 2817 R
1875 2778 1906 2818 S
1929 2778 1968 2818 V

310 2845 360 2883 14
388 2851 435 2875 τε
456 2847 538 2876 om.
561 2835 596 2873 B
767 2847 815 2885 15
846 2835 1118 2889 Ὀρχουμενοῦ
1141 2834 1181 2873 R
1349 2835 1397 2873 18
1424 2836 1643 2875 Φλιοῦντος
1665 2833 1772 2873 SV:
1799 2840 1908 2874 Φιλι-
1925 2832 1966 2872 R

307 2891 410 2937 διηκ.
436 2892 600 2930 ὁπλῖται
622 2889 656 2928 C
671 2889 705 2928 P
898 2902 954 2928 20
983 2886 1152 2941 ἑπτακ.]
1171 2887 1367 2938 διηκόσιοι
1389 2888 1505 2928 Boas
1525 2887 1620 2941 coll.
1649 2887 1770 2927 Diod.
1795 2887 1853 2928 xi.
1875 2900 1918 2938 9,
1940 2899 1966 2925 2

307 2954 358 2980 21
391 2944 428 2982 οἱ
450 2956 530 2982 om.
558 2943 596 2982 R
612 2943 694 2982 SV
832 2956 884 2981 22
913 2942 1218 2985 ἐπεκαλέσαντο
1239 2945 1276 2983 οἱ
1289 2942 1411 2984 “Ἐλλ.
1435 2943 1469 2982 C
1612 2955 1664 2991 23
1695 2940 1967 2986 ἐπεκαλέοντο

309 2994 446 3037 RSV
610 3010 661 3050 25
693 2998 793 3052 εἶεν]
816 3000 892 3039 εἶσι
919 2997 959 3039 Α
973 2997 1008 3037 Β
1023 2997 1057 3037 C
1223 2999 1278 3037 26
1305 2995 1595 3053 φρουρεουμένη
1618 2996 1658 3038 R
