2132 3340
732 72 1116 121 ΙΣΤΟΡΙΩΝ
1180 73 1224 120 Η

146 198 454 268 μετεξέτεροι
471 195 631 268 [ἔνιοι]
650 200 808 254 αὐτῶν
830 202 909 254 καὶ
931 200 1128 270 χάλκεα
1148 202 1226 254 καὶ
1247 200 1453 268 σιδήρεα
1471 199 1816 267 ἐξεληλαμένα

146 284 410 351 ποιήματα.
484 284 584 338 εἶσὶ
603 284 657 338 δέ
675 307 806 340 τινες
824 283 1035 352 νομάδες
1054 285 1323 353 ἄνθρωποι,
1346 285 1616 353 Σαγάρτιοι
1635 287 1812 346 καλεό-

144 391 299 436 μενοι,
347 369 490 423 ἔθνος
532 371 624 435 μὲν
669 370 923 437 Περσικὸν
970 371 1050 423 καὶ
1093 372 1254 442 φωνῇ,
1303 369 1488 435 σκευὴν
1532 372 1586 423 δὲ
1629 370 1816 436 μεταξὺ

144 454 322 524 ἔχουσι
350 453 688 520 πεποιημένην
715 457 804 521 τῆς
833 477 888 508 τε
913 458 1167 522 Περσικῆς
1200 454 1278 507 καὶ
1308 459 1396 521 τῆς
1420 458 1721 520 Πακτυϊκῆς·
1769 455 1816 507 οἳ.

97 562 119 603 5
145 540 445 607 παρείχοντο
479 541 571 604 μὲν
601 540 755 593 ἵππον
786 540 1184 609 ὀκτακισχιλίην,
1217 541 1352 593 ὅπλα
1387 542 1442 592 δὲ
1470 540 1527 592 οὐ
1560 541 1817 606 νομίζουσι

144 625 281 693 ἔχειν
310 623 422 676 οὔτε
455 622 648 693 χάλκεα
679 625 792 677 οὔτε
829 623 1037 691 σιδήρεα
1072 621 1167 688 ἔξω
1207 625 1533 694 ἐγχειριδίων,
1568 624 1816 693 χρέωνται

143 711 197 761 δὲ
249 709 444 782 σε-ιρῇσι
489 708 872 782 πεπλεγμένῃσι
922 706 983 773 ἐξ
1030 708 1261 775 ἱμάντων.
1349 709 1564 782 ταύτῃσι
1612 711 1814 762 πίσυνοι

143 794 376 862 ἔρχονται
416 795 468 848 ἐς
509 793 748 860 πόλεμον·
796 794 825 859 ἡ
864 796 917 847 δὲ
956 792 1092 863 μάχη
1124 794 1312 846 τούτων
1348 799 1447 846 τῶν
1481 795 1674 862 ἀνδρῶν
1709 794 1812 859 ἥδε·

144 880 296 930 ἐπεὰν
339 880 666 945 συμμίσγωσι
707 883 841 938 τοῖσι
879 879 1185 944 πολεμίοισι,
1223 878 1484 945 βάλλουσι
1516 881 1606 934 τὰς
1643 880 1814 946 σειρὰς

71 983 120 1012 10
144 961 222 1015 ἐπ’
245 962 375 1032 ἄκρῳ
405 963 628 1032 βρόχους
659 963 891 1032 ἐχούσας·
937 965 1050 1016 ὅτευ
1081 963 1123 1015 δ’
1149 963 1210 1016 ἂν
1233 965 1376 1037 τύχῃ,
1401 963 1463 1030 ἥν
1486 987 1540 1017 τε
1570 965 1724 1018 ἵππου
1753 963 1815 1041 ἥν

1856 73 1970 122 VII.
2000 73 2067 134 84

1854 728 1878 759 k.)

143 1068 197 1099 τε
233 1047 509 1115 ἀνθρώπου,
548 1048 625 1100 ἐπ’
659 1047 840 1101 ἑωυτὸν
877 1049 1028 1101 ἕλκει·
1076 1051 1122 1101 οἱ
1159 1052 1212 1102 δὲ
1249 1051 1304 1101 ἐν
1341 1050 1511 1116 ἕρκεσι
1548 1051 1810 1124 ἐμπαλασ-
1817 1010 2132 1130 Μω-

144 1132 350 1197 σόμενοι
401 1133 792 1200 διαφθείρονται.
880 1133 1070 1186 τούτων
1126 1154 1219 1199 μεν
1270 1135 1391 1199 αὕτη
1442 1134 1472 1199 ἡ
1525 1133 1679 1203 μάχη,
1737 1135 1815 1186 καὶ

144 1215 478 1286 ἐπετετάχατο
517 1219 570 1271 ἐς
610 1216 724 1272 τοὺς
766 1217 986 1285 Πέρσας.
1076 1221 1243 1283 Μῆδοι
1282 1221 1334 1271 δὲ
1374 1217 1466 1283 τήν
1510 1240 1601 1286 περ
1647 1221 1703 1271 ἐν
1747 1225 1814 1289 τῷ

1854 1216 1972 1269 86’

144 1302 273 1372 πεζῷ
305 1301 446 1370 εἶχον
477 1300 675 1368 σκευήν,
712 1302 790 1354 καὶ
815 1304 1023 1355 Κίσσιοι
1052 1302 1305 1358 ὡσαύτως.
1394 1303 1545 1356 Ἰνδοὶ
1576 1306 1629 1357 δὲ
1661 1312 1815 1376 σκευῆ
1842 1339 1950 1392 ιω
1968 1332 2090 1379 νώ,

74 1406 116 1446 ¹5
142 1389 232 1451 μὲν
257 1385 544 1456 ἐσεσάχατο
573 1395 635 1460 τῇ
665 1386 788 1461 αὐτῇ
812 1388 891 1440 καὶ
921 1389 976 1440 ἐν
997 1392 1064 1458 τῷ
1097 1388 1242 1458 πεζῷ,
1267 1386 1487 1453 ἤλαυνον
1517 1391 1571 1441 δὲ
1602 1387 1814 1460 κέλῃτας
1842 1383 2132 1433 &mbu-

144 1473 223 1524 καὶ
260 1470 469 1539 ἅρματα·
515 1471 611 1524 ὑπὸ
656 1474 709 1525 δὲ
752 1477 884 1524 τοῖσι
928 1471 1116 1541 ἅρμασι
1155 1474 1416 1539 ὑπῆσαν“
1396 1494 1540 1527 ιπποι
1585 1474 1666 1526 καὶ
1708 1475 1816 1526 ὄνοι

125 1555 319 1623 Αἄγριοι.
411 1555 644 1624 Βάκτριοι
673 1559 726 1610 δὲ
757 1555 1060 1611 ἐσκευάδατο
1098 1557 1336 1613 ὡσαύτως
1369 1557 1449 1610 καὶ
1480 1560 1534 1611 ἐν
1564 1563 1632 1629 τῷ
1665 1558 1811 1629 πεζῷ,

143 1641 222 1693 καὶ
253 1640 474 1695 Κάσπιοι
510 1643 710 1708 ὁμοίως.
798 1643 986 1707 Λίβυες
1015 1645 1068 1695 δὲ
1099 1643 1179 1695 καὶ
1210 1643 1349 1695 αὐτοὶ
1386 1642 1509 1695 κατά
1538 1665 1629 1710 περ
1662 1644 1715 1695 ἐν
1745 1648 1811 1713 τῷ

142 1726 287 1796 πεζῷ·
331 1725 549 1791 ἤλαυνον
586 1729 640 1780 δὲ
678 1728 757 1780 καὶ
793 1727 929 1779 οὗτοι
965 1726 1147 1781 πάντες
1183 1726 1391 1794 ἅρματα.
1481 1728 1546 1783 ὣς
1581 1728 1624 1779 δ’
1655 1730 1813 1782 αὕτως

69 1833 118 1861 20
141 1803 441 1864 †Kdo·7rtoc†
463 1812 542 1865 καὶ
562 1811 858 1879 Παρικάνιοι
887 1811 1173 1880 ἐσεσάχατο
1194 1813 1372 1878 ὁμοίως
1394 1813 1473 1865 καὶ
1498 1815 1553 1865 ἐν
1572 1818 1638 1884 τῷ
1660 1814 1805 1883 πεζῷ.

140 1893 375 1962 Ἀράβιοι
415 1898 469 1949 δὲ
511 1897 695 1963 σκευὴν
730 1900 822 1963 μὲν
859 1896 998 1966 εἶχον
1033 1896 1124 1962 τὴν
1154 1896 1312 1962 ἀὐτὴν
1350 1899 1430 1950 καὶ
1466 1900 1521 1951 ἐν
1556 1903 1624 1968 τῷ
1662 1899 1808 1969 πεζῷ,

138 1978 355 2044 ἤλαυνον
379 1982 431 2033 δὲ
458 1980 639 2036 πάντες
671 1980 919 2047 καμήλους
940 1985 1179 2051 ταχυτῆτι
1210 1981 1266 2034 οὐ
1295 1982 1594 2049 λειπομένας
1625 1984 1805 2036 ἵππων.

139 2069 291 2117 ταῦτα
321 2067 382 2117 τὰ
414 2066 559 2119 ἔθνεα
588 2071 745 2132 μοῦνα
774 2068 965 2127 ἵππευε,
992 2066 1198 2134 ἀριθμὸς
1227 2069 1281 2120 δὲ
1310 2070 1398 2132 τῆς
1427 2069 1580 2121 ἵππου
1610 2067 1810 2135 ἐγένετο

140 2149 267 2202 ὀκτὼ
303 2149 547 2217 μυριάδες,
581 2150 743 2219 πάρεξ
773 2157 872 2205 τῶν
911 2150 1146 2217 καμήλων
1178 2153 1258 2205 καὶ
1293 2157 1390 2205 τῶν
1427 2151 1674 2219 ἁρμάτων.
1763 2155 1811 2204 οἱ

68 2253 116 2293 25
139 2233 231 2299 μέν
271 2255 359 2288 νυν
393 2234 544 2288 ἄλλοι
584 2235 756 2291 ἱππέες
795 2236 1069 2305 ἐτετάχατο
1110 2239 1234 2289 κατὰ
1273 2236 1437 2297 τέλεα,
1482 2237 1716 2304 Ἀράβιοι
1757 2240 1810 2290 δὲ

141 2318 353 2388 ἔσχατοι
383 2319 734 2389 ἐπετετάχατο.
801 2320 889 2374 ἅτε
917 2324 1013 2389 γὰρ
1036 2326 1135 2374 τῶν
1165 2322 1331 2374 ἵππων
1354 2322 1460 2374 οὔτι
1490 2321 1810 2391 ἀνεχομένων

140 2404 228 2456 τὰς
252 2402 499 2470 καμήλους
516 2406 716 2478 ὕστεροι
739 2405 1027 2474 ἐτετάχατο,
1050 2407 1132 2458 ἵνα
1160 2406 1226 2472 μὴ
1249 2406 1493 2474 φοβέοιτο
1512 2406 1569 2459 τὸ
1589 2407 1807 2460 ἱππικόν.

200 2553 217 2579 1
249 2540 501 2596 μετεξέτεροι
519 2532 600 2583 oni.
627 2542 716 2582 AB
731 2544 765 2584 C
781 2544 814 2583 P
927 2544 1022 2585 ἔνιοι
1043 2543 1122 2584 del.
1145 2543 1398 2593 Wesseling
1538 2559 1562 2583 2
1592 2545 1809 2598 Σαργάτιοι

143 2595 182 2634 R
197 2595 279 2635 SV
460 2611 485 2648 3
515 2611 568 2637 an
592 2598 729 2651 [καὶᾙ
856 2598 1000 2650 ἔχουσι
1020 2599 1169 2651 μεταξὺ
1189 2598 1224 2638 C
1404 2611 1429 2649 5
1459 2598 1503 2640 δὲ
1525 2599 1811 2651 οὐνομάζουσιν

142 2649 176 2689 C
191 2649 230 2689 R
351 2653 380 2691 6
409 2654 526 2694 ἐκτὸς
547 2654 792 2707 ἐγχειριδίου
815 2653 854 2691 R
870 2654 901 2693 S
914 2653 952 2691 V
1078 2666 1101 2703 7
1131 2653 1284 2701 ιμάτων
1304 2653 1338 2692 C
1355 2653 1395 2692 R
1507 2658 1604 2709 τῇσι
1626 2654 1660 2694 Ρ
1674 2655 1712 2694 R
1729 2655 1758 2693 S
1772 2656 1811 2694 V

144 2717 193 2744 10
221 2706 350 2759 ἄκρων
371 2707 430 2746 Rc
453 2709 524 2758 (m.
546 2709 588 2760 1)
704 2721 749 2747 11
783 2711 827 2750 ἐν
847 2707 1000 2749 011‘1.P1
1016 2708 1056 2746 R
1071 2708 1101 2748 S
1114 2708 1153 2746 V
1265 2697 1649 2759 ἐμπαλλασσόμενοι
1672 2709 1711 2748 R
1727 2710 1759 2750 S
1773 2710 1811 2748 V

147 2773 194 2798 12
232 2761 258 2810 ἡ
287 2774 368 2801 om.
401 2761 540 2802 ABC
768 2775 815 2814 15
848 2765 927 2814 τὴν
955 2765 1084 2813 αὐτὴν
1113 2762 1250 2803 RSV
1475 2765 1525 2803 16
1558 2768 1644 2806 τοῖς
1674 2764 1812 2804 RSV

146 2815 194 2853 18
236 2816 370 2869 αὐτοὶ]
405 2815 514 2858 ουτοι
551 2818 693 2858 RSV
917 2832 971 2858 20
1014 2817 1231 2871 Κάσπειροι
1267 2817 1398 2859 Reiz:
1445 2818 1586 2860 Κάσιοι
1622 2819 1812 2859 Larcher

141 2882 190 2908 21
237 2870 324 2921 καὶ]
359 2871 410 2921 ἢν
443 2874 508 2914 καὶ
542 2872 687 2913 ABC
881 2887 933 2913 22
977 2876 1194 2926 ταχυτῆτα
1227 2872 1367 2913 ABC
1561 2887 1613 2924 23
1656 2873 1811 2916 ἱππεύει

141 2923 328 2965 ABCP
511 2939 564 2978 25
599 2929 729 2970 κατὰ.
777 2927 1095 2981 .ε’πετετάχατο
1116 2939 1198 2967 om.
1227 2926 1312 2967 BC
1493 2930 1548 2967 26
1579 2928 1811 2982 ἐτετάχατο

144 2975 331 3020 PRSV
494 2992 545 3032 27
576 2985 749 3036 φοβοῖτο
771 2980 909 3024 RSV

1852 1662 1876 1693 2
