2132 3340
0 69 115 118 7111.
144 84 237 133 140
253 73 294 136 β

214 302 295 349 141

266 810 292 842 2

952 73 1383 122 ΗΡΟΔΟΤΟΎ

331 201 487 269 μέγας
516 203 746 268 μούνοισι
777 205 890 270 ὑμῖν
918 202 1185 269 Ἑλλήνων
1214 206 1299 259 τὰς
1331 205 1610 272 ἁμαρτάδας
1640 208 1802 261 ἀπιεὶς
1832 207 1996 260 ἐθέλει

334 289 486 353 φίλος
526 287 780 354 γενέσθαι.
854 286 1186 357 Ἄλέξανδρος
1225 292 1318 355 μὲν
1356 295 1509 342 ταῦτα
1548 290 1706 356 ἔλεξε·
1753 295 1990 344 Λακεδαι-

331 372 494 435 μόνιοι
545 373 598 423 δὲ
650 373 919 438 πυθόμενοι
975 373 1115 438 ἥκειν
1173 372 1506 441 Ἀλέξανδρον
1564 377 1616 429 ἐς
1672 374 1886 441 ’,Αθήνας
1941 378 1994 429 ἐς

333 457 605 522 ὁμολογίην
641 454 825 519 ἄξοντα
860 463 927 528 τῷ
964 457 1211 528 βαρβάρῳ
1247 458 1555 524 Ἀθηναίους,
1595 459 1995 525 ἀναμνησθέντες

332 545 431 591 τῶν
451 541 639 607 λογίων
659 541 725 594 ὥς
744 549 909 609 σφεας
931 543 1084 610 χρεόν
1104 545 1215 594 ἐστι
1238 542 1338 608 ἅμα
1360 549 1497 595 τοῖσι
1520 543 1725 595 ἄλλοισι
1747 549 1996 612 Δωριεῦσι
2018 568 2042 609 5

334 626 590 676 ἐκπίπτειν
619 627 674 677 ἐκ
709 625 1108 690 Πελοποννήσου
1143 629 1236 679 ὑπὸ
1276 627 1465 692 Μήδων
1507 650 1561 680 τε
1591 628 1670 679 καὶ
1699 628 1992 693 Ἀθηναίων,

333 707 488 775 κάρτα
531 731 586 762 τε
629 710 829 762 ἔδεισαν
874 710 940 776 μὴ
986 709 1346 778 ὁμολογήσωσι
1387 717 1454 781 τῷ
1502 711 1677 784 Πέρσῃ
1723 712 1992 777 Ἀθηναῖοι,

332 794 504 845 αὐτίκα
533 793 589 846 τέ
618 801 716 861 σφι
747 792 887 858 ἔδοξε
922 794 1135 860 πέμπειν
1173 796 1431 863 ἀγγέλους.
1509 797 1589 849 καὶ
1626 796 1686 862 δὴ
1725 795 1995 849 συνέπιπτε

0 880 277 954 ὲῦιακγιλ
332 878 463 930 ὥστε
505 878 626 943 ὁμοῦ
671 885 847 946 σφεων
887 881 1120 947 γίνεσθαι
1158 880 1249 945 τὴν
1291 879 1619 952 κατάστασιν·
1669 879 1995 946 ἐπανέμειναν

0 937 426 1029 μιαιψᾝρ
463 964 508 1015 οἱ
540 962 797 1028 Ἀθηναῖοι
833 965 1189 1031 διατρίβοντες,
1223 966 1276 1017 εὖ
1312 965 1634 1031 ἐπιστάμενοι
1669 966 1746 1018 ὅτι
1783 964 1996 1031 ἔμελλον

203 1317 294 1366 142

331 1048 713 1113 Λακεδαιμόνιοι
736 1049 1016 1101 πεύσεσθαι
1035 1049 1220 1113 ἥκοντα
1238 1051 1369 1117 παρὰ
1387 1055 1474 1102 τοῦ
1492 1047 1756 1117 βαρβάρου
1777 1049 1996 1118 ἄγγελον

331 1131 407 1183 ἐπ’
440 1133 683 1204 ὁμολογίῃ
715 1134 987 1199 πυθόμενοί
1018 1154 1073 1186 τε
1113 1133 1337 1202 πέμψειν
1377 1137 1500 1187 κατὰ
1538 1133 1694 1202 τάχος
1733 1133 1994 1202 ἀγγέλους.

332 1218 560 1281 ἐπίτηδες
606 1215 674 1268 ὧν
720 1218 932 1277 ἐποίευν,
977 1219 1338 1284 ἐνδεικνύμενοι
1382 1224 1518 1271 τοῖσι
1561 1219 1997 1284 Λακεδαιμονίοισι

331 1300 420 1364 τὴν
452 1294 647 1353 ἑωυτῶν
677 1302 897 1369 γνώμην.
973 1303 1038 1357 ὣς
1073 1305 1126 1355 δὲ
1163 1304 1416 1355 ἐπαύσατο
1451 1302 1618 1370 λέγων
1648 1301 1993 1370 Ἀλέξανδρος,

331 1383 673 1450 διαδεξάμενοι
711 1386 890 1454 ἔλεγον
931 1389 978 1439 οἱ
1019 1386 1118 1438 ἀπὸ
1158 1386 1390 1454 Σπάρτης
1432 1387 1657 1454 ἄγγελοι·
1716 1386 1907 1452 “Ημέας
1943 1389 1996 1438 δὲ

331 1469 567 1536 ἔπεμψαν
607 1471 990 1536 Λακεδαιμόνιοι
1025 1470 1356 1536 δεησομένους
1396 1471 1558 1536 ὑμέων
1598 1470 1721 1536 μήτε
1758 1471 1996 1537 νεώτερον

331 1552 516 1606 ποιέειν
554 1558 708 1619 μηδὲν
750 1557 873 1606 κατὰ
917 1555 1009 1620 τὴν
1048 1554 1274 1607 Ἑλλάδα
1316 1554 1441 1621 μήτε
1483 1556 1666 1622 λόγους
1711 1553 1997 1607 ἐνδέκεσθαι

331 1639 462 1705 παρὰ
483 1643 570 1689 τοῦ
591 1638 874 1707 βαρβάρου.
952 1639 1065 1692 οὕτε
1088 1642 1183 1706 γὰρ
1209 1640 1399 1692 δίκαιον
1424 1639 1646 1704 οὐδαμῶς
1669 1639 1782 1691 οὔτε
1806 1639 1996 1704 κόσμον

332 1721 489 1788 φέρον
519 1723 632 1775 οὔτε
661 1745 720 1790 γε
749 1723 956 1775 ἄλλοισι
984 1722 1249 1788 Ἑλλήνων
1280 1725 1567 1790 οὐδαμοῖσι,
1593 1725 1705 1788 ὑμῖν
1737 1725 1790 1775 δὲ
1821 1722 1876 1787 δὴ
1915 1723 1997 1774 καὶ

331 1809 411 1857 διὰ
441 1806 639 1859 πάντων
670 1808 852 1872 ἥκιστα
882 1814 1088 1860 πολλῶν
1126 1809 1304 1860 εἵνεκα·
1352 1808 1582 1876 ἠγείρατε
1611 1808 1706 1875 γὰρ
1737 1808 1879 1859 τόνδε
1907 1805 1995 1859 τὸν

331 1891 552 1955 πόλεμον
610 1893 746 1956 ὑμεῖς
797 1892 940 1944 οὐδὲν
999 1891 1163 1957 ἡμέων
1221 1892 1561 1958 βουλομένων,
1618 1892 1696 1943 καὶ
1748 1891 1859 1958 περὶ
1909 1893 1997 1955 τῆς

330 1974 565 2041 ὑμετέρης
587 1977 828 2043 ιάρχῆθεν
873 1977 900 2026 ὁ
943 1977 1078 2043 ἀγὼν
1123 1975 1338 2043 ἐγένετο·
1399 1980 1486 2028 νῦν
1531 1978 1583 2028 δὲ
1629 1975 1772 2043 φέρει
1819 1975 1897 2026 καὶ
1945 1976 1996 2028 ἐς

331 2062 501 2110 πᾶσαν
543 2059 634 2123 τὴν
672 2059 918 2112 Ἑλλάδα.
1008 2060 1176 2115 ἄλλως
1214 2082 1269 2113 τε
1308 2061 1494 2112 τούτων
1539 2059 1771 2112 ἁπάντων
1813 2059 1996 2112 αἰτίους

331 2142 570 2208 γενέσθαι
620 2145 928 2210 δουλοσύνης
978 2150 1114 2197 τοῖσι
1151 2143 1382 2210 ’Έλλησι
1431 2144 1724 2209 Ἀθηναίους
1776 2143 1996 2208 οὐδαμῶς

273 2264 279 2269 «
332 2227 628 2296 ἀνασχετόν,
679 2229 857 2282 οἵτινες
903 2230 999 2280 αἰεὶ
1048 2229 1127 2280 καὶ
1174 2228 1231 2280 τὸ
1278 2228 1434 2281 πάλαι
1483 2227 1727 2296 φαίνεσθε
1775 2226 1994 2280 πολλοὺς

332 2311 758 2377 ἐλευθερώσαντες
818 2313 1108 2379 ἀνθρώπων.
1223 2311 1588 2378 πιεζευμένοισι
1652 2311 1822 2378 μέντοι
1879 2312 1992 2376 ὑμῖν

331 2396 698 2462 συναχθόμεθα,
734 2396 813 2447 καὶ
844 2397 921 2449 ὅτι
954 2402 1152 2464 καρπῶν
1183 2395 1482 2463 ἐστερήθητε
1514 2396 1663 2461 διξῶν
1684 2396 1775 2462 ἤδη
1810 2395 1888 2448 καὶ
1917 2396 1994 2446 ὅτι

389 2546 406 2571 1
441 2534 554 2584 ἀφεὶς
573 2532 614 2571 Α
627 2532 662 2571 Β
677 2533 710 2571 C
726 2534 759 2572 P
900 2535 1007 2575 θέλει
1031 2535 1069 2573 R
1082 2537 1120 2574 V
1314 2549 1338 2574 2
1369 2539 1550 2577 τοσαῦτα
1570 2535 1607 2574 R
1624 2536 1706 2576 SV
1896 2548 1922 2584 4
1953 2536 1993 2576 ἐς

330 2585 560 2635 Ἀθηναίους
590 2589 623 2626 C
805 2590 832 2627 6
872 2589 936 2641 ἐκ]
969 2591 1045 2631 ἀπὸ
1079 2591 1118 2628 R
1134 2590 1163 2628 S
1177 2591 1217 2629 V
1393 2603 1414 2639 7
1452 2607 1499 2631 τε
1528 2603 1609 2629 om.
1646 2590 1676 2630 S
1857 2589 1883 2628 8
1919 2588 1989 2641 τέ]

331 2641 378 2682 δέ
397 2642 435 2679 R
452 2642 533 2681 SV
730 2656 779 2681 12
811 2644 1085 2696 ἐπομολογίην
1106 2645 1139 2683 C
1278 2645 1504 2694 πειθόμενοί
1523 2645 1563 2682 R
1758 2657 1807 2691 14
1837 2647 1857 2683 ὁ
1876 2642 1992 2684 Ἀλέ-

331 2700 491 2749 ξανδρος
513 2696 547 2735 C
774 2710 823 2748 19
854 2697 983 2751 φέρων
1006 2699 1046 2736 R
1185 2701 1271 2740 οὔτι
1290 2716 1341 2751 γε
1360 2699 1536 2738 Werser
1556 2713 1565 2736 :
1595 2697 1688 2740 οὐδέ
1705 2715 1756 2749 ’γε
1778 2697 1992 2737 Richards

329 2767 378 2801 γε
419 2764 500 2791 om.
542 2751 580 2789 R
605 2752 634 2790 S
655 2751 695 2789 V
915 2766 969 2791 20
1011 2754 1082 2794 τὸν
1120 2753 1299 2803 πόλεμον
1338 2753 1456 2794 τόνδε
1498 2754 1536 2792 R
1557 2753 1618 2792 V:
1663 2752 1758 2793 πόλ.
1799 2750 1918 2792 τόνδε
1959 2751 1990 2790 S

332 2817 380 2843 21
415 2806 718 2857 Βουλευομένων
737 2805 777 2845 Α
791 2807 825 2845 Β
843 2807 876 2845 C
1040 2821 1092 2846 22
1122 2809 1299 2860 ἀρχῆθεν
1318 2807 1583 2857 wesseling,
1606 2809 1736 2858 ἀρχὴν
1759 2806 1962 2846 Schaefer
1981 2819 1991 2845 :

332 2861 457 2911 ἀρχῆς
480 2860 515 2899 L
734 2874 785 2910 23
816 2879 863 2902 τε
883 2861 1031 2916 (ἄνευ)
1052 2862 1211 2902 Reiske
1358 2861 1534 2902 τουτέων
1556 2862 1595 2900 R
1611 2861 1641 2899 S
1655 2861 1695 2899 V
1829 2859 1990 2900 πάντων

334 2915 372 2953 R
389 2914 496 2954 SV:
527 2915 734 2958 ἀπεόντων
756 2916 955 2966 Krueger
1119 2919 1173 2956 26
1202 2916 1471 2968 πιεζομένοισι
1493 2916 1527 2954 Β
1545 2916 1579 2954 C

2023 988 2072 1018 10

2022 1408 2070 1450 15

2022 1827 2070 1855 20

2019 2245 2067 2285 25
