2132 3340
668 42 673 47 ’
706 63 1084 112 ΙΣΤΟΡΙΩΝ
1147 63 1194 110 H
1823 58 2054 128 v11.123

114 196 264 250 αὐτόν
293 217 348 248 τε
377 194 465 248 τὸν
497 198 754 262 Θερμαῖον
792 195 981 247 κόλπον
1019 193 1213 261 ἐγίνετο
1244 198 1310 263 τῷ
1343 197 1549 262 ναυτικῷ
1582 195 1779 261 στρατῷ

113 277 186 348 <ὁ>
216 281 374 334 πλόος
406 279 484 332 καὶ
515 282 610 347 γῆν
645 279 737 344 τὴν
770 280 1074 346 Μυγδονίην,
1112 276 1280 330 πλέων
1316 280 1369 330 δὲ
1407 278 1613 329 ἀπίκετο
1644 275 1695 329 ἔς
1725 296 1780 328 τε

112 365 203 430 τὴν
226 363 586 432 προειρημένην
609 363 815 430 Θέρμην
837 364 914 415 καὶ
936 364 1115 415 Σίνδον
1132 383 1187 414 τε
1208 363 1358 414 πόλιν
1378 362 1458 413 καὶ
1476 359 1779 427 Χαλέστρην

112 450 192 502 ἐπὶ
223 453 310 502 τὸν
326 447 503 515 ’Ἀξιον
532 448 772 514 ποταμόν,
800 446 854 501 ὃς
883 448 1064 515 οὐρίζει
1092 447 1260 515 χώρην
1291 445 1380 511 τὴν
1406 445 1695 513 Μυγδονίην
1725 457 1779 497 τε

63 561 86 600 5
111 535 190 587 καὶ
212 535 509 593 Βοττιαιίδα,
521 536 608 598 τῆς
627 533 803 601 ἔχουσι
822 531 879 584 τὸ
896 533 1028 600 παρὰ
1046 529 1332 591 θάλασσαν,
1355 530 1555 584 στεινὸν
1573 531 1775 599 χωρίον,

109 619 281 674 πόλιες
301 618 469 687 Ἴχναι
498 640 552 671 τε
586 618 664 679 καὶ
693 616 890 670 Πέλλα.

191 703 255 756 Ὁ
285 706 376 771 μὲν
412 703 470 769 δὴ
509 702 735 757 ναυτικὸς
771 700 983 770 στρατὸς
1019 702 1168 755 αὐτοῦ
1203 702 1316 769 περὶ
1339 699 1517 766 ’Άξιον
1553 699 1777 766 ποταμὸν
1817 718 1905 769 124

110 791 190 843 καὶ
220 790 372 842 πόλιν
403 787 610 856 Θέρμην
640 788 720 840 καὶ
751 789 838 841 τὰς
866 786 1052 853 μεταξὺ
1083 788 1263 841 πόλιας
1291 785 1478 839 τούτων
1502 784 1778 854 περιμένων

107 873 334 941 βασιλέα
370 872 834 942 ἐστρατοπεδεύετο,
875 871 1068 939 Ξέρξης
1105 874 1158 924 δὲ
1196 871 1274 923 καὶ
1315 872 1342 922 ὁ
1379 869 1527 935 πεζὸς
1564 869 1777 937 στρατὸς
1889 926 1899 936 ,
2084 921 2118 965 Q

35 985 85 1014 ιο
109 959 373 1027 ἐπορεύετο
405 961 459 1011 ἐκ
489 960 576 1023 τῆς
600 956 845 1010 Ἀκάνθου
875 956 966 1021 τὴν
996 957 1274 1025 μςσόχαιαν
1296 954 1496 1022 τάμνων
1525 958 1612 1020 τῇς
1643 929 2132 1034 ῥδοῦ,ᾒὶ“*ἓνξγζᾶ

105 1045 420 1110 βουλόμενος
449 1045 501 1097 ἐς
525 1042 615 1108 τὴν
640 1041 846 1110 Θέρμην
871 1040 1156 1094 ἀπικέσθαι.
1225 1040 1487 1108 ἐπορεύετο
1510 1043 1564 1093 δὲ
1588 1042 1667 1092 διὰ
1690 1038 1946 1105 &ydem-d
1970 1074 1978 1088 .

107 1131 379 1194 Παιονικῆς
413 1128 491 1180 καὶ
523 1130 878 1194 Κρηστωνικῆς
914 1127 997 1179 ἐπὶ
1028 1125 1254 1192 ποταμὸν
1282 1125 1604 1194 Ἐχείδωρον,
1638 1123 1692 1179 ὃς
1722 1127 1777 1177 ἐκ

105 1216 475 1281 Κρηστωναίων
499 1209 773 1279 ἀρξάμενος
802 1210 904 1275 ῥέει
933 1213 1014 1263 διὰ
1041 1212 1324 1279 Μυγδονίης
1353 1210 1520 1279 χώρης
1553 1211 1631 1262 καὶ
1656 1207 1777 1273 ἐξίει

106 1299 239 1365 παρὰ
268 1297 327 1351 τὸ
357 1298 472 1351 ἕλος
502 1296 558 1349 τὸ
595 1295 672 1349 ἐπ’
703 1295 854 1367 Ἀξίῳ
886 1301 1108 1366 ποταμῷ.
1197 1293 1509 1365 πορευομένῳ
1541 1297 1595 1347 δὲ
1625 1295 1775 1366 ταύτῃ
1813 1309 1901 1360 125

34 1407 81 1449 15
105 1381 308 1436 λέοντές
343 1385 389 1435 οἱ
427 1380 733 1446 ἐπεθήκαντο
767 1389 887 1455 τῇσι
923 1381 1248 1449 σιτοφόροισι
1288 1378 1576 1446 καμήλοισι·
1624 1400 1771 1432 κατα-

106 1472 377 1534 φοιτῶντες
423 1468 520 1534 γὰρ
564 1468 609 1519 οῖ
660 1464 862 1519 λέοντες
908 1468 995 1520 τὰς
1046 1466 1222 1519 νύκτας
1275 1466 1354 1517 καὶ
1406 1465 1665 1518 λείποντες
1713 1466 1774 1515 τὰ

107 1550 328 1619 σφέτερα
367 1551 490 1617 ἤθεα
529 1550 686 1605 ἄλλου
730 1553 822 1617 μὲν
863 1549 1062 1606 οὐδενὸς
1101 1550 1318 1602 ἅπτοντο
1359 1550 1472 1602 οὔτε
1512 1550 1776 1617 ὑποζυγίου

105 1637 216 1688 οὔτε
277 1637 552 1703 ἀνθρώπου,
608 1638 653 1688 οἱ
713 1638 766 1688 δὲ
824 1637 916 1689 τὰς
970 1633 1220 1701 καμήλους
1271 1633 1519 1701 ἐκεράϊζον
1570 1635 1772 1700 μούνας.

106 1719 312 1786 θωμάζω
343 1723 396 1772 δὲ
426 1719 484 1772 τὸ
514 1722 688 1780 αἴτιον,
714 1721 743 1771 ὅ
771 1741 819 1772 τι
852 1722 961 1772 κοτὲ
991 1718 1052 1784 ἦν
1075 1724 1173 1771 τῶν
1201 1719 1375 1771 ἄλλων
1406 1723 1461 1770 τὸ
1494 1720 1775 1786 ἀναγκάζον

33 1829 83 1858 20
106 1804 444 1873 ἀπεχομένους
484 1805 598 1859 τοὺς
637 1804 847 1860 λέοντας
882 1812 1000 1878 τῇσι
1038 1802 1308 1870 καμήλοισι
1349 1805 1677 1863 ἐπιτίθεσθαι,
1715 1805 1773 1855 τὸ

104 1888 228 1955 μήτε
271 1891 513 1957 πρότερον
557 1890 828 1942 ὀπώπεσαν
874 1889 1044 1956 θηρίον
1087 1888 1199 1954 μήτ’
1241 1887 1562 1955 ἐπεπειρέατο
1607 1890 1770 1940 αὐτοῦ.

106 1974 206 2026 εἶσὶ
241 1977 294 2028 δὲ
331 1976 453 2026 κατὰ
488 1978 641 2027 ταῦτα
670 1976 731 2025 τὰ
766 1975 927 2042 χωρία
962 1973 1042 2025 καὶ
1076 1972 1278 2027 λέοντες
1314 1973 1499 2026 πολλοὶ
1535 1973 1615 2024 καὶ
1650 1974 1772 2038 βόες
1812 1982 1907 2029 126

103 2057 283 2126 ἄγριοι,
330 2063 428 2111 τῷν
471 2060 534 2110 τὰ
578 2057 722 2126 κέρεα
768 2057 1113 2125 ὑπερμεγάθεά
1158 2059 1269 2110 ἐστι
1315 2060 1377 2108 τὰ
1423 2059 1474 2111 ἐς
1510 2055 1773 2121 “”Ἐλληνας

106 2142 386 2211 φοιτέοντα.
475 2143 616 2210 οὖρος
653 2145 706 2195 δὲ
741 2147 878 2194 τοῖσι
909 2142 1090 2195 λέουσί
1126 2144 1236 2195 ἐστι
1271 2144 1299 2194 ὅ
1327 2146 1381 2194 τε
1413 2141 1475 2193 δι’
1507 2140 1774 2208 Ἀβδήρων

31 2254 80 2295 25
101 2226 230 2292 ῥέων
260 2226 478 2293 ποταμὸς
510 2226 707 2282 Νέστος
740 2227 818 2279 καὶ
849 2228 875 2278 ὁ
905 2226 967 2279 δι’
991 2226 1317 2294 Ἀκαρνανίης
1345 2225 1473 2294 ῥέων
1497 2226 1771 2297 Ἀχελῷος·

105 2311 216 2364 οὔτε
245 2314 339 2379 γὰρ
370 2317 425 2364 τὸ
463 2311 585 2379 πρὸς
620 2310 710 2376 τὴν
744 2311 816 2376 ἠῶ
853 2316 938 2363 τοῦ
974 2309 1175 2364 Νέστου
1211 2312 1447 2377 οὐδαμόθι
1483 2310 1650 2376 πάσης
1685 2314 1773 2376 τῆς

105 2395 359 2462 ἔμπροσθε
399 2395 639 2463 Εὐρώπης
675 2398 772 2448 ἴδοι
805 2417 879 2450 τις
914 2395 975 2454 ἂν
1011 2394 1211 2455 λέοντα,
1249 2396 1361 2448 οὔτε
1397 2395 1519 2464 πρὸς
1556 2395 1773 2463 ἑσπέρης

105 2485 191 2532 τοῦ
221 2477 477 2552 Ἀχελῴου
517 2482 573 2532 ἐν
611 2488 672 2553 τῇ
712 2481 956 2550 ἐπιλοίπῳ
996 2479 1199 2550 ἠπείρῳ,
1239 2479 1357 2532 ἀλλ’
1379 2482 1449 2532 μἐν
1487 2488 1548 2553 τῇ
1586 2479 1773 2546 μεταξὺ

159 2632 184 2658 2
213 2622 235 2660 ὁ
263 2618 360 2659 add.
392 2618 596 2658 Schaefer
758 2632 784 2668 3
815 2617 958 2662 Σινδόν
979 2617 1165 2658 CRSV
1331 2632 1356 2670 5
1387 2619 1612 2669 Βοττηνίδα
1634 2620 1673 2658 R
1690 2619 1772 2659 SV

103 2669 151 2720 ἧς
172 2673 308 2713 RSV
430 2675 458 2712 6
486 2672 603 2715 πόλις
629 2674 662 2712 L
772 2674 905 2725 Ἰχναί
926 2673 1012 2712 PR
1028 2673 1137 2713 SV:
1160 2672 1280 2725 Ἴχνη
1301 2673 1439 2714 ABC
1565 2675 1591 2713 8
1621 2687 1682 2725 pr.
1705 2677 1771 2717 καὶ

104 2740 185 2768 om.
208 2728 242 2767 C
354 2728 473 2770 πόλις
496 2727 633 2767 PRV
744 2727 901 2770 τούτων
920 2727 1109 2768 Abicht:
1137 2728 1315 2769 τουτέων
1336 2729 1370 2768 L
1518 2742 1546 2779 9
1576 2732 1768 2782 ἐστρατο-

103 2782 322 2825 πεδεύοντο
345 2783 383 2823 R
399 2782 481 2823 SV
651 2797 701 2823 10
729 2783 936 2836 μεσόγεαν
957 2783 996 2822 R
1166 2796 1216 2822 12
1246 2784 1487 2837 Ἐχείδωρον
1509 2784 1540 2825 1.
1563 2782 1769 2825 Vossius:

105 2838 303 2892 Χείδωρον
325 2838 359 2877 L
540 2849 589 2888 15
619 2840 656 2879 οἱ
676 2851 756 2880 om.
782 2838 822 2876 R
952 2837 1291 2892 καταφοιτέοντες
1313 2839 1346 2877 Ρ
1361 2839 1401 2877 R
1416 2839 1521 2880 SV:
1552 2838 1715 2882 -έωντες
1735 2840 1770 2879 C

110 2894 159 2931 16
186 2892 398 2936 λειπόντες
419 2894 453 2934 C
475 2908 485 2934 :
513 2892 702 2935 λιπόντες
723 2893 861 2933 Cobet
1007 2906 1055 2932 21
1090 2896 1299 2935 ὀπώθεσαν
1320 2894 1354 2933 C
1498 2907 1551 2943 25
1582 2907 1642 2944 pr.
1669 2894 1770 2949 ῥέων

105 2960 187 2989 om.
215 2948 254 2988 R
269 2948 300 2988 S
313 2949 352 2988 V
517 2962 568 2999 27
602 2949 826 3002 ἔμπροσθεν
853 2949 886 2988 C
902 2948 935 2987 Ρ
950 2949 989 2987 R
1004 2949 1035 2989 S
1048 2949 1087 2988 V
1198 2952 1369 3001 οὐδαμοῦ
1399 2952 1492 2991 οὔτε
1524 2949 1564 2989 R
1579 2949 1609 2988 S
1621 2949 1660 2988 V

1424 3095 1447 3119 Ο
