2132 3340
26 58 164 114 VIII.
193 62 282 124 138

939 61 1373 111 ΗΡΟΔΟΤΟΎ

324 191 563 257 ἀπήισαν,
596 197 661 262 τῷ
699 195 752 245 δὲ
785 191 997 259 βασιλέϊ
1034 193 1264 258 σημαίνει
1295 214 1368 247 τις
1398 198 1498 246 τῶν
1527 192 1781 261 παρέδρων
1811 191 1914 246 οἷόν
1943 215 1991 246 τι

323 280 492 345 χρῆμα
521 274 749 341 ποιήσειε
785 277 811 327 6
847 281 963 348 παῖς
1002 278 1082 330 καὶ
1123 277 1188 331 ὡς
1225 277 1319 329 σὺν
1348 278 1445 348 νόῳ
1484 278 1657 330 κείνων
1689 278 1715 328 6
1748 277 1991 332 νεώτατος

322 359 480 426 λάβοι
502 362 562 412 τὰ
586 361 834 426 διδόμενα.
901 362 928 412 6
953 364 1005 414 δὲ
1027 366 1179 413 ταῦτα
1208 362 1427 416 ἀκούσας
1458 362 1537 414 καὶ
1567 361 1786 426 ὀξυνθεὶς
1807 361 1991 427 πέμπει

324 444 401 496 ἐπ’
447 444 621 498 αὐτοὺς
673 444 853 500 ἱππέας
901 445 1220 500 ἀπολέοντας.
1309 445 1529 511 ποταμὸς
1576 445 1630 499 δέ
1678 447 1787 498 ἐστι
1835 448 1888 498 ἐν
1931 453 2026 519 τῇυ

323 529 462 601 χώρῃ
494 529 662 600 ταύτῃ,
695 534 762 599 τῷ
799 529 974 582 θύουσι
1012 532 1058 582 οἱ
1093 531 1279 582 τούτων
1309 536 1407 582 τῶν
1444 532 1636 597 ἀνδρῶν
1672 530 1755 582 ἀπ’
1775 529 1990 597 Ἀργεος
2014 553 2038 594 5

324 614 563 680 ἀπόγονοι
585 609 694 680 (ὡς)
720 617 921 680 σωτῆρι.
988 615 1145 675 οὗτος,
1174 616 1338 667 ἐπείτε
1362 613 1609 680 διέβησαν
1634 616 1680 667 οἱ
1701 615 1988 680 Τημενίδαι,

323 696 479 763 μέγας
517 698 670 752 οὕτως
705 699 850 765 ἐρρύη
882 699 1014 750 ὥστε
1050 699 1164 753 τοὺς
1201 697 1380 752 ἱππέας
1414 698 1480 764 μὴ
1512 700 1642 752 οἵους
1671 720 1726 751 τε
1758 697 1991 766 γενέσθαι

324 785 576 846 διαβῆναι.
665 784 711 834 οἱ
744 785 797 834 δὲ
834 783 1122 848 ἀπικόμενοι
1158 785 1208 837 ἐς
1245 782 1408 847 ἄλλην
1438 785 1532 850 γῆν
1560 786 1648 848 τῆς
1680 783 1991 847 Μακεδονίης

323 863 534 930 οἴκησαν
563 865 721 920 πέλας
750 871 850 919 τῶν
888 865 1055 931 κήπων
1091 872 1190 919 τῶν
1224 865 1511 934 λεγομένων
1549 867 1672 919 εἶναι
1704 867 1874 919 Μίδεω
1903 872 1990 918 τοῦ

325 952 554 1019 Γορδίεω,
589 953 643 1003 ἐν
679 956 814 1003 τοῖσι
850 951 1030 1017 φύεται
1069 951 1321 1017 αὐτόματα
1353 952 1490 1018 ῥόδα,
1524 950 1578 1004 ἓν
1618 951 1831 1004 ἕκαστον
1870 950 1990 1018 ἔχον

323 1033 561 1098 ἑξήκοντα
585 1035 775 1101 φύλλα,
801 1036 927 1108 ὀδμῇ
957 1057 1010 1087 τε
1039 1034 1384 1103 ὑπερφέροντα
1414 1041 1511 1087 τῶν
1541 1034 1726 1087 ἄλλων.
1794 1037 1849 1087 ἐν
1877 1035 1986 1087 τού-

321 1139 454 1170 τοισι
500 1119 579 1171 καὶ
624 1121 651 1170 6
695 1119 906 1184 Σιληνὸς
949 1124 1083 1171 τοῖσι
1129 1118 1350 1184 κήποισι’
1376 1120 1499 1184 ἥλω,
1543 1119 1608 1173 ὡς
1649 1119 1853 1186 λέγεται
1894 1118 1990 1172 ὑπὸ

324 1204 644 1256 Μακεδόνων.
707 1206 829 1270 ὑπὲρ
854 1207 906 1256 δὲ
930 1209 1028 1256 τῶν
1049 1202 1216 1284 κήπων
1239 1206 1351 1270 ὄρος
1377 1209 1530 1255 κεῖται
1551 1202 1762 1270 Βέρμιον
1786 1203 1985 1268 οὔνομα,

0 1292 154 1334 mm}
176 1277 514 1352 ιοίᾸᾶβατον
553 1287 650 1340 ὑπὸ
619 1293 949 1366 χειμῶνος.
1039 1290 1265 1340 ἐνθεῦτεν
1304 1290 1357 1340 δὲ
1398 1287 1673 1354 ὁρμώμενοι
1708 1287 1773 1342 ὡς
1807 1287 1988 1352 ταύτην

189 1389 283 1436 139

141 1813 233 1860 140
251 1821 281 1847 α

321 1371 495 1439 ἔσχον,
546 1371 947 1439 κατεστρέφοντο
998 1374 1076 1424 καὶ
1128 1371 1217 1436 τὴν
1265 1372 1428 1437 ἄλλην
1475 1373 1804 1437 Μακεδονίην.
1891 1370 1989 1423 ἀπὸ

320 1457 493 1508 τούτου
516 1456 574 1521 δὴ
598 1461 690 1525 τοῦι
708 1458 990 1523 Περδίκκεω
1010 1455 1338 1522 Ἀλέξανδρος
1361 1458 1456 1509 ὧδε
1479 1455 1694 1523 ἐγένετο·
1734 1455 1988 1521 Ἀμύντεω

319 1545 435 1594 παῖς
475 1539 535 1604 ἧν
572 1539 918 1607 Ἀλέξανδρος,
957 1540 1201 1606 Ἀμύντης
1245 1543 1298 1593 δὲ
1339 1539 1603 1599 Ἀλκέτεω,
1647 1539 1894 1592 Ἀλκέτεω
1934 1542 1989 1592 δὲ

319 1624 480 1691 πατὴρ
503 1623 561 1689 ἧν
586 1624 843 1691 Ἀέροπος,
877 1629 964 1677 τοῦ
995 1627 1047 1677 δὲ
1073 1626 1342 1684 Φίλιππος,
1370 1625 1630 1677 Φιλίππου
1659 1626 1712 1677 δὲ
1735 1624 1985 1692 Ἀργαῖος,

318 1713 404 1759 τοῦ
434 1711 487 1761 δὲ
519 1711 797 1776 Περδίκκης
829 1711 855 1760 6
888 1708 1196 1775 κτησάμενος
1226 1730 1317 1774 την
1348 1708 1525 1812 ἀρχήν.

403 1793 672 1860 Ἐγεγόνεε
714 1796 805 1859 μὲν
846 1793 904 1858 δη
945 1795 1042 1846 ὧδε
1081 1792 1414 1860 Ἀλέξανδρος
1454 1795 1481 1844 6
1510 1792 1782 1858 Ἀμύντεω·
1830 1792 1895 1846 ὡς
1933 1795 1988 1844 δὲ

320 1878 522 1929 ἀπίκετο
555 1880 604 1931 ἐς
636 1899 722 1931 τας
754 1876 970 1942 Ἀθήνας
1002 1878 1346 1945 ἀποπεμφθεὶς
1375 1877 1472 1930 ὑπὸ
1505 1878 1807 1944 Μαρδονίου,
1840 1876 1987 1944 ἔλεγε

318 1960 452 2013 τάδε·
512 1960 723 2028 ’Ἄνδρες
775 1961 1049 2027 Ἀθηναῖοι,
1106 1962 1390 2029 Μαρδόνιος
1449 1961 1567 2013 τάδε
1617 1959 1773 2028 λέγει·
1840 1960 1986 2026 Ἐμοὶ

318 2046 527 2112 ἀγγελίη
573 2046 682 2110 ἥκει
725 2047 858 2112 παρὰ
900 2045 1148 2112 βασιλέος
1194 2044 1416 2113 λέγουσα
1461 2047 1628 2099 οὕτως·
1675 2045 1986 2110 Ἀθηναίοισι

317 2130 404 2182 τὰς
451 2129 735 2196 ἁμαρτάδας
781 2131 870 2183 τὰς
918 2132 970 2184 ἐς
1017 2132 1105 2194 ἐμὲ
1127 2170 1132 2176 .
1152 2129 1212 2195 ἐξ
1255 2130 1456 2182 ἐκείνων
1503 2128 1772 2196 γενομένας
1818 2127 1986 2182 πάσας

315 2215 531 2279 μετίημι.
609 2218 696 2266 νῦν
730 2235 784 2266 τε
813 2215 925 2274 ὧδε,
961 2215 1231 2281 Μαρδόνιε,
1266 2215 1412 2265 ποίει·
1460 2218 1604 2265 τοῦτο
1638 2215 1730 2277 μὲν
1765 2212 1855 2277 τὴν
1890 2215 1985 2279 γῆν

318 2304 416 2364 σφι
461 2297 661 2357 ἀπόδος,
700 2302 844 2349 τοῦτο
889 2300 941 2349 δὲ
986 2297 1151 2362 ἄλλην
1196 2296 1319 2364 πρὸς
1361 2297 1514 2369 ταύτῃ
1559 2296 1784 2349 ἑλέσθων
1828 2295 1982 2356 αὐτοί,

315 2381 490 2445 ἥντινα
529 2380 591 2434 ἂν
631 2380 861 2441 ἐθέλωσι,
902 2382 1067 2435 ἐόντες
1108 2379 1391 2447 αὐτόνομοι.
1466 2380 1546 2447 ἱρά
1580 2371 1833 2434 τέπάντα
1867 2386 1980 2447 σφι,

375 2531 393 2557 1
429 2520 605 2569 ἆπῆισαν
625 2518 666 2558 Α
680 2518 714 2558 Β
732 2535 740 2560 :
771 2520 932 2568 ἀπῆσαν
953 2519 1012 2559 C:
1045 2519 1228 2569 ἄπήεσαν
1249 2519 1310 2558 P:
1341 2519 1511 2560 ἀπίεσαν
1533 2518 1572 2556 R
1588 2518 1671 2557 SV
1820 2522 1902 2559 τῶν
1921 2534 1984 2559 τις

319 2573 516 2624 Krueger
708 2586 733 2612 2
778 2573 965 2626 συνόω(ι)
1007 2574 1041 2613 C
1065 2573 1105 2612 R
1241 2574 1403 2615 ἐκείνων
1443 2573 1538 2612 PR
1561 2573 1673 2613 SV:
1718 2573 1910 2614 κακείνων
1948 2572 1983 2611 C

316 2641 343 2677 3
374 2628 565 2679 δεδομένα
588 2629 622 2667 Ρ
730 2630 758 2667 6
787 2630 837 2670 ὡς
858 2628 955 2668 add.
978 2628 1131 2678 Pingel
1244 2641 1266 2678 7
1297 2645 1343 2669 τε
1365 2641 1447 2668 om.
1474 2626 1511 2665 R
1528 2627 1611 2666 SV
1724 2640 1774 2666 10
1802 2626 1982 2667 τούτοισι

319 2682 464 2722 RSV
575 2683 682 2735 ἔχων
723 2682 758 2721 Ρ
926 2695 975 2721 12
1018 2683 1188 2732 Σίληνος
1223 2682 1291 2722 R:
1334 2683 1517 2731 Σήληνδς
1545 2681 1584 2720 V
1761 2694 1809 2731 13
1847 2680 1982 2722 κέεται

320 2737 354 2775 Ρ
369 2738 407 2776 R
423 2737 505 2776 SV
598 2736 768 2790 Βέρβιον
789 2736 829 2774 R
846 2737 928 2776 SV
1041 2739 1091 2776 16
1118 2737 1318 2799 Περδίκεω
1339 2737 1373 2775 C
1388 2736 1573 2786 SVR(-
1558 2736 1664 2788 -αιω)
1769 2735 1983 2788 ἐγεγόνεεν

320 2791 458 2830 RSV
682 2804 730 2840 17
760 2790 1070 2844 Ἀλέξανδρος..
1089 2790 1164 2840 ,ἦν
1183 2804 1265 2831 om.
1289 2791 1329 2830 R
1537 2791 1585 2829 18
1614 2793 1777 2843 Αρραῖος
1797 2789 1982 2828 ABCP

322 2859 372 2895 19
415 2846 608 2899 Περδίκης
649 2845 974 2899 ΒνΟ(Περιδ-)
1159 2859 1213 2887 20
1255 2845 1300 2886 δὲ
1333 2845 1368 2884 C
1497 2849 1518 2886 ὅ
1552 2844 1684 2896 Ἀλέξ.
1720 2848 1741 2885 ὁ
1781 2843 1981 2883 BCPA⁰

320 2913 372 2948 23
402 2899 478 2941 ὧδε
500 2901 533 2938 C
680 2913 732 2948 24
764 2903 804 2953 ἐξ
825 2901 988 2942 ἐκείνων
1009 2902 1050 2941 ἐς
1071 2899 1141 2950 ἐμὲ
1163 2900 1202 2938 R
1219 2900 1300 2940 SV
1451 2911 1504 2950 25
1535 2898 1731 2948 Μαρδόνιε
1749 2897 1824 2940 ὧδε
1846 2897 1981 2937 RSV

319 2955 406 2996 ποίε
430 2955 493 2995 R:
523 2955 631 2996 ποίεε
653 2955 687 2994 C
702 2955 736 2994 P
748 2954 779 2994 S
792 2954 831 2993 V
995 2968 1045 3004 27
1076 2954 1248 2997 θέλωσιν
1269 2954 1309 2993 R
1323 2954 1354 2994 S
1367 2955 1407 2994 V

2016 973 2066 1001 10

2015 1394 2127 1436 Ι5.

2013 1815 2064 1844 20

2011 2233 2059 2274 25
