2034 3328
689 111 1068 161 ΙΣΤΟΡΙΩΝ
1143 111 1184 161 E
1214 70 1221 74 ἢ
1816 108 1875 159 V.
1895 122 1968 170 49

101 244 157 300 ἐς
201 242 370 311 τρίτην
417 238 602 308 ἡμέρην
649 239 1045 309 ὑποκρινέεσθαι.
1136 241 1248 293 τότε
1297 242 1390 307 μὲν
1438 245 1488 294 ἐς
1535 245 1778 293 τοσοῦτον
1813 261 1881 311 50

101 326 320 393 ἤλασαν·
367 326 534 379 ἐπείτε
574 327 627 378 δὲ
670 325 700 390 ἡ
745 326 879 392 κυρίη
923 324 1078 393 ἡμέρη
1121 324 1319 392 ἐγένετο
1359 328 1447 390 τῆς
1490 326 2034 393 fivoxpcsnosum-,pwq

103 410 184 463 καὶ
213 409 371 476 ἦλθον
403 411 453 464 ἐς
488 413 543 461 τὸ
581 410 922 477 συγκείμενον,
958 411 1116 476 εἴρετο
1152 410 1178 460 6
1208 409 1496 476 Κλεομένης
1526 409 1613 462 τὸν
1643 408 1776 477 Ἀρι-

104 495 358 565 σταγόρην
387 492 611 547 ὁκοσέων
640 493 863 560 ἡμερέων
901 493 1000 547 ἀπὸ
1035 493 1302 559 θαλάσσης
1333 498 1420 559 τῆς
1450 493 1630 547 Ἰώνων
1668 494 1780 548 ὁδὸς

53 602 77 644 5
104 581 178 644 εἴη
215 580 349 647 παρὰ
384 577 627 645 βασιλέα.
717 579 743 630 6
780 582 833 631 δὲ
864 578 1245 647 Ἀρισταγόρης,
1284 580 1449 631 τᾶλλα
1484 580 1579 631 ἐὼν
1615 579 1779 646 σοφὸς
1818 598 1844 629 2

0 659 64 745 'nn-¹
106 663 184 717 καὶ
215 662 510 732 διαβάλλων
539 665 732 716 ἐκεῖνον
764 663 834 724 εὐ,
868 664 922 716 ἐν
944 663 1102 733 τούτῳ
1134 662 1357 731 ἐσφάλη·
1405 663 1555 732 χρεὸν
1579 662 1674 730 γάρ
1695 685 1781 729 μιν

103 747 169 814 μὴ
201 746 372 816 λέγειν
407 747 465 800 τὸ
501 748 602 807 ἐόν,
636 749 952 814 βουλόμενόν
988 769 1048 815 γε
1078 746 1391 815 Σπαρτιήτας
1428 747 1692 815 ἐξαγαγεῖν
1730 750 1780 801 ἐς

104 832 194 898 τὴν
223 832 418 898 Ἀσίην,
449 831 591 900 λέγει
623 832 665 885 δ’
697 829 767 886 ὧν
795 837 945 899 τριῶν
974 837 1144 898 μηνῶν
1174 835 1276 899 φὰς
1308 832 1434 885 εἶναι
1463 831 1554 896 τὴν
1583 831 1777 884 ἄνοδον.

104 918 131 969 6
171 919 223 970 δὲ
265 916 564 984 ὑπαρπάσας
606 916 693 970 τὸν
730 917 995 971 ἐπίλοιπον
1034 917 1192 984 λόγον
1232 916 1318 970 τὸν
1356 918 1381 967 6
1417 917 1780 984 Ἀρισταγόρης
1817 934 1843 978 3

29 1022 80 1052 ιο
102 1003 288 1069 ὅρμητο
339 1000 509 1070 λέγειν
560 1002 673 1069 περὶ
723 1005 812 1068 τῆς
863 1003 992 1061 ὁδοῦ,
1043 1002 1167 1055 εἳπε·
1225 1000 1300 1053 ἾΩ
1352 1001 1482 1068 ξεῖνε
1537 1000 1777 1065 Μιλήσιε,

102 1084 440 1140 ἀπαλλάσσεο
466 1088 520 1139 ἐκ
546 1085 775 1155 Σπάρτης
797 1086 892 1154 πρὸ
916 1087 1088 1141 δύντος
1109 1086 1268 1152 ἡλίου·
1311 1086 1488 1139 οὐδένα
1511 1088 1605 1153 γὰρ
1623 1086 1780 1153 λόγον

103 1164 282 1224 εὐεπέα
309 1170 477 1239 λέγεις
502 1173 957 1237 Λακεδαιμονίοισι,
983 1170 1173 1224 ἐθέλων
1198 1170 1364 1238 σφέας
1392 1172 1490 1222 ἀπὸ
1516 1170 1781 1236 θαλάσσης

102 1259 251 1322 τριῶν
293 1260 463 1321 μηνῶν
507 1255 622 1309 ὁδὸν
668 1257 895 1323 ἀγαγεῖν.
985 1257 1011 1307 ὁ
1055 1258 1147 1321 μὲν
1191 1254 1249 1320 δη
1298 1254 1585 1321 Κλεομένης
1628 1260 1781 1306 ταῦτα
1817 1266 1874 1315 51

105 1340 246 1395 εἴπας
280 1339 357 1406 ἤιε
393 1341 445 1395 ἐς
479 1341 540 1392 τὰ
577 1341 722 1400 οἰκία,
765 1341 792 1392 6
829 1343 882 1393 δὲ
919 1339 1284 1407 Ἀρισταγόρης
1318 1340 1497 1406 λαβὼν
1535 1341 2034 1432 Exemplum-mma»

30 1442 79 1485 15
103 1423 182 1489 ἤιε
233 1425 284 1479 ἐς
333 1429 420 1477 τοῦ
471 1424 797 1491 Κλεομένεος,
857 1426 1085 1478 ἐσελθὼν
1137 1427 1190 1477 δὲ
1249 1425 1351 1477 ἔσω
1404 1423 1491 1477 ἅτε
1551 1424 1781 1476 ἱκετεύων

105 1509 379 1561 ἐπακοῦσαι
409 1508 608 1562 ἐκέλευε
637 1508 724 1563 τὸν
751 1509 1055 1575 Κλεομένεα,
1082 1508 1455 1577 ἀποπέμψαντα
1483 1508 1540 1561 τὸ
1564 1510 1777 1562 παιδίον·

105 1592 447 1660 προσεστήκεε
478 1595 573 1661 γὰρ
597 1594 656 1659 δὴ
688 1599 755 1665 τῷ
784 1593 1059 1659 Κλεομένεϊ
1087 1594 1117 1659 ἡ
1150 1593 1382 1661 θυγάτηρ,
1410 1595 1469 1666 τῇ
1503 1594 1688 1659 οὕνομα
1719 1593 1779 1658 ἧν

105 1677 294 1745 Γοργώ·
342 1683 490 1730 τοῦτο
526 1677 581 1731 δέ
615 1680 662 1731 οἱ
700 1679 778 1731 καὶ
817 1683 999 1745 μοῦνον
1029 1678 1202 1731 τέκνον
1231 1678 1477 1747 ἐτύγχανε
1514 1681 1597 1731 ἐὸν
1627 1678 1778 1731 ἐτέων

104 1762 231 1814 ὀκτὼ
260 1757 291 1826 ἢ
324 1761 465 1815 ἐννέα
493 1762 707 1828 ἡλικίην.
777 1762 1065 1829 Κλεομένης
1095 1765 1147 1815 δὲ
1176 1761 1347 1830 λέγειν
1376 1785 1460 1829 μιν
1491 1762 1688 1823 ἐκέλευε
1717 1765 1778 1814 τὰ

31 1864 81 1892 20
103 1846 346 1912 βούλεται
379 1849 501 1912 μηδὲ
540 1850 772 1916 ἐπισχεῖν
803 1853 891 1900 τοῦ
920 1848 1116 1900 παιδίου
1152 1848 1331 1900 εἵνεκα.
1422 1849 1631 1900 ἐνθαῦτα
1661 1847 1718 1912 δὴ
1752 1849 1777 1898 6
1815 1865 1841 1896 2

105 1929 467 1999 Ἀρισταγόρης
503 1930 686 2000 ἄρχετο
725 1933 779 1983 ἐκ
819 1931 937 1984 δέκα
972 1931 1233 1985 ταλάντων
1270 1933 1678 2001 ὑπισχνεόμενος,
1716 1931 1777 1997 ἤν

105 2017 151 2067 οἱ
188 2014 454 2087 ἐπιτελέσῃ
490 2020 588 2067 τῶν
625 2014 805 2068 ἐδέετο.
894 2016 1221 2070 ἀνανεύοντος
1256 2019 1308 2068 δὲ
1343 2021 1430 2068 τοῦ
1466 2015 1777 2082 Κλεομένεος

106 2099 376 2166 προέβαινε
399 2105 530 2151 τοῖσι
562 2098 785 2168 χρήμασι
815 2100 1152 2168 ὑπερβάλλων
1181 2101 1209 2151 ὁ
1233 2100 1611 2168 Ἀρισταγόρης,
1638 2103 1689 2154 ἐς
1721 2101 1775 2152 οὗ

108 2182 412 2249 πεντήκοντά
441 2205 496 2236 τε
525 2183 745 2236 τάλαντα
773 2184 1065 2237 ὑπεδέδεκτο
1098 2185 1176 2236 καὶ
1206 2189 1262 2236 τὸ
1293 2186 1489 2237 παιδίον
1512 2184 1774 2250 ηὐδάξατο·
1778 2157 2034 2268 mm

32 2290 81 2330 25
107 2267 292 2335 Πάτερ,
318 2267 599 2335 διαφθερέει
631 2291 692 2319 σε
723 2269 749 2318 6
779 2265 1005 2332 ξεῖνος,
981 2290 1042 2332 ην
1063 2269 1130 2334 μὴ
1154 2270 1381 2323 ἀποστὰς
1410 2271 1503 2341 ἴῃς.
1576 2271 1606 2320 ὅ
1633 2291 1686 2321 τε
1717 2269 1774 2333 δη
1814 2285 1839 2329 3

107 2351 394 2418 Κλεομένης
434 2353 606 2417 ἡσθεὶς
640 2356 726 2404 τοῦ
766 2355 962 2405 παιδίου
998 2354 1057 2424 τῇ
1094 2353 1359 2420 παραινέσι
1399 2352 1475 2418 ἤιε
1514 2355 1565 2406 ἐς
1607 2354 1776 2419 ἕτερον

105 2437 285 2503 οἴκημα
315 2438 395 2489 καὶ
426 2438 451 2487 ὁ
475 2436 838 2503 Ἀρισταγόρης
866 2435 1232 2489 ἀπαλλάσσετο
1255 2437 1311 2489 τὸ
1343 2436 1576 2504 παράπαν
1606 2439 1659 2489 ἐκ
1688 2441 1775 2502 τῆς

105 2520 351 2588 Σπάρτης,
396 2520 510 2572 οὐδέ
556 2523 601 2572 οἱ
650 2519 903 2588 ἐξεγένετο
951 2521 1032 2573 ἐπὶ
1078 2520 1236 2574 πλέον
1282 2521 1357 2574 ἔτι
1402 2524 1620 2588 σημῆναι
1662 2523 1775 2589 περὶ

104 2607 192 2669 τῆς
221 2605 400 2657 ἀνόδου
427 2609 514 2669 τῆς
545 2607 676 2670 παρὰ
705 2604 943 2669 βασιλέα.

163 2754 183 2781 1
227 2746 272 2796 eij
299 2755 325 2780 2
355 2743 491 2795 ὑποκρ.
526 2741 722 2781 Bekker:
763 2743 901 2794 ἆποκρ.
940 2742 973 2780 L
1181 2755 1230 2782 10
1267 2743 1426 2796 ὥρμητο
1455 2741 1770 2783 ABCPVU:

107 2795 258 2847 ἔμελλε
281 2796 312 2836 S
494 2810 542 2834 12
575 2795 765 2837 εὐεπέτεα
788 2796 895 2835 SV.
926 2795 1098 2837 εὐπετέα
1121 2796 1160 2836 U
1311 2810 1379 2867 113
1410 2798 1582 2850 ἀπάγειν
1602 2798 1773 2838 Naber:

107 2850 271 2902 ἀνάγειν
301 2851 512 2890 Richards
685 2863 733 2900 15
771 2857 865 2891 εἵσω
899 2851 930 2889 L
1111 2852 1159 2889 18
1198 2850 1254 2903 οἱ]
1286 2852 1324 2892 εἴ
1348 2852 1386 2890 V
1568 2866 1619 2903 19
1656 2852 1772 2907 λέγει

106 2904 145 2943 V
161 2905 198 2944 U
400 2919 450 2945 21
483 2907 652 2958 ἄρχεται
675 2905 756 2944 SV
771 2905 810 2944 U
978 2907 1271 2957 ὑπισχεόμενος
1293 2906 1356 2945 C·
1386 2907 1712 2960 ὑποσχνεόμενος
1733 2909 1772 2947 V

107 2973 160 2998 22
191 2959 411 3014 ἐπιτελέσῃ
434 2960 468 2999 C
488 2973 658 3011 quoque
852 2974 904 3011 23
936 2963 1088 3002 ἐσοῦσα
1108 2961 1142 3000 C
1336 2975 1388 3011 24
1418 2962 1659 3004 ὑποδέδεκτο
1679 2962 1719 3002 Α
1734 2962 1768 3002 Β

107 3025 160 3063 25
190 3002 413 3068 διαφθορέέι
435 3014 500 3054 B:
530 3013 757 3068 διαφθαρέει
781 3015 814 3054 C
972 3017 1025 3054 26
1054 3015 1285 3068 παραινέσει
1310 3016 1342 3055 L
1358 3016 1436 3069 [V]
