<?xml version="1.0" encoding="UTF-8"?>
<!DOCTYPE html PUBLIC "-//W3C//DTD XHTML 1.0 Transitional//EN"
    "http://www.w3.org/TR/xhtml1/DTD/xhtml1-transitional.dtd">
<html xmlns="http://www.w3.org/1999/xhtml" xml:lang="en" lang="en">
 <head>
  <title>
</title>
<meta http-equiv="Content-Type" content="text/html;charset=utf-8" />
  <meta name='ocr-system' content='tesseract 3.04.00' />
  <meta name='ocr-capabilities' content='ocr_page ocr_carea ocr_par ocr_line ocrx_word'/>
</head>
<body>
  <div class='ocr_page' id='page_1' title='image "./herodotihistoria02herouoft_0101.png"; bbox 0 0 2112 3334; ppageno 0'>
   <div class='ocr_carea' id='block_1_1' title="bbox 756 84 2039 155">
    <p class='ocr_par' dir='ltr' id='par_1_1' title="bbox 756 84 2039 155">
     <span class='ocr_line' id='line_1_1' title="bbox 756 84 2039 155; baseline 0.005 -22"><span class='ocrx_word' id='word_1_1' title='bbox 756 84 1134 134; x_wconf 78' lang='grc' dir='ltr'>ιΣΤοΡΙΩΝ</span> <span class='ocrx_word' id='word_1_2' title='bbox 1197 87 1236 134; x_wconf 86' lang='grc' dir='ltr'>Ζ</span> <span class='ocrx_word' id='word_1_3' title='bbox 1864 91 1950 140; x_wconf 90' lang='lat' dir='ltr'>v1.</span> <span class='ocrx_word' id='word_1_4' title='bbox 1975 104 2039 155; x_wconf 80' lang='lat'>57</span> 
     </span>
    </p>
   </div>
   <div class='ocr_carea' id='block_1_2' title="bbox 94 213 2112 2555">
    <p class='ocr_par' dir='ltr' id='par_1_2' title="bbox 162 213 1925 369">
     <span class='ocr_line' id='line_1_2' title="bbox 162 213 1925 287; baseline 0.002 -19"><span class='ocrx_word' id='word_1_5' title='bbox 162 219 317 268; x_wconf 82' lang='grc' dir='ltr'>ταῦτα</span> <span class='ocrx_word' id='word_1_6' title='bbox 344 216 436 280; x_wconf 85' lang='grc' dir='ltr'>μὲν</span> <span class='ocrx_word' id='word_1_7' title='bbox 466 215 528 266; x_wconf 83' lang='grc' dir='ltr'>τὰ</span> <span class='ocrx_word' id='word_1_8' title='bbox 558 213 851 281; x_wconf 81' lang='grc' dir='ltr'>ἐμπολέμια,</span> <span class='ocrx_word' id='word_1_9' title='bbox 890 217 952 267; x_wconf 82' lang='grc' dir='ltr'>τὰ</span> <span class='ocrx_word' id='word_1_10' title='bbox 983 218 1036 268; x_wconf 82' lang='grc' dir='ltr'>δὲ</span> <span class='ocrx_word' id='word_1_11' title='bbox 1059 215 1192 268; x_wconf 83' lang='grc' dir='ltr'>ἄλλα</span> <span class='ocrx_word' id='word_1_12' title='bbox 1221 218 1283 268; x_wconf 87' lang='grc' dir='ltr'>τὰ</span> <span class='ocrx_word' id='word_1_13' title='bbox 1308 218 1529 283; x_wconf 81' lang='grc' dir='ltr'>εἰρηναῖα</span> <span class='ocrx_word' id='word_1_14' title='bbox 1561 220 1682 270; x_wconf 82' lang='grc' dir='ltr'>κατὰ</span> <span class='ocrx_word' id='word_1_15' title='bbox 1711 218 1827 272; x_wconf 89' lang='grc' dir='ltr'>τάδε</span> <span class='ocrx_word' id='word_1_16' title='bbox 1863 236 1925 287; x_wconf 85' lang='grc'>57</span> 
     </span>
     <span class='ocr_line' id='line_1_3' title="bbox 166 294 1827 369; baseline 0.004 -19"><span class='ocrx_word' id='word_1_17' title='bbox 166 305 266 367; x_wconf 86' lang='grc' dir='ltr'>σφι</span> <span class='ocrx_word' id='word_1_18' title='bbox 293 295 506 351; x_wconf 89' lang='grc' dir='ltr'>δέδοται·</span> <span class='ocrx_word' id='word_1_19' title='bbox 551 294 614 363; x_wconf 85' lang='grc' dir='ltr'>ἢν</span> <span class='ocrx_word' id='word_1_20' title='bbox 650 300 799 364; x_wconf 90' lang='grc' dir='ltr'>θυσίη</span> <span class='ocrx_word' id='word_1_21' title='bbox 830 321 904 353; x_wconf 91' lang='grc' dir='ltr'>τις</span> <span class='ocrx_word' id='word_1_22' title='bbox 941 299 1217 366; x_wconf 77' lang='grc' dir='ltr'>δημοτελὴς</span> <span class='ocrx_word' id='word_1_23' title='bbox 1246 304 1463 366; x_wconf 88' lang='grc' dir='ltr'>ποιῆται,</span> <span class='ocrx_word' id='word_1_24' title='bbox 1497 302 1716 369; x_wconf 80' lang='grc' dir='ltr'>πρώτους</span> <span class='ocrx_word' id='word_1_25' title='bbox 1747 304 1827 356; x_wconf 87' lang='grc' dir='ltr'>ἐπὶ</span> 
     </span>
    </p>

    <p class='ocr_par' dir='ltr' id='par_1_3' title="bbox 163 382 1883 540">
     <span class='ocr_line' id='line_1_4' title="bbox 163 382 1826 453; baseline 0.002 -18"><span class='ocrx_word' id='word_1_26' title='bbox 163 382 221 435; x_wconf 86' lang='grc' dir='ltr'>τὸ</span> <span class='ocrx_word' id='word_1_27' title='bbox 265 386 467 435; x_wconf 84' lang='grc' dir='ltr'>δεῖπνον</span> <span class='ocrx_word' id='word_1_28' title='bbox 510 383 631 447; x_wconf 81' lang='grc' dir='ltr'>ἵζειν</span> <span class='ocrx_word' id='word_1_29' title='bbox 674 383 788 438; x_wconf 86' lang='grc' dir='ltr'>τοὺς</span> <span class='ocrx_word' id='word_1_30' title='bbox 831 382 1082 449; x_wconf 83' lang='grc' dir='ltr'>βασιλέας</span> <span class='ocrx_word' id='word_1_31' title='bbox 1130 384 1208 436; x_wconf 87' lang='grc' dir='ltr'>καὶ</span> <span class='ocrx_word' id='word_1_32' title='bbox 1245 385 1342 437; x_wconf 85' lang='grc' dir='ltr'>ἀπὸ</span> <span class='ocrx_word' id='word_1_33' title='bbox 1385 385 1573 438; x_wconf 90' lang='grc' dir='ltr'>τούτων</span> <span class='ocrx_word' id='word_1_34' title='bbox 1618 387 1826 453; x_wconf 81' lang='grc' dir='ltr'>πρώτων</span> 
     </span>
     <span class='ocr_line' id='line_1_5' title="bbox 165 465 1883 540; baseline 0.002 -22"><span class='ocrx_word' id='word_1_35' title='bbox 165 466 426 536; x_wconf 81' lang='grc' dir='ltr'>ἄρχεσθαι,</span> <span class='ocrx_word' id='word_1_36' title='bbox 477 465 720 532; x_wconf 87' lang='grc' dir='ltr'>διπλήσια</span> <span class='ocrx_word' id='word_1_37' title='bbox 766 465 1006 533; x_wconf 80' lang='grc' dir='ltr'>νέμοντας</span> <span class='ocrx_word' id='word_1_38' title='bbox 1053 466 1265 539; x_wconf 78' lang='grc' dir='ltr'>ἑκατέρῳ</span> <span class='ocrx_word' id='word_1_39' title='bbox 1312 471 1373 521; x_wconf 82' lang='grc' dir='ltr'>τὰ</span> <span class='ocrx_word' id='word_1_40' title='bbox 1416 469 1578 522; x_wconf 89' lang='grc' dir='ltr'>πάντα</span> <span class='ocrx_word' id='word_1_41' title='bbox 1620 467 1650 535; x_wconf 88' lang='grc' dir='ltr'>ἢ</span> <span class='ocrx_word' id='word_1_42' title='bbox 1694 475 1828 523; x_wconf 86' lang='grc' dir='ltr'>τοῖσι</span> <span class='ocrx_word' id='word_1_43' title='bbox 1871 529 1883 540; x_wconf 46' lang='grc'><em>,</em></span> 
     </span>
    </p>

    <p class='ocr_par' dir='ltr' id='par_1_4' title="bbox 117 526 2112 957">
     <span class='ocr_line' id='line_1_6' title="bbox 117 526 2112 620; baseline 0.001 -16"><span class='ocrx_word' id='word_1_44' title='bbox 117 574 141 616; x_wconf 88' lang='grc'>5</span> <span class='ocrx_word' id='word_1_45' title='bbox 165 551 373 604; x_wconf 85' lang='grc' dir='ltr'>ἄλλοισι</span> <span class='ocrx_word' id='word_1_46' title='bbox 394 552 730 617; x_wconf 85' lang='grc' dir='ltr'>δαιτυμόνεσι·</span> <span class='ocrx_word' id='word_1_47' title='bbox 778 553 858 605; x_wconf 89' lang='grc' dir='ltr'>καὶ</span> <span class='ocrx_word' id='word_1_48' title='bbox 882 554 1224 620; x_wconf 53' lang='grc' dir='ltr'>σπονδαρχίας</span> <span class='ocrx_word' id='word_1_49' title='bbox 1249 553 1374 606; x_wconf 82' lang='grc' dir='ltr'>εἶναι</span> <span class='ocrx_word' id='word_1_50' title='bbox 1404 555 1589 607; x_wconf 88' lang='grc' dir='ltr'>τούτων</span> <span class='ocrx_word' id='word_1_51' title='bbox 1620 556 1700 608; x_wconf 90' lang='grc' dir='ltr'>καὶ</span> <span class='ocrx_word' id='word_1_52' title='bbox 1730 559 1828 607; x_wconf 85' lang='grc' dir='ltr'>τῶν</span> <span class='ocrx_word' id='word_1_53' title='bbox 1841 526 2112 618; x_wconf 47' lang='lat' dir='ltr'>W&#39;ffiigl</span> 
     </span>
     <span class='ocr_line' id='line_1_7' title="bbox 165 620 1979 703; baseline 0.002 -15"><span class='ocrx_word' id='word_1_54' title='bbox 165 632 410 688; x_wconf 85' lang='grc' dir='ltr'>τυθέντων</span> <span class='ocrx_word' id='word_1_55' title='bbox 444 638 506 687; x_wconf 83' lang='grc' dir='ltr'>τὰ</span> <span class='ocrx_word' id='word_1_56' title='bbox 554 633 784 703; x_wconf 87' lang='grc' dir='ltr'>δέρματα.</span> <span class='ocrx_word' id='word_1_57' title='bbox 873 637 1134 702; x_wconf 89' lang='grc' dir='ltr'>νεομηνίας</span> <span class='ocrx_word' id='word_1_58' title='bbox 1181 639 1235 689; x_wconf 81' lang='grc' dir='ltr'>δὲ</span> <span class='ocrx_word' id='word_1_59' title='bbox 1282 636 1448 692; x_wconf 89' lang='grc' dir='ltr'>πάσας</span> <span class='ocrx_word' id='word_1_60' title='bbox 1490 637 1567 689; x_wconf 88' lang='grc' dir='ltr'>καὶ</span> <span class='ocrx_word' id='word_1_61' title='bbox 1609 639 1827 703; x_wconf 82' lang='grc' dir='ltr'>ἑβδόμας</span> <span class='ocrx_word' id='word_1_62' title='bbox 1865 659 1891 691; x_wconf 85' lang='lat'>2</span> <span class='ocrx_word' id='word_1_63' title='bbox 1968 620 1979 630; x_wconf 43' lang='lat'>⁸</span> 
     </span>
     <span class='ocr_line' id='line_1_8' title="bbox 167 717 1828 788; baseline 0.002 -16"><span class='ocrx_word' id='word_1_64' title='bbox 167 717 437 785; x_wconf 83' lang='grc' dir='ltr'>ἱσταμένου</span> <span class='ocrx_word' id='word_1_65' title='bbox 457 725 544 772; x_wconf 87' lang='grc' dir='ltr'>τοῦ</span> <span class='ocrx_word' id='word_1_66' title='bbox 572 719 727 786; x_wconf 87' lang='grc' dir='ltr'>μηνὸς</span> <span class='ocrx_word' id='word_1_67' title='bbox 750 720 978 772; x_wconf 86' lang='grc' dir='ltr'>δίδοσθαι</span> <span class='ocrx_word' id='word_1_68' title='bbox 1001 722 1055 772; x_wconf 86' lang='grc' dir='ltr'>ἐκ</span> <span class='ocrx_word' id='word_1_69' title='bbox 1078 725 1164 773; x_wconf 85' lang='grc' dir='ltr'>τοῦ</span> <span class='ocrx_word' id='word_1_70' title='bbox 1187 722 1427 786; x_wconf 87' lang='grc' dir='ltr'>δημοσίου</span> <span class='ocrx_word' id='word_1_71' title='bbox 1451 720 1611 788; x_wconf 83' lang='grc' dir='ltr'>ἱρήιον</span> <span class='ocrx_word' id='word_1_72' title='bbox 1632 719 1828 775; x_wconf 89' lang='grc' dir='ltr'>τέλειον</span> 
     </span>
     <span class='ocr_line' id='line_1_9' title="bbox 167 802 1829 874; baseline 0.001 -18"><span class='ocrx_word' id='word_1_73' title='bbox 167 802 380 874; x_wconf 80' lang='grc' dir='ltr'>ἑκατέρῳ</span> <span class='ocrx_word' id='word_1_74' title='bbox 425 806 477 859; x_wconf 87' lang='grc' dir='ltr'>ἐς</span> <span class='ocrx_word' id='word_1_75' title='bbox 513 804 840 858; x_wconf 90' lang='grc' dir='ltr'>Ἀπόλλωνος</span> <span class='ocrx_word' id='word_1_76' title='bbox 890 805 968 857; x_wconf 88' lang='grc' dir='ltr'>καὶ</span> <span class='ocrx_word' id='word_1_77' title='bbox 1012 803 1250 871; x_wconf 88' lang='grc' dir='ltr'>μέδιμνον</span> <span class='ocrx_word' id='word_1_78' title='bbox 1295 806 1523 873; x_wconf 83' lang='grc' dir='ltr'>ἀλφίτων</span> <span class='ocrx_word' id='word_1_79' title='bbox 1569 807 1648 858; x_wconf 91' lang='grc' dir='ltr'>καὶ</span> <span class='ocrx_word' id='word_1_80' title='bbox 1694 807 1829 858; x_wconf 86' lang='grc' dir='ltr'>οἴνου</span> 
     </span>
     <span class='ocr_line' id='line_1_10' title="bbox 165 887 1829 957; baseline 0.002 -17"><span class='ocrx_word' id='word_1_81' title='bbox 165 887 404 956; x_wconf 87' lang='grc' dir='ltr'>τετάρτην</span> <span class='ocrx_word' id='word_1_82' title='bbox 455 889 764 954; x_wconf 85' lang='grc' dir='ltr'>Λακωνικήν,</span> <span class='ocrx_word' id='word_1_83' title='bbox 810 888 889 941; x_wconf 88' lang='grc' dir='ltr'>καὶ</span> <span class='ocrx_word' id='word_1_84' title='bbox 931 891 985 942; x_wconf 84' lang='grc' dir='ltr'>ἐν</span> <span class='ocrx_word' id='word_1_85' title='bbox 1024 894 1159 941; x_wconf 83' lang='grc' dir='ltr'>τοῖσι</span> <span class='ocrx_word' id='word_1_86' title='bbox 1199 891 1362 956; x_wconf 81' lang='grc' dir='ltr'>ἀγῶσι</span> <span class='ocrx_word' id='word_1_87' title='bbox 1402 893 1529 942; x_wconf 81' lang='grc' dir='ltr'>πᾶσι</span> <span class='ocrx_word' id='word_1_88' title='bbox 1569 892 1829 957; x_wconf 90' lang='grc' dir='ltr'>προεδρίας</span> 
     </span>
    </p>

    <p class='ocr_par' dir='ltr' id='par_1_5' title="bbox 94 970 1893 1376">
     <span class='ocr_line' id='line_1_11' title="bbox 94 970 1826 1040; baseline -0.001 -15"><span class='ocrx_word' id='word_1_89' title='bbox 94 997 143 1025; x_wconf 89' lang='lat'>10</span> <span class='ocrx_word' id='word_1_90' title='bbox 165 970 458 1039; x_wconf 81' lang='grc' dir='ltr'>ἐξαιρέτους.</span> <span class='ocrx_word' id='word_1_91' title='bbox 553 974 632 1025; x_wconf 88' lang='grc' dir='ltr'>καὶ</span> <span class='ocrx_word' id='word_1_92' title='bbox 679 972 967 1040; x_wconf 81' lang='grc' dir='ltr'>προξείνους</span> <span class='ocrx_word' id='word_1_93' title='bbox 1015 973 1361 1026; x_wconf 84' lang='grc' dir='ltr'>ἀποδεικνύναι</span> <span class='ocrx_word' id='word_1_94' title='bbox 1408 974 1631 1026; x_wconf 87' lang='grc' dir='ltr'>τούτοισι</span> <span class='ocrx_word' id='word_1_95' title='bbox 1669 996 1826 1040; x_wconf 89' lang='grc' dir='ltr'>προσ-</span> 
     </span>
     <span class='ocr_line' id='line_1_12' title="bbox 167 1055 1830 1124; baseline 0.001 -16"><span class='ocrx_word' id='word_1_96' title='bbox 167 1060 364 1110; x_wconf 86' lang='grc' dir='ltr'>κεῖσθαι</span> <span class='ocrx_word' id='word_1_97' title='bbox 395 1057 508 1112; x_wconf 84' lang='grc' dir='ltr'>τοὺς</span> <span class='ocrx_word' id='word_1_98' title='bbox 539 1057 600 1110; x_wconf 80' lang='grc' dir='ltr'>ἂν</span> <span class='ocrx_word' id='word_1_99' title='bbox 632 1055 849 1110; x_wconf 82' lang='grc' dir='ltr'>ἐθέλωσι</span> <span class='ocrx_word' id='word_1_100' title='bbox 884 1062 981 1110; x_wconf 84' lang='grc' dir='ltr'>τῶν</span> <span class='ocrx_word' id='word_1_101' title='bbox 1012 1059 1180 1109; x_wconf 82' lang='grc' dir='ltr'>ἀστῶν</span> <span class='ocrx_word' id='word_1_102' title='bbox 1214 1058 1291 1109; x_wconf 91' lang='grc' dir='ltr'>καὶ</span> <span class='ocrx_word' id='word_1_103' title='bbox 1324 1058 1541 1111; x_wconf 88' lang='grc' dir='ltr'>Πυθίους</span> <span class='ocrx_word' id='word_1_104' title='bbox 1572 1056 1830 1124; x_wconf 82' lang='grc' dir='ltr'>αἱρέεσθαι</span> 
     </span>
     <span class='ocr_line' id='line_1_13' title="bbox 165 1141 1827 1209; baseline 0.001 -15"><span class='ocrx_word' id='word_1_105' title='bbox 165 1141 252 1194; x_wconf 89' lang='grc' dir='ltr'>δύο</span> <span class='ocrx_word' id='word_1_106' title='bbox 299 1141 546 1209; x_wconf 84' lang='grc' dir='ltr'>ἑκάτερον·</span> <span class='ocrx_word' id='word_1_107' title='bbox 611 1144 658 1194; x_wconf 89' lang='grc' dir='ltr'>οἱ</span> <span class='ocrx_word' id='word_1_108' title='bbox 711 1144 763 1193; x_wconf 77' lang='grc' dir='ltr'>δὲ</span> <span class='ocrx_word' id='word_1_109' title='bbox 805 1142 993 1194; x_wconf 89' lang='grc' dir='ltr'>Πύθιοί</span> <span class='ocrx_word' id='word_1_110' title='bbox 1029 1143 1128 1193; x_wconf 91' lang='grc' dir='ltr'>εἰσι</span> <span class='ocrx_word' id='word_1_111' title='bbox 1171 1142 1440 1208; x_wconf 89' lang='grc' dir='ltr'>θεοπρόποι</span> <span class='ocrx_word' id='word_1_112' title='bbox 1480 1143 1531 1195; x_wconf 85' lang='grc' dir='ltr'>ἐς</span> <span class='ocrx_word' id='word_1_113' title='bbox 1573 1142 1827 1209; x_wconf 84' lang='grc' dir='ltr'>Δελφούς,</span> 
     </span>
     <span class='ocr_line' id='line_1_14' title="bbox 167 1223 1893 1292; baseline 0 -14"><span class='ocrx_word' id='word_1_114' title='bbox 167 1226 450 1291; x_wconf 87' lang='grc' dir='ltr'>σιτεόμενοι</span> <span class='ocrx_word' id='word_1_115' title='bbox 489 1228 613 1292; x_wconf 81' lang='grc' dir='ltr'>μετὰ</span> <span class='ocrx_word' id='word_1_116' title='bbox 653 1231 752 1278; x_wconf 82' lang='grc' dir='ltr'>τῶν</span> <span class='ocrx_word' id='word_1_117' title='bbox 791 1223 1055 1291; x_wconf 91' lang='grc' dir='ltr'>βασιλέων</span> <span class='ocrx_word' id='word_1_118' title='bbox 1095 1228 1155 1277; x_wconf 77' lang='grc' dir='ltr'>τὰ</span> <span class='ocrx_word' id='word_1_119' title='bbox 1197 1226 1428 1291; x_wconf 91' lang='grc' dir='ltr'>δημόσια.</span> <span class='ocrx_word' id='word_1_120' title='bbox 1515 1225 1583 1291; x_wconf 77' lang='grc' dir='ltr'>μὴ</span> <span class='ocrx_word' id='word_1_121' title='bbox 1624 1227 1830 1278; x_wconf 86' lang='grc' dir='ltr'>ἐλθοῦσι</span> <span class='ocrx_word' id='word_1_122' title='bbox 1867 1245 1893 1289; x_wconf 89' lang='lat'>3</span> 
     </span>
     <span class='ocr_line' id='line_1_15' title="bbox 166 1293 1869 1376; baseline 0.001 -14"><span class='ocrx_word' id='word_1_123' title='bbox 166 1312 221 1363; x_wconf 78' lang='grc' dir='ltr'>δὲ</span> <span class='ocrx_word' id='word_1_124' title='bbox 260 1314 395 1362; x_wconf 82' lang='grc' dir='ltr'>τοῖσι</span> <span class='ocrx_word' id='word_1_125' title='bbox 433 1315 713 1376; x_wconf 83' lang='grc' dir='ltr'>βασιλεῦσι</span> <span class='ocrx_word' id='word_1_126' title='bbox 752 1311 834 1362; x_wconf 91' lang='grc' dir='ltr'>ἐπὶ</span> <span class='ocrx_word' id='word_1_127' title='bbox 878 1310 933 1362; x_wconf 88' lang='grc' dir='ltr'>τὸ</span> <span class='ocrx_word' id='word_1_128' title='bbox 975 1313 1176 1362; x_wconf 84' lang='grc' dir='ltr'>δεῖπνον</span> <span class='ocrx_word' id='word_1_129' title='bbox 1216 1307 1606 1375; x_wconf 88' lang='grc' dir='ltr'>ἀποπέμπεσθαί</span> <span class='ocrx_word' id='word_1_130' title='bbox 1643 1316 1740 1376; x_wconf 90' lang='grc' dir='ltr'>σφι</span> <span class='ocrx_word' id='word_1_131' title='bbox 1778 1311 1831 1363; x_wconf 87' lang='grc' dir='ltr'>ἐς</span> <span class='ocrx_word' id='word_1_132' title='bbox 1856 1293 1869 1303; x_wconf 52' lang='grc'><em>“</em></span> 
     </span>
    </p>

    <p class='ocr_par' dir='ltr' id='par_1_6' title="bbox 94 1391 1825 1463">
     <span class='ocr_line' id='line_1_16' title="bbox 94 1391 1825 1463; baseline 0 -19"><span class='ocrx_word' id='word_1_133' title='bbox 94 1415 141 1457; x_wconf 88' lang='lat'>15</span> <span class='ocrx_word' id='word_1_134' title='bbox 165 1396 228 1447; x_wconf 81' lang='grc' dir='ltr'>τὰ</span> <span class='ocrx_word' id='word_1_135' title='bbox 251 1395 383 1447; x_wconf 81' lang='grc' dir='ltr'>οἰκία</span> <span class='ocrx_word' id='word_1_136' title='bbox 405 1395 635 1462; x_wconf 84' lang='grc' dir='ltr'>ἀλφίτων</span> <span class='ocrx_word' id='word_1_137' title='bbox 656 1416 709 1446; x_wconf 90' lang='grc' dir='ltr'>τε</span> <span class='ocrx_word' id='word_1_138' title='bbox 732 1394 817 1446; x_wconf 88' lang='grc' dir='ltr'>δύο</span> <span class='ocrx_word' id='word_1_139' title='bbox 840 1396 1068 1462; x_wconf 84' lang='grc' dir='ltr'>χοίνικας</span> <span class='ocrx_word' id='word_1_140' title='bbox 1091 1391 1303 1463; x_wconf 80' lang='grc' dir='ltr'>ἑκατέρῳ</span> <span class='ocrx_word' id='word_1_141' title='bbox 1337 1393 1415 1445; x_wconf 88' lang='grc' dir='ltr'>καὶ</span> <span class='ocrx_word' id='word_1_142' title='bbox 1439 1395 1572 1445; x_wconf 81' lang='grc' dir='ltr'>οἴνου</span> <span class='ocrx_word' id='word_1_143' title='bbox 1599 1393 1825 1457; x_wconf 84' lang='grc' dir='ltr'>κοτύλην,</span> 
     </span>
    </p>

    <p class='ocr_par' dir='ltr' id='par_1_7' title="bbox 121 1477 1913 1795">
     <span class='ocr_line' id='line_1_17' title="bbox 121 1477 1830 1546; baseline -0.002 -15"><span class='ocrx_word' id='word_1_144' title='bbox 121 1485 124 1489; x_wconf 84' lang='grc'><strong><em>’</em></strong></span> <span class='ocrx_word' id='word_1_145' title='bbox 167 1483 410 1546; x_wconf 84' lang='grc' dir='ltr'>παρεοῦσι</span> <span class='ocrx_word' id='word_1_146' title='bbox 445 1481 499 1531; x_wconf 81' lang='grc' dir='ltr'>δὲ</span> <span class='ocrx_word' id='word_1_147' title='bbox 530 1477 774 1543; x_wconf 89' lang='grc' dir='ltr'>διπλήσια</span> <span class='ocrx_word' id='word_1_148' title='bbox 808 1478 972 1530; x_wconf 87' lang='grc' dir='ltr'>πάντα</span> <span class='ocrx_word' id='word_1_149' title='bbox 1009 1479 1252 1530; x_wconf 89' lang='grc' dir='ltr'>δίδοσθαι·</span> <span class='ocrx_word' id='word_1_150' title='bbox 1299 1477 1454 1529; x_wconf 86' lang='grc' dir='ltr'>τώυτὸ</span> <span class='ocrx_word' id='word_1_151' title='bbox 1491 1480 1545 1530; x_wconf 81' lang='grc' dir='ltr'>δὲ</span> <span class='ocrx_word' id='word_1_152' title='bbox 1575 1481 1717 1529; x_wconf 84' lang='grc' dir='ltr'>τοῦτο</span> <span class='ocrx_word' id='word_1_153' title='bbox 1750 1478 1830 1528; x_wconf 88' lang='grc' dir='ltr'>καὶ</span> 
     </span>
     <span class='ocr_line' id='line_1_18' title="bbox 166 1560 1896 1649; baseline -0.002 -33"><span class='ocrx_word' id='word_1_154' title='bbox 166 1562 290 1630; x_wconf 90' lang='grc' dir='ltr'>πρὸς</span> <span class='ocrx_word' id='word_1_155' title='bbox 335 1560 568 1615; x_wconf 80' lang='grc' dir='ltr'>ἰδιωτέων</span> <span class='ocrx_word' id='word_1_156' title='bbox 614 1560 885 1627; x_wconf 87' lang='grc' dir='ltr'>κληθέντας</span> <span class='ocrx_word' id='word_1_157' title='bbox 930 1562 1012 1614; x_wconf 88' lang='grc' dir='ltr'>ἐπὶ</span> <span class='ocrx_word' id='word_1_158' title='bbox 1056 1565 1256 1614; x_wconf 85' lang='grc' dir='ltr'>δεῖπνον</span> <span class='ocrx_word' id='word_1_159' title='bbox 1301 1560 1729 1649; x_wconf 48' lang='grc' dir='ltr'>τιμᾶσθαιβις</span> <span class='ocrx_word' id='word_1_160' title='bbox 1777 1563 1829 1613; x_wconf 80' lang='grc' dir='ltr'>δὲ</span> <span class='ocrx_word' id='word_1_161' title='bbox 1868 1581 1896 1623; x_wconf 92' lang='grc'>4</span> 
     </span>
     <span class='ocr_line' id='line_1_19' title="bbox 165 1643 1830 1715; baseline -0.002 -16"><span class='ocrx_word' id='word_1_162' title='bbox 165 1648 406 1713; x_wconf 90' lang='grc' dir='ltr'>μαντηίας</span> <span class='ocrx_word' id='word_1_163' title='bbox 447 1649 536 1701; x_wconf 79' lang='grc' dir='ltr'>τὰς</span> <span class='ocrx_word' id='word_1_164' title='bbox 576 1644 841 1715; x_wconf 89' lang='grc' dir='ltr'>γινομένας</span> <span class='ocrx_word' id='word_1_165' title='bbox 880 1646 1082 1699; x_wconf 88' lang='grc' dir='ltr'>τούτους</span> <span class='ocrx_word' id='word_1_166' title='bbox 1122 1645 1427 1713; x_wconf 87' lang='grc' dir='ltr'>φυλάσσειν,</span> <span class='ocrx_word' id='word_1_167' title='bbox 1462 1643 1740 1697; x_wconf 88' lang='grc' dir='ltr'>συνειδέναι</span> <span class='ocrx_word' id='word_1_168' title='bbox 1776 1647 1830 1696; x_wconf 81' lang='grc' dir='ltr'>δὲ</span> 
     </span>
     <span class='ocr_line' id='line_1_20' title="bbox 170 1728 1913 1795; baseline -0.002 -11"><span class='ocrx_word' id='word_1_169' title='bbox 170 1732 249 1785; x_wconf 88' lang='grc' dir='ltr'>καὶ</span> <span class='ocrx_word' id='word_1_170' title='bbox 267 1731 382 1787; x_wconf 85' lang='grc' dir='ltr'>τοὺς</span> <span class='ocrx_word' id='word_1_171' title='bbox 402 1733 636 1786; x_wconf 91' lang='grc' dir='ltr'>Πυθίους.</span> <span class='ocrx_word' id='word_1_172' title='bbox 712 1730 926 1795; x_wconf 79' lang='grc' dir='ltr'>δικάζειν</span> <span class='ocrx_word' id='word_1_173' title='bbox 946 1733 998 1782; x_wconf 79' lang='grc' dir='ltr'>δὲ</span> <span class='ocrx_word' id='word_1_174' title='bbox 1016 1730 1225 1795; x_wconf 84' lang='grc' dir='ltr'>μούνους</span> <span class='ocrx_word' id='word_1_175' title='bbox 1245 1729 1356 1783; x_wconf 85' lang='grc' dir='ltr'>τοὺς</span> <span class='ocrx_word' id='word_1_176' title='bbox 1379 1728 1628 1795; x_wconf 85' lang='grc' dir='ltr'>βασιλέας</span> <span class='ocrx_word' id='word_1_177' title='bbox 1647 1728 1830 1781; x_wconf 86' lang='grc' dir='ltr'>τοσάδε</span> <span class='ocrx_word' id='word_1_178' title='bbox 1900 1779 1913 1791; x_wconf 77' lang='lat'>‚</span> 
     </span>
    </p>

    <p class='ocr_par' dir='ltr' id='par_1_8' title="bbox 94 1782 2112 2220">
     <span class='ocr_line' id='line_1_21' title="bbox 94 1782 2112 1902; baseline -0.003 -32"><span class='ocrx_word' id='word_1_179' title='bbox 94 1842 144 1872; x_wconf 82' lang='lat'>20</span> <span class='ocrx_word' id='word_1_180' title='bbox 166 1821 340 1884; x_wconf 86' lang='grc' dir='ltr'>μοῦνα·</span> <span class='ocrx_word' id='word_1_181' title='bbox 385 1817 668 1888; x_wconf 55' lang='grc' dir='ltr'>πατρούχου</span> <span class='ocrx_word' id='word_1_182' title='bbox 698 1837 752 1868; x_wconf 91' lang='grc' dir='ltr'>τε</span> <span class='ocrx_word' id='word_1_183' title='bbox 782 1813 1030 1882; x_wconf 92' lang='grc' dir='ltr'>παρθένου</span> <span class='ocrx_word' id='word_1_184' title='bbox 1063 1813 1195 1881; x_wconf 85' lang='grc' dir='ltr'>πέρι,</span> <span class='ocrx_word' id='word_1_185' title='bbox 1227 1816 1277 1868; x_wconf 88' lang='grc' dir='ltr'>ἐς</span> <span class='ocrx_word' id='word_1_186' title='bbox 1311 1813 1397 1866; x_wconf 89' lang='grc' dir='ltr'>τὸν</span> <span class='ocrx_word' id='word_1_187' title='bbox 1429 1812 1640 1866; x_wconf 81' lang='grc' dir='ltr'>ἱκνέεται</span> <span class='ocrx_word' id='word_1_188' title='bbox 1675 1782 2112 1902; x_wconf 43' lang='grc' dir='ltr'>ἔχειῆῖζλῒρἱῗ</span> 
     </span>
     <span class='ocr_line' id='line_1_22' title="bbox 166 1896 1831 1970; baseline -0.003 -16"><span class='ocrx_word' id='word_1_189' title='bbox 166 1897 228 1966; x_wconf 84' lang='grc' dir='ltr'>ἢν</span> <span class='ocrx_word' id='word_1_190' title='bbox 271 1899 338 1967; x_wconf 92' lang='grc' dir='ltr'>μή</span> <span class='ocrx_word' id='word_1_191' title='bbox 379 1922 472 1967; x_wconf 93' lang='grc' dir='ltr'>περ</span> <span class='ocrx_word' id='word_1_192' title='bbox 508 1901 534 1952; x_wconf 90' lang='grc' dir='ltr'>ὁ</span> <span class='ocrx_word' id='word_1_193' title='bbox 570 1899 732 1967; x_wconf 79' lang='grc' dir='ltr'>πατὴρ</span> <span class='ocrx_word' id='word_1_194' title='bbox 773 1899 926 1964; x_wconf 81' lang='grc' dir='ltr'>αὐτὴν</span> <span class='ocrx_word' id='word_1_195' title='bbox 970 1897 1210 1970; x_wconf 82' lang='grc' dir='ltr'>ἐγγυήσῃ,</span> <span class='ocrx_word' id='word_1_196' title='bbox 1258 1898 1337 1950; x_wconf 90' lang='grc' dir='ltr'>καὶ</span> <span class='ocrx_word' id='word_1_197' title='bbox 1381 1899 1509 1950; x_wconf 84' lang='grc' dir='ltr'>ὁδῶν</span> <span class='ocrx_word' id='word_1_198' title='bbox 1553 1896 1831 1962; x_wconf 89' lang='grc' dir='ltr'>δημοσιέων</span> 
     </span>
     <span class='ocr_line' id='line_1_23' title="bbox 167 1979 1893 2054; baseline -0.003 -16"><span class='ocrx_word' id='word_1_199' title='bbox 167 1984 295 2053; x_wconf 91' lang='grc' dir='ltr'>πέρι.</span> <span class='ocrx_word' id='word_1_200' title='bbox 385 1986 466 2037; x_wconf 89' lang='grc' dir='ltr'>καὶ</span> <span class='ocrx_word' id='word_1_201' title='bbox 501 1984 563 2050; x_wconf 87' lang='grc' dir='ltr'>ἤν</span> <span class='ocrx_word' id='word_1_202' title='bbox 592 2006 667 2039; x_wconf 91' lang='grc' dir='ltr'>τις</span> <span class='ocrx_word' id='word_1_203' title='bbox 704 1983 859 2036; x_wconf 78' lang='grc' dir='ltr'>θετὸν</span> <span class='ocrx_word' id='word_1_204' title='bbox 887 1986 1039 2035; x_wconf 86' lang='grc' dir='ltr'>παῖδα</span> <span class='ocrx_word' id='word_1_205' title='bbox 1074 1981 1336 2034; x_wconf 90' lang='grc' dir='ltr'>ποιέεσθαι</span> <span class='ocrx_word' id='word_1_206' title='bbox 1372 1980 1537 2054; x_wconf 83' lang='grc' dir='ltr'>ἐθέλῃ,</span> <span class='ocrx_word' id='word_1_207' title='bbox 1570 1979 1831 2046; x_wconf 89' lang='grc' dir='ltr'>βασιλέων</span> <span class='ocrx_word' id='word_1_208' title='bbox 1871 1999 1893 2046; x_wconf 88' lang='grc'><strong>5</strong></span> 
     </span>
     <span class='ocr_line' id='line_1_24' title="bbox 169 2064 1828 2134; baseline -0.004 -12"><span class='ocrx_word' id='word_1_209' title='bbox 169 2070 398 2122; x_wconf 86' lang='grc' dir='ltr'>ἐναντίον</span> <span class='ocrx_word' id='word_1_210' title='bbox 419 2068 698 2122; x_wconf 89' lang='grc' dir='ltr'>ποιέεσθαι.</span> <span class='ocrx_word' id='word_1_211' title='bbox 775 2068 856 2119; x_wconf 88' lang='grc' dir='ltr'>καὶ</span> <span class='ocrx_word' id='word_1_212' title='bbox 878 2067 1100 2134; x_wconf 80' lang='grc' dir='ltr'>παρίζειν</span> <span class='ocrx_word' id='word_1_213' title='bbox 1122 2066 1430 2132; x_wconf 83' lang='grc' dir='ltr'>βουλεύουσι</span> <span class='ocrx_word' id='word_1_214' title='bbox 1452 2071 1585 2117; x_wconf 84' lang='grc' dir='ltr'>τοῖσι</span> <span class='ocrx_word' id='word_1_215' title='bbox 1608 2064 1828 2132; x_wconf 86' lang='grc' dir='ltr'>γέρουσι,</span> 
     </span>
     <span class='ocr_line' id='line_1_25' title="bbox 168 2147 1833 2220; baseline -0.004 -14"><span class='ocrx_word' id='word_1_216' title='bbox 168 2155 309 2206; x_wconf 88' lang='grc' dir='ltr'>ἐοῦσι</span> <span class='ocrx_word' id='word_1_217' title='bbox 331 2157 458 2207; x_wconf 84' lang='grc' dir='ltr'>δυῶν</span> <span class='ocrx_word' id='word_1_218' title='bbox 482 2152 652 2206; x_wconf 90' lang='grc' dir='ltr'>δέουσι</span> <span class='ocrx_word' id='word_1_219' title='bbox 675 2151 951 2220; x_wconf 90' lang='grc' dir='ltr'>τριήκοντα·</span> <span class='ocrx_word' id='word_1_220' title='bbox 995 2147 1057 2215; x_wconf 87' lang='grc' dir='ltr'>ἢν</span> <span class='ocrx_word' id='word_1_221' title='bbox 1081 2152 1134 2203; x_wconf 82' lang='grc' dir='ltr'>δὲ</span> <span class='ocrx_word' id='word_1_222' title='bbox 1155 2150 1221 2216; x_wconf 83' lang='grc' dir='ltr'>μὴ</span> <span class='ocrx_word' id='word_1_223' title='bbox 1246 2149 1448 2209; x_wconf 87' lang='grc' dir='ltr'>ἔλθωσι,</span> <span class='ocrx_word' id='word_1_224' title='bbox 1474 2149 1587 2203; x_wconf 84' lang='grc' dir='ltr'>τοὺς</span> <span class='ocrx_word' id='word_1_225' title='bbox 1609 2147 1833 2214; x_wconf 89' lang='grc' dir='ltr'>μάλιστά</span> 
     </span>
    </p>

    <p class='ocr_par' dir='ltr' id='par_1_9' title="bbox 94 2219 1935 2555">
     <span class='ocr_line' id='line_1_26' title="bbox 94 2219 1901 2306; baseline -0.004 -16"><span class='ocrx_word' id='word_1_226' title='bbox 94 2260 142 2302; x_wconf 82' lang='lat'>25</span> <span class='ocrx_word' id='word_1_227' title='bbox 169 2245 269 2306; x_wconf 93' lang='grc' dir='ltr'>σφι</span> <span class='ocrx_word' id='word_1_228' title='bbox 314 2242 413 2290; x_wconf 83' lang='grc' dir='ltr'>τῶν</span> <span class='ocrx_word' id='word_1_229' title='bbox 461 2238 711 2305; x_wconf 91' lang='grc' dir='ltr'>γερόντων</span> <span class='ocrx_word' id='word_1_230' title='bbox 755 2234 1099 2303; x_wconf 87' lang='grc' dir='ltr'>προσήκοντας</span> <span class='ocrx_word' id='word_1_231' title='bbox 1143 2235 1280 2302; x_wconf 86' lang='grc' dir='ltr'>ἔχειν</span> <span class='ocrx_word' id='word_1_232' title='bbox 1323 2236 1385 2285; x_wconf 84' lang='grc' dir='ltr'>τὰ</span> <span class='ocrx_word' id='word_1_233' title='bbox 1429 2231 1832 2298; x_wconf 85' lang='grc' dir='ltr'>τῶνβασιλέων</span> <span class='ocrx_word' id='word_1_234' title='bbox 1894 2219 1901 2226; x_wconf 47' lang='lat'>&#39;</span> 
     </span>
     <span class='ocr_line' id='line_1_27' title="bbox 166 2314 1935 2389; baseline -0.006 -14"><span class='ocrx_word' id='word_1_235' title='bbox 166 2320 332 2389; x_wconf 90' lang='grc' dir='ltr'>γέρεα,</span> <span class='ocrx_word' id='word_1_236' title='bbox 359 2321 444 2374; x_wconf 90' lang='grc' dir='ltr'>δύο</span> <span class='ocrx_word' id='word_1_237' title='bbox 467 2319 675 2389; x_wconf 81' lang='grc' dir='ltr'>ψήφους</span> <span class='ocrx_word' id='word_1_238' title='bbox 697 2319 994 2386; x_wconf 87' lang='grc' dir='ltr'>τιθεμένους,</span> <span class='ocrx_word' id='word_1_239' title='bbox 1016 2320 1186 2387; x_wconf 89' lang='grc' dir='ltr'>τρίτην</span> <span class='ocrx_word' id='word_1_240' title='bbox 1209 2321 1263 2370; x_wconf 78' lang='grc' dir='ltr'>δὲ</span> <span class='ocrx_word' id='word_1_241' title='bbox 1282 2317 1373 2383; x_wconf 80' lang='grc' dir='ltr'>τὴν</span> <span class='ocrx_word' id='word_1_242' title='bbox 1398 2321 1606 2370; x_wconf 82' lang='grc' dir='ltr'>ἑωυτῶν.</span> <span class='ocrx_word' id='word_1_243' title='bbox 1681 2321 1833 2368; x_wconf 85' lang='grc' dir='ltr'>ταῦτα</span> <span class='ocrx_word' id='word_1_244' title='bbox 1868 2314 1935 2377; x_wconf 87' lang='grc'>58</span> 
     </span>
     <span class='ocr_line' id='line_1_28' title="bbox 165 2403 1830 2471; baseline -0.004 -13"><span class='ocrx_word' id='word_1_245' title='bbox 165 2408 259 2471; x_wconf 81' lang='grc' dir='ltr'>μὲν</span> <span class='ocrx_word' id='word_1_246' title='bbox 292 2406 413 2470; x_wconf 82' lang='grc' dir='ltr'>ζῶσι</span> <span class='ocrx_word' id='word_1_247' title='bbox 440 2410 574 2457; x_wconf 85' lang='grc' dir='ltr'>τοῖσι</span> <span class='ocrx_word' id='word_1_248' title='bbox 609 2409 890 2470; x_wconf 87' lang='grc' dir='ltr'>βασιλεῦσι</span> <span class='ocrx_word' id='word_1_249' title='bbox 918 2403 1112 2456; x_wconf 89' lang='grc' dir='ltr'>δέδοται</span> <span class='ocrx_word' id='word_1_250' title='bbox 1143 2405 1197 2454; x_wconf 92' lang='grc' dir='ltr'>ἐκ</span> <span class='ocrx_word' id='word_1_251' title='bbox 1228 2407 1312 2453; x_wconf 86' lang='grc' dir='ltr'>τοῦ</span> <span class='ocrx_word' id='word_1_252' title='bbox 1345 2406 1507 2454; x_wconf 85' lang='grc' dir='ltr'>κοινοῦ</span> <span class='ocrx_word' id='word_1_253' title='bbox 1536 2406 1634 2453; x_wconf 86' lang='grc' dir='ltr'>τῶν</span> <span class='ocrx_word' id='word_1_254' title='bbox 1664 2405 1830 2466; x_wconf 84' lang='grc' dir='ltr'>Σπαρ-</span> 
     </span>
     <span class='ocr_line' id='line_1_29' title="bbox 167 2483 1832 2555; baseline -0.004 -13"><span class='ocrx_word' id='word_1_255' title='bbox 167 2489 391 2555; x_wconf 89' lang='grc' dir='ltr'>τιητέων,</span> <span class='ocrx_word' id='word_1_256' title='bbox 439 2490 749 2542; x_wconf 84' lang='grc' dir='ltr'>ἀποθανοῦσι</span> <span class='ocrx_word' id='word_1_257' title='bbox 793 2490 847 2540; x_wconf 85' lang='grc' dir='ltr'>δὲ</span> <span class='ocrx_word' id='word_1_258' title='bbox 889 2486 1021 2540; x_wconf 90' lang='grc' dir='ltr'>τάδε·</span> <span class='ocrx_word' id='word_1_259' title='bbox 1084 2485 1256 2540; x_wconf 89' lang='grc' dir='ltr'>ἱππέες</span> <span class='ocrx_word' id='word_1_260' title='bbox 1300 2484 1726 2553; x_wconf 89' lang='grc' dir='ltr'>περιαγγέλλουσι</span> <span class='ocrx_word' id='word_1_261' title='bbox 1775 2483 1832 2535; x_wconf 87' lang='grc' dir='ltr'>τὸ</span> 
     </span>
    </p>
   </div>
   <div class='ocr_carea' id='block_1_3' title="bbox 166 2623 1834 3006">
    <p class='ocr_par' dir='ltr' id='par_1_10' title="bbox 166 2623 1834 3006">
     <span class='ocr_line' id='line_1_30' title="bbox 225 2623 1831 2679; baseline -0.005 -11"><span class='ocrx_word' id='word_1_262' title='bbox 225 2640 244 2668; x_wconf 92' lang='lat'>1</span> <span class='ocrx_word' id='word_1_263' title='bbox 277 2631 415 2671; x_wconf 80' lang='grc' dir='ltr'>ἐνπολ.</span> <span class='ocrx_word' id='word_1_264' title='bbox 441 2627 475 2668; x_wconf 91' lang='lat' dir='ltr'>C</span> <span class='ocrx_word' id='word_1_265' title='bbox 489 2626 571 2667; x_wconf 90' lang='lat' dir='ltr'>SV</span> <span class='ocrx_word' id='word_1_266' title='bbox 682 2624 865 2679; x_wconf 87' lang='grc' dir='ltr'>εἰρημένα</span> <span class='ocrx_word' id='word_1_267' title='bbox 887 2625 926 2664; x_wconf 90' lang='lat' dir='ltr'>R</span> <span class='ocrx_word' id='word_1_268' title='bbox 942 2625 1023 2665; x_wconf 87' lang='lat' dir='ltr'>SV</span> <span class='ocrx_word' id='word_1_269' title='bbox 1170 2637 1195 2663; x_wconf 85' lang='lat'>2</span> <span class='ocrx_word' id='word_1_270' title='bbox 1226 2624 1367 2673; x_wconf 81' lang='grc' dir='ltr'>θυσίην</span> <span class='ocrx_word' id='word_1_271' title='bbox 1385 2640 1446 2664; x_wconf 84' lang='grc' dir='ltr'>τις</span> <span class='ocrx_word' id='word_1_272' title='bbox 1467 2624 1531 2674; x_wconf 82' lang='grc' dir='ltr'>(τε</span> <span class='ocrx_word' id='word_1_273' title='bbox 1553 2623 1605 2675; x_wconf 76' lang='lat' dir='ltr'>C&gt;</span> <span class='ocrx_word' id='word_1_274' title='bbox 1628 2625 1831 2671; x_wconf 83' lang='grc' dir='ltr'>δημοτελῆ</span> 
     </span>
     <span class='ocr_line' id='line_1_31' title="bbox 166 2676 1834 2733; baseline -0.004 -10"><span class='ocrx_word' id='word_1_275' title='bbox 166 2682 207 2722; x_wconf 92' lang='grc' dir='ltr'><strong>Α</strong></span> <span class='ocrx_word' id='word_1_276' title='bbox 222 2683 257 2723; x_wconf 91' lang='grc' dir='ltr'>Β</span> <span class='ocrx_word' id='word_1_277' title='bbox 272 2683 307 2722; x_wconf 92' lang='lat' dir='ltr'>C</span> <span class='ocrx_word' id='word_1_278' title='bbox 417 2683 602 2730; x_wconf 86' lang='grc' dir='ltr'>ποιέηται</span> <span class='ocrx_word' id='word_1_279' title='bbox 624 2681 658 2721; x_wconf 85' lang='grc' dir='ltr'>Ρ</span> <span class='ocrx_word' id='word_1_280' title='bbox 671 2681 711 2720; x_wconf 86' lang='lat' dir='ltr'><strong>R</strong></span> <span class='ocrx_word' id='word_1_281' title='bbox 726 2682 756 2721; x_wconf 87' lang='lat' dir='ltr'>S</span> <span class='ocrx_word' id='word_1_282' title='bbox 769 2681 808 2720; x_wconf 94' lang='lat' dir='ltr'>V</span> <span class='ocrx_word' id='word_1_283' title='bbox 963 2693 989 2730; x_wconf 88' lang='grc'>3</span> <span class='ocrx_word' id='word_1_284' title='bbox 1024 2680 1190 2733; x_wconf 78' lang='grc' dir='ltr'>πρώτων</span> <span class='ocrx_word' id='word_1_285' title='bbox 1210 2679 1270 2720; x_wconf 88' lang='lat' dir='ltr'>V:</span> <span class='ocrx_word' id='word_1_286' title='bbox 1302 2682 1457 2730; x_wconf 81' lang='grc' dir='ltr'>πρῶτον</span> <span class='ocrx_word' id='word_1_287' title='bbox 1479 2676 1568 2716; x_wconf 86' lang='lat' dir='ltr'>rell.</span> <span class='ocrx_word' id='word_1_288' title='bbox 1725 2690 1749 2725; x_wconf 93' lang='lat'>4</span> <span class='ocrx_word' id='word_1_289' title='bbox 1779 2677 1834 2716; x_wconf 85' lang='grc' dir='ltr'>τὰ</span> 
     </span>
     <span class='ocr_line' id='line_1_32' title="bbox 167 2729 1834 2787; baseline -0.007 -9"><span class='ocrx_word' id='word_1_290' title='bbox 167 2751 254 2778; x_wconf 89' lang='lat' dir='ltr'>om.</span> <span class='ocrx_word' id='word_1_291' title='bbox 274 2738 315 2778; x_wconf 88' lang='lat' dir='ltr'>R</span> <span class='ocrx_word' id='word_1_292' title='bbox 453 2749 478 2787; x_wconf 88' lang='lat'>5</span> <span class='ocrx_word' id='word_1_293' title='bbox 509 2735 794 2787; x_wconf 87' lang='grc' dir='ltr'>δαιτυμόνεσσι</span> <span class='ocrx_word' id='word_1_294' title='bbox 814 2734 854 2773; x_wconf 93' lang='grc' dir='ltr'>Α</span> <span class='ocrx_word' id='word_1_295' title='bbox 869 2734 904 2774; x_wconf 91' lang='grc' dir='ltr'>Β</span> <span class='ocrx_word' id='word_1_296' title='bbox 1053 2736 1080 2772; x_wconf 91' lang='grc'>6</span> <span class='ocrx_word' id='word_1_297' title='bbox 1108 2732 1302 2775; x_wconf 87' lang='grc' dir='ltr'>τιθέντων</span> <span class='ocrx_word' id='word_1_298' title='bbox 1322 2731 1536 2785; x_wconf 83' lang='grc' dir='ltr'>προβάτων</span> <span class='ocrx_word' id='word_1_299' title='bbox 1556 2731 1596 2770; x_wconf 89' lang='lat' dir='ltr'>R</span> <span class='ocrx_word' id='word_1_300' title='bbox 1613 2731 1736 2784; x_wconf 56' lang='grc' dir='ltr'>(τυθ.)</span> <span class='ocrx_word' id='word_1_301' title='bbox 1752 2731 1782 2770; x_wconf 93' lang='lat' dir='ltr'>S</span> <span class='ocrx_word' id='word_1_302' title='bbox 1795 2729 1834 2767; x_wconf 95' lang='lat' dir='ltr'>V</span> 
     </span>
     <span class='ocr_line' id='line_1_33' title="bbox 168 2784 1833 2841; baseline -0.008 -7"><span class='ocrx_word' id='word_1_303' title='bbox 168 2791 212 2834; x_wconf 84' lang='grc' dir='ltr'>δὲ</span> <span class='ocrx_word' id='word_1_304' title='bbox 239 2794 312 2835; x_wconf 81' lang='grc' dir='ltr'>ἀνὰ</span> <span class='ocrx_word' id='word_1_305' title='bbox 341 2792 466 2832; x_wconf 85' lang='lat' dir='ltr'>PSV</span> <span class='ocrx_word' id='word_1_306' title='bbox 612 2792 697 2832; x_wconf 62' lang='lat' dir='ltr'>⁴md</span> <span class='ocrx_word' id='word_1_307' title='bbox 724 2790 899 2841; x_wconf 85' lang='grc' dir='ltr'>ἑβδόμας</span> <span class='ocrx_word' id='word_1_308' title='bbox 920 2802 1000 2829; x_wconf 90' lang='lat' dir='ltr'>om.</span> <span class='ocrx_word' id='word_1_309' title='bbox 1028 2789 1066 2827; x_wconf 90' lang='lat' dir='ltr'>R</span> <span class='ocrx_word' id='word_1_310' title='bbox 1082 2789 1163 2828; x_wconf 90' lang='lat' dir='ltr'>SV</span> <span class='ocrx_word' id='word_1_311' title='bbox 1382 2789 1409 2825; x_wconf 86' lang='lat'>8</span> <span class='ocrx_word' id='word_1_312' title='bbox 1436 2786 1676 2827; x_wconf 79' lang='grc' dir='ltr'>Ἀπόλλωνα</span> <span class='ocrx_word' id='word_1_313' title='bbox 1699 2784 1736 2822; x_wconf 85' lang='lat' dir='ltr'><strong>R</strong></span> <span class='ocrx_word' id='word_1_314' title='bbox 1752 2784 1833 2823; x_wconf 76' lang='lat' dir='ltr'>SV</span> 
     </span>
     <span class='ocr_line' id='line_1_34' title="bbox 174 2839 1834 2899; baseline -0.006 -13"><span class='ocrx_word' id='word_1_315' title='bbox 174 2860 225 2886; x_wconf 90' lang='lat'>10</span> <span class='ocrx_word' id='word_1_316' title='bbox 251 2850 483 2899; x_wconf 76' lang='grc' dir='ltr'>προκεῖσθαι</span> <span class='ocrx_word' id='word_1_317' title='bbox 502 2845 543 2886; x_wconf 84' lang='grc' dir='ltr'><strong>Α</strong></span> <span class='ocrx_word' id='word_1_318' title='bbox 557 2846 591 2885; x_wconf 90' lang='grc' dir='ltr'>Β</span> <span class='ocrx_word' id='word_1_319' title='bbox 609 2845 647 2883; x_wconf 86' lang='lat' dir='ltr'>R</span> <span class='ocrx_word' id='word_1_320' title='bbox 871 2857 915 2883; x_wconf 85' lang='lat'>11</span> <span class='ocrx_word' id='word_1_321' title='bbox 949 2842 1097 2885; x_wconf 87' lang='grc' dir='ltr'>θέλωσι</span> <span class='ocrx_word' id='word_1_322' title='bbox 1120 2842 1158 2880; x_wconf 87' lang='lat' dir='ltr'><strong>R</strong></span> <span class='ocrx_word' id='word_1_323' title='bbox 1174 2842 1203 2881; x_wconf 87' lang='lat' dir='ltr'>S</span> <span class='ocrx_word' id='word_1_324' title='bbox 1216 2842 1255 2881; x_wconf 90' lang='lat' dir='ltr'>V</span> <span class='ocrx_word' id='word_1_325' title='bbox 1456 2852 1502 2879; x_wconf 86' lang='lat'>12</span> <span class='ocrx_word' id='word_1_326' title='bbox 1532 2839 1730 2892; x_wconf 82' lang='grc' dir='ltr'>ἑκατέρων</span> <span class='ocrx_word' id='word_1_327' title='bbox 1752 2840 1782 2878; x_wconf 86' lang='lat' dir='ltr'>S</span> <span class='ocrx_word' id='word_1_328' title='bbox 1795 2839 1834 2876; x_wconf 94' lang='lat' dir='ltr'>V</span> 
     </span>
     <span class='ocr_line' id='line_1_35' title="bbox 172 2892 1833 2953; baseline -0.007 -10"><span class='ocrx_word' id='word_1_329' title='bbox 172 2901 351 2944; x_wconf 76' lang='grc' dir='ltr'>Πύθιοίσι</span> <span class='ocrx_word' id='word_1_330' title='bbox 373 2901 584 2953; x_wconf 79' lang='grc' dir='ltr'>θεοπρόποι</span> <span class='ocrx_word' id='word_1_331' title='bbox 607 2900 646 2939; x_wconf 89' lang='lat' dir='ltr'>R</span> <span class='ocrx_word' id='word_1_332' title='bbox 806 2913 861 2939; x_wconf 88' lang='lat'>20</span> <span class='ocrx_word' id='word_1_333' title='bbox 890 2896 1168 2950; x_wconf 85' lang='grc' dir='ltr'>πατρωιούχου</span> <span class='ocrx_word' id='word_1_334' title='bbox 1190 2895 1330 2936; x_wconf 83' lang='lat' dir='ltr'><strong>Roehl</strong></span> <span class='ocrx_word' id='word_1_335' title='bbox 1479 2908 1531 2934; x_wconf 85' lang='lat'>22</span> <span class='ocrx_word' id='word_1_336' title='bbox 1562 2894 1659 2943; x_wconf 84' lang='grc' dir='ltr'>θέλη</span> <span class='ocrx_word' id='word_1_337' title='bbox 1683 2894 1721 2931; x_wconf 85' lang='lat' dir='ltr'>R</span> <span class='ocrx_word' id='word_1_338' title='bbox 1745 2895 1775 2933; x_wconf 87' lang='lat' dir='ltr'>S</span> <span class='ocrx_word' id='word_1_339' title='bbox 1795 2892 1833 2931; x_wconf 96' lang='lat' dir='ltr'>V</span> 
     </span>
     <span class='ocr_line' id='line_1_36' title="bbox 170 2952 1046 3006; baseline -0.003 -12"><span class='ocrx_word' id='word_1_340' title='bbox 170 2968 223 3006; x_wconf 87' lang='grc'>23</span> <span class='ocrx_word' id='word_1_341' title='bbox 252 2955 434 2997; x_wconf 89' lang='grc' dir='ltr'>ποιέσθαι</span> <span class='ocrx_word' id='word_1_342' title='bbox 457 2955 495 2993; x_wconf 89' lang='lat' dir='ltr'>R</span> <span class='ocrx_word' id='word_1_343' title='bbox 524 3003 528 3006; x_wconf 29' lang='grc' dir='ltr'>Ι</span> <span class='ocrx_word' id='word_1_344' title='bbox 662 2967 712 3004; x_wconf 83' lang='grc'>27</span> <span class='ocrx_word' id='word_1_345' title='bbox 744 2953 845 3006; x_wconf 85' lang='grc' dir='ltr'>τῶν]</span> <span class='ocrx_word' id='word_1_346' title='bbox 868 2957 939 2994; x_wconf 87' lang='grc' dir='ltr'>τοῦ</span> <span class='ocrx_word' id='word_1_347' title='bbox 959 2952 1046 2992; x_wconf 88' lang='grc' dir='ltr'>ΑΒ</span> 
     </span>
    </p>
   </div>
  </div>
 </body>
</html>
