2132 3340
730 82 1105 131 ΙΣΤΟΡΙΩΝ
1166 84 1215 132 H
1847 84 1961 135 VH.
1988 97 2049 146 41

142 212 285 267 οὗτος
329 210 475 276 πεζὸς
519 210 596 277 ἤν·
665 213 743 265 καὶ
778 213 964 265 τούτων
1009 213 1167 282 χίλιοι
1200 215 1292 280 μὲν
1333 214 1414 266 ἐπὶ
1456 217 1589 266 τοῖσι
1629 213 1808 280 δόρασι
1845 230 1872 263 2

141 297 251 350 ἀντὶ
281 301 378 350 τῶν
410 295 740 364 σαυρωτήρων
768 298 907 380 ῥοιὰς
939 298 1078 367 εἶχον
1108 296 1325 367 χρυσέας
1356 298 1435 351 καὶ
1477 294 1623 364 πέριξ
1662 318 1806 351 συνε-
1830 312 2132 363 pot-*am

144 379 315 446 κλήιον
345 380 458 435 τοὺς
489 381 690 441 ἄλλους,
723 384 769 435 οἱ
801 384 853 435 δὲ
877 384 1232 451 εἰνακισχίλιοι
1257 382 1396 438 ἐντὸς
1419 382 1608 435 τούτων
1638 382 1805 438 ἐόντες
1981 386 1986 391 ’

141 464 381 534 ἀργυρέας
419 467 557 533 ῥοιὰς
597 466 751 535 εἶχον.
841 467 980 535 εἶχον
1021 470 1073 519 δὲ
1113 467 1331 535 χρυσέας
1369 469 1506 535 ῥοιὰς
1549 468 1627 520 καὶ
1669 469 1715 519 οἱ
1756 470 1806 522 ἐς

96 575 116 616 5
140 550 229 615 τὴν
260 553 356 618 γῆν
385 550 658 618 τράποντες
687 554 775 606 τὰς
806 552 1017 619 λόγχας,
1053 551 1131 603 καὶ
1165 555 1302 617 μῆλα
1342 554 1388 604 οἱ
1426 551 1647 620 ἄγχιστα
1688 553 1802 605 ἑπό-

138 655 279 702 μενοι
309 633 491 706 Ξέρξῃ.
566 641 700 687 τοῖσι
731 638 782 687 δὲ
812 638 1030 703 μυρίοισι
1062 635 1353 688 ἐπετέτακτο
1385 637 1533 690 ἵππος
1566 635 1806 703 Περσέων

138 720 302 786 μυρίη.
389 721 515 785 μετὰ
557 719 730 784 δὲτὴν
761 721 913 773 ἵππου
953 719 1264 772 διελέλειπτο
1308 721 1387 772 καὶ
1428 721 1513 772 δύο
1555 722 1801 780 σταδίους,

140 803 222 856 καὶ
262 803 434 856 ἔπειτα
473 805 499 855 ὁ
538 809 715 859 λοιπὸς
754 806 929 870 ὅμιλος
971 804 1044 870 ἤιε
1087 803 1283 870 ἀναμίξ.
1371 804 1595 857 ἐποιέετο
1627 808 1679 857 δὲ
1715 804 1806 869 τὴν
1842 817 1909 865 42

139 887 255 940 ὁδὸν
287 889 340 940 ἐκ
370 890 458 952 τῆς
488 890 671 954 Λυδίης
702 890 728 940 ὁ
761 889 974 956 στρατὸς
1017 889 1101 941 ἐπί
1138 910 1192 941 τε
1234 889 1455 955 ποταμὸν
1497 888 1684 941 Κάϊκον
1726 890 1805 941 καὶ

68 1001 120 1030 10
139 975 233 1040 γῆν
275 971 366 1037 τὴν
412 975 632 1037 Μυσίην,
678 974 778 1025 ἀπὸ
822 976 874 1025 δὲ
916 973 1101 1025 Καΐκου
1143 974 1443 1040 ὁρμώμενος,
1490 972 1656 1038 Κάνης
1691 976 1805 1041 ὅρος

137 1057 271 1126 ἔχων
310 1059 364 1109 ἐν
409 1057 659 1129 ἀριστερῇ,
707 1060 786 1110 διὰ
830 1062 916 1109 τοῦ
960 1056 1227 1124 Ἀταρνέος
1268 1060 1319 1112 ἐς
1366 1056 1599 1124 Καρήνην
1637 1058 1802 1110 πόλιν.

137 1140 236 1194 ἀπὸ
265 1143 319 1194 δὲ
348 1141 528 1206 ταύτης
558 1143 638 1193 διὰ
670 1140 853 1207 Θήβης
891 1143 1060 1194 πεδίου
1100 1143 1378 1207 ἐπορεύετο,
1423 1142 1805 1209 Ἀτραμύττειόν

136 1247 190 1278 τε
229 1226 380 1277 πόλιν
422 1227 500 1278 καὶ
530 1225 837 1293 ’Ἄντανδρον
878 1225 968 1290 τὴν
1010 1228 1310 1294 Πελασγίδα
1351 1227 1800 1293 παραμειβόμενος.

136 1308 225 1374 τὴν
246 1308 385 1375 Ἴδην
416 1313 469 1363 δὲ
498 1311 692 1375 λαβών,
727 1313 777 1363 ἐς
809 1309 1076 1378 ἀριστερὴν
1106 1315 1250 1379 χεῖρα
1281 1310 1354 1376 ἤιε
1397 1313 1447 1365 ἐς
1482 1310 1572 1375 τὴν
1613 1311 1804 1363 Ἰλιάδα
1842 1329 1868 1360 2

65 1415 113 1457 15
137 1396 247 1461 γῆν.
337 1396 415 1447 καὶ
459 1400 628 1461 πρῶτα
670 1394 761 1460 μέν
806 1397 852 1447 οἱ
896 1395 992 1447 ὑπὸ
1037 1395 1094 1466 τῇ
1135 1394 1246 1467 Ἴδῃ
1290 1396 1442 1447 νύκτα
1484 1396 1804 1460 ἀναμείναντι
1861 1438 1897 1449 ...
1979 1442 1990 1480 Ι
2051 1430 2132 1478 ..υ

135 1480 349 1546 βρονταί
391 1500 446 1531 τε
494 1479 572 1530 καὶ
620 1482 901 1548 πρηᾞῆρες
953 1480 1321 1532 ἐπεσπίπτουσι
1375 1481 1460 1532 καί
1499 1501 1610 1532 τινα
1653 1479 2132 1545 afirostnmmm

135 1563 285 1635 ταύτῃ
345 1562 535 1632 συχνὸν
593 1565 768 1629 ὅμιλον
826 1561 1128 1631 διέφθειραν.
1247 1563 1546 1629 ἀπικομένου
1606 1566 1659 1615 δὲ
1718 1568 1804 1615 τοῦ
1839 1572 1908 1620 43

137 1652 352 1715 στρατοῦ
389 1648 471 1700 ἐπὶ
510 1652 595 1699 τὸν
636 1647 974 1715 Σκάμανδρον,
1019 1647 1072 1702 ὃς
1113 1654 1305 1714 πρῶτος
1345 1654 1594 1713 ποταμῶν,
1638 1650 1806 1701 ἐπείτε
1878 1690 1881 1694 -

136 1733 190 1783 ἐκ
242 1734 464 1799 Σαρδίων
516 1731 810 1799 ὁρμηθέντες
859 1734 1195 1800 ἐπεχείρησαν
1239 1733 1297 1804 τῇ
1343 1734 1448 1802 ὁδῷ,
1497 1732 1703 1786 ἐπέλιπε
1746 1733 1803 1784 τὸ

63 1837 114 1865 20
135 1815 336 1883 ῥέεθρον
381 1815 483 1869 οὐδ’
528 1815 788 1884 ἀπέχρησε
832 1817 891 1888 τῇ
938 1818 1144 1889 στρατιῇ
1171 1839 1244 1883 ,τε
1290 1818 1369 1869 καὶ
1412 1822 1546 1869 τοῖσι
1599 1815 1804 1882 κτήνεσι

126 1900 416 1966 πινόμενος,
451 1901 532 1952 ἐπὶ
561 1906 736 1953 τοῦτον
768 1900 825 1967 δὴ
858 1900 943 1953 τὸν
975 1905 1199 1966 ποταμὸν
1239 1901 1303 1954 ὡς
1343 1902 1546 1954 ἀπίκετο
1589 1900 1798 1967 Ξέρξης,

137 1986 188 2038 ἐς
231 1983 288 2036 τὸ
333 1984 561 2052 Πριάμου
605 1984 877 2052 Πέργαμον
922 1984 1080 2050 ἀνέβη
1120 1986 1289 2052 ἵμερον
1330 1985 1462 2053 ἔχων
1502 1983 1802 2050 θεήσασθαι.
1888 2024 2132 2082 mm

137 2067 443 2134 θεησάμενος
473 2072 526 2122 δὲ
558 2069 638 2121 καὶ
667 2071 942 2135 πυθόμενος
983 2070 1419 2136 ἐκείνω-ν-ἑζκαστα
1461 2070 1519 2140 τῇ
1562 2038 2132 2160 ἈθηναίχῗὲιἫρῥ

135 2154 194 2224 τῇ
224 2152 402 2206 Ἰλιάδι
431 2154 580 2206 ἔθυσε
609 2158 734 2219 βοῦς
763 2156 949 2222 χιλίας,
982 2155 1107 2222 χοὰς
1138 2156 1189 2205 δὲ
1221 2156 1266 2206 οἱ
1295 2153 1447 2220 μάγοι
1477 2159 1611 2205 τοῖσι
1640 2153 1800 2219 ἥρωσι
1862 2128 1930 2166 “⁷

63 2258 111 2301 25
136 2236 362 2306 ἐχέαντο.
453 2243 605 2290 ταῦτα
655 2241 708 2290 δὲ
768 2237 1154 2303 ποιησαμένοισι
1205 2237 1376 2291 νυκτὸς
1427 2238 1592 2304 φόβος
1645 2239 1696 2291 ἐς
1747 2237 1801 2287 τὸ

137 2320 476 2388 στρατόπεδον
508 2321 734 2375 ἐνέπεσε.
824 2321 925 2388 ἅμα
965 2321 1119 2394 ἡμέρῃ
1161 2324 1215 2374 δὲ
1256 2323 1516 2389 ἐπορεύετο
1556 2323 1798 2380 ἐνθεῦτεν,

138 2407 208 2458 ἐν’
235 2407 468 2479 ἀριστερῇ
510 2409 602 2471 μὲν
647 2405 878 2473 ἀπέργων
922 2406 1161 2458 Ῥοίτειον
1200 2407 1349 2457 πόλιν
1387 2407 1465 2458 καὶ
1501 2405 1802 2471 Ὀφρύνειον

195 2557 212 2583 1
258 2544 420 2599 δούρασι
450 2544 567 2584 C¹P¹
733 2557 759 2594 3
804 2544 939 2586 ἐόντες
968 2557 1051 2584 om.
1085 2543 1249 2583 RSV:
1283 2556 1338 2582 an
1367 2541 1525 2584 ι’όντεςῖ
1690 2555 1715 2591 4
1746 2543 1802 2584 εἷς

140 2597 275 2638 PRV
466 2611 491 2649 5
520 2600 599 2648 τὴν
620 2611 702 2638 om.
724 2599 763 2638 A
778 2599 812 2637 Β
828 2600 862 2638 C
1055 2612 1077 2648 7
1108 2597 1366 2639 διελέλειπτο
1391 2596 1777 2647 Schweighaeuser
1789 2607 1805 2638 :⁴

137 2652 315 2695 διέλειπέ
341 2671 389 2695 τε
418 2653 536 2694 AB:
579 2653 832 2694 διέλειπτετε
863 2653 925 2692 Ct
967 2652 1143 2694 διέλειπε
1175 2653 1361 2692 PRSV
1528 2664 1572 2690 11
1618 2652 1803 2705 Καρήνην

138 2707 287 2758 Steph.
314 2708 420 2759 Byz.
443 2722 476 2748 s.
491 2723 556 2749 v.:
588 2709 763 2759 Καρίνην
786 2707 872 2747 PR
887 2708 995 2748 SV:
1026 2707 1185 2761 Κάρνην
1212 2706 1303 2746 ΑΒ
1319 2707 1353 2747 C
1525 2719 1574 2746 12
1603 2705 1802 2759 Ἀτραμύ-

118 2762 247 2804 ’τειόν
269 2764 307 2802 R
323 2763 354 2803 S
367 2764 422 2803 V⁰
446 2764 628 2818 (Ἀδραμ.
646 2762 722 2811 V1)
744 2777 753 2802 ε
783 2762 1094 2816 Ἀδραμύττειόν
1114 2762 1154 2801 Α
1169 2762 1250 2802 BC
1265 2762 1299 2801 P
1411 2763 1462 2801 16
1492 2762 1802 2803 ἐπεισπίπτουσι

139 2817 174 2856 L
196 2818 320 2866 (ἐπισ.
345 2817 400 2869 Β)
531 2818 609 2859 τιν’
635 2819 671 2857 R
690 2818 727 2856 V
911 2819 959 2856 18
988 2815 1083 2868 τὸν]
1106 2818 1289 2867 ποταμὸν
1309 2816 1349 2855 Α
1365 2816 1399 2855 Β
1416 2817 1449 2855 C
1464 2816 1497 2855 P
1675 2828 1724 2854 21
1757 2815 1802 2856 δὲ

139 2871 179 2910 R
194 2872 275 2911 SV
448 2885 499 2922 23
529 2873 672 2915 κείνων
698 2873 731 2911 Ρ
747 2872 787 2910 R
805 2873 835 2912 S
851 2872 888 2910 V
1064 2884 1116 2921 24
1146 2873 1241 2924 χιάς
1266 2872 1304 2910 R
1319 2872 1356 2910 V
1522 2881 1574 2920 25
1605 2873 1646 2911 ἐς
1665 2871 1739 2911 τὸν
1762 2870 1801 2909 R

137 2927 394 3021 ΞὸΒέἒέιτὲεσε
410 2927 449 2967 Α
463 2928 498 2967 Β
511 2929 545 2968 C
658 2927 702 2969 δὲ
725 2927 850 2979 ἡμέρη
875 2930 1058 2969 ἐνθεῦτεν
1075 2928 1289 2980 ἐπορεύετο
1307 2927 1344 2966 R
1361 2926 1391 2966 S
1405 2925 1442 2964 V
1554 2938 1604 2974 27
1639 2925 1804 2967 Ῥοίτιον

319 3019 323 3022 ⁴
1326 2994 1338 3020 x
