2132 3340
40 114 149 165 vn.
179 117 264 184 9¹7

206 596 266 629 10

0 634 323 697 ectaz-,W

919 115 965 162 H
982 115 1069 162 ΡΟ
1085 113 1350 162 ΔΟΤΟΎ

305 245 501 297 ἔλθοιεν
551 245 668 310 ἡμῖν
715 247 765 299 ἐς
805 243 989 313 μάχην,
1033 243 1239 309 μάθοιεν
1287 243 1347 295 ἂν
1395 245 1460 298 ὥς
1506 245 1642 309 εἶμεν
1694 242 1966 310 ἀνθρώπων

304 329 499 395 ἄριστοι
535 331 597 380 τὰ
627 327 858 394 πολέμια.
894 345 896 347 ’
949 330 1078 381 ἔστω
1119 327 1159 380 δ’
1197 325 1265 380 ὧν
1298 330 1453 394 μηδὲν
1491 329 1772 395 ἀπείρητον·
1818 326 1960 378 αὐτό-

304 435 460 479 ματον
490 416 585 480 γὰρ
615 411 774 473 οὐδέν,
801 413 918 465 ἀλλ’
951 413 1049 464 ἀπὸ
1082 414 1248 480 πείρης
1278 411 1440 463 πάντα
1463 412 1767 483 ἀνθρώποισι
1799 407 1967 479 φιλέει

305 499 548 564 γίνεσθαι.

388 582 669 648 Μαρδόνιος
704 585 795 649 μὲν
832 587 1051 635 τοσαῦτα
1088 581 1352 648 ἐπιλεήνας
1382 582 1479 650 ,τὴν
1523 577 1967 650 Ξέρξεώγνώμην
1990 607 2014 649 5

305 663 568 718 ἐπέπαυτο·
643 668 948 719 σιωπώντων
999 670 1052 719 δὲ
1108 672 1206 719 τῶν
1263 666 1435 718 ἄλλων
1487 662 1729 732 Περσέων
1780 666 1860 717 καὶ
1911 665 1968 718 οὐ

306 739 606 816 τολμώντων
649 752 851 819 γνώμην
896 753 1282 803 ἀποδείκνυσθαι
1333 751 1503 815 ἀντίην
1547 751 1605 821 τῇ
1652 747 1964 822 προκειμένῃ,

307 833 618 902 Ἀρτάβανος
655 837 681 886 ὁ
714 835 1046 894 Ὑστάσπεος,
1090 834 1287 903 πάτρως
1322 835 1417 887 ἐὼν
1459 831 1640 906 Ξέρξῃ,
1683 838 1749 904 τῷ
1790 833 1848 899 δὴ
1888 835 1967 886 καὶ

307 920 518 973 πίσυνος
548 919 643 972 ἐὼν
681 920 828 987 ἔλεγε
857 919 991 971 τάδε·
1047 917 1121 970 ςΩ
1158 923 1395 985 βασιλεῦ,
1428 918 1495 984 μὴ
1531 915 1843 986 λεχθεισέων
1873 921 1966 985 μὲν

307 1001 545 1070 γνωμέων
576 1002 783 1056 ἀντιέων
806 1003 1066 1076 ἀλλήλῃσι
1094 1005 1179 1056 οὐκ
1212 1004 1321 1056 ἔστι
1350 1003 1441 1068 τὴν
1464 1004 1648 1069 ἀμείνω
1677 1003 1968 1070 αἱρεόμενον

309 1086 533 1148 ἑλέσθαι,
567 1090 699 1141 ἀλλὰ
730 1093 806 1141 δεῖ
833 1090 891 1160 τῇ
917 1086 1146 1160 εἰρημένῃ
1170 1091 1406 1156 χρᾶσθαι,
1431 1084 1740 1155 λεχθεισέων
1764 1090 1815 1140 δὲ
1839 1087 1965 1147 ἔστι,

307 1171 475 1240 ὥσπερ
511 1172 599 1225 τὸν
632 1172 825 1242 χρυσὸν
860 1172 946 1224 τὸν
982 1171 1228 1239 ἀκήρατον
1271 1172 1417 1224 αὐτὸν
1453 1174 1544 1237 μὲν
1580 1171 1657 1224 ἐπ’
1694 1174 1875 1225 ἑωυτοῦ
1909 1171 1968 1224 οὐ

308 1258 715 1324 διαγινώσκομεν,
755 1259 904 1310 ἐπεὰν
944 1260 998 1309 δὲ
1038 1259 1426 1324 παρατρίψωμεν
1461 1255 1602 1326 ἄλλῳ
1637 1260 1824 1325 χρυσῷ,
1864 1260 1966 1308 δια-

308 1342 621 1408 γινώσκομεν
650 1342 737 1394 τὸν
759 1343 959 1407 ἀμείνω.
1026 1341 1127 1408 ἐγὼ
1150 1344 1204 1393 δὲ
1229 1341 1308 1393 καὶ
1339 1340 1485 1408 πατρὶ
1515 1345 1580 1410 τῷ
1613 1345 1703 1410 σῷ,
1737 1341 1966 1410 ἀδελφεῷ

306 1428 362 1496 ,δὲ
403 1425 520 1496 ἐμῷ,
572 1428 766 1497 Δαρείῳ
810 1426 1052 1493 ἠγόρευον
1101 1425 1167 1491 μὴ
1215 1426 1574 1492 στρατεύεσθαι
1624 1424 1706 1477 ἐπὶ
1756 1424 1963 1484 Σκύθας,

308 1509 489 1575 ἄνδρας
519 1511 753 1575 οὐδαμόθι
782 1514 873 1577 γῆς
913 1510 1041 1562 ἄστυ
1076 1507 1330 1576 νέμοντας·
1385 1510 1412 1560 ὁ
1441 1512 1494 1561 δὲ
1531 1509 1746 1572 ἐλπίζων
1777 1508 1966 1562 Σκύθας

300 1591 421 1648 ’τοὺς
444 1594 659 1660 νομάδας
685 1592 1125 1662 καταστρέψεσθαι
1149 1594 1263 1660 ἐμοί
1281 1616 1336 1646 τε
1354 1594 1440 1645 οὐκ
1464 1592 1704 1653 ἐπείθετο,
1731 1613 1964 1659 στρατευ·

309 1678 527 1744 σάμενός
566 1701 619 1731 τε
660 1679 879 1732 πολλοὺς
918 1680 996 1730 καὶ
1038 1679 1254 1745 ἀγαθοὺς
1290 1681 1376 1742 τῆς
1414 1681 1649 1745 στρατιῆς
1689 1677 1967 1741 ἀποβαλὼν

309 1763 516 1827 ἀπῆλθε.
607 1763 671 1815 σὺ
701 1761 770 1822 δέ,
796 1760 834 1813 ὦ
864 1768 1099 1828 βασιλεῦ,
1132 1760 1336 1827 μέλλεις
1368 1761 1446 1814 ἐπ’
1482 1761 1661 1828 ἄνδρας
1701 1762 1963 1827 στρατεύε-

308 1851 429 1899 σθαι
458 1847 651 1899 πολλὸν
687 1848 761 1899 ἔτι
792 1849 1052 1912 ἀμείνονας
1083 1843 1113 1911 ἢ
1145 1847 1350 1906 Σκύθας,
1384 1846 1431 1898 οἳ
1464 1847 1586 1898 κατὰ
1607 1844 1883 1912 νθάλασσάν
1912 1867 1967 1919 τε

308 1931 503 1998 ἄριστοι
534 1933 614 1984 καὶ
645 1934 766 2014 κατὰ
795 1935 891 1998 γῆν
919 1928 1155 1998 λέγονται
1187 1930 1327 1983 εἶναι.
1403 1930 1460 1982 τὸ
1492 1933 1544 1983 δὲ
1575 1929 1771 1982 αὐτοῖσι
1801 1930 1967 1981 ἔνεστι

308 2016 486 2075 δεινόν,
539 2013 625 2080 ἐμέ
673 2037 757 2068 σοι
802 2017 989 2067 δίκαιόν
1037 2015 1148 2067 ἐστι
1195 2014 1416 2082 φράζειν.
1510 2014 1677 2080 ζεύξας
1729 2013 1829 2081 φὴς
1879 2012 1966 2065 τὸν

304 2099 690 2164 Ἑλλήσποντον
742 2099 866 2152 ἐλᾶν
926 2104 1140 2165 στρατὸν
1199 2101 1279 2151 διὰ
1336 2102 1423 2164 τῆς
1484 2099 1723 2166 Εὐρώπης
1764 2097 1826 2150 -ἐς
1846 2096 1966 2161 *τὴν

303 2176 547 2235 Ἐλλάδα.
625 2186 703 2236 καὶ
735 2184 794 2248 δὴ
819 2184 899 2235 καὶ
930 2182 1188 2248 συνήνεικε
1219 2183 1329 2248 ἤτοι
1362 2185 1484 2235 κατὰ
1515 2178 1662 2250 γῆνῆ
1694 2178 1811 2248 [καὶ]
1842 2183 1965 2232 κατὰ

305 2266 576 2319 θάλασσαν
604 2271 908 2332 ἑσσωθῆναι,
938 2263 969 2331 ἢ
1005 2268 1084 2320 καὶ
1120 2266 1226 2319 κατ’
1267 2268 1539 2334 ἀμφότερα·
1592 2269 1639 2319 οἳ
1668 2268 1763 2333 γὰρ
1792 2265 1965 2331 ἄνδρες

304 2349 541 2419 λέγονται
577 2351 701 2404 εἶναι
738 2352 954 2418 ἄλκιμοι,
1000 2351 1212 2418 πάρεστι
1252 2354 1305 2404 δὲ
1347 2352 1425 2403 καὶ
1463 2351 1877 2415 σταθμώσασθαι,
1922 2351 1964 2405 εἰ

307 2434 546 2502 στρατιήν
576 2458 634 2503 γε
663 2436 911 2501 τοσαύτην
949 2436 1065 2514 σὺν,
1078 2435 1207 2487 Δάτι
1248 2436 1326 2487 καὶ
1356 2432 1688 2503 Ἀρταφρένεϊ
1717 2433 1965 2486 ἐλθοῦσαν

306 2518 359 2573 ἐς
399 2519 490 2584 τὴν
519 2519 750 2585 Ἀττικὴν
787 2521 958 2588 χώρην
986 2524 1156 2585 μοῦνοι
1194 2519 1451 2584 Ἀθηναῖοι
1487 2516 1789 2585 διέφθειραν.
1877 2516 1984 2580 οὐκ,

360 2671 385 2697 2
415 2658 616 2707 πολεμήϊα
637 2657 674 2695 R
694 2657 774 2696 SV
975 2659 1003 2695 6
1034 2655 1202 2696 ἐπαύετο
1225 2655 1262 2693 R
1280 2655 1361 2695 SV
1559 2669 1586 2706 9
1614 2655 1807 2710 πίσσυνος
1829 2654 1868 2692 R
1882 2653 1964 2693 SV

302 2712 378 2763 μὲν
398 2726 478 2752 om.
505 2713 538 2750 E
655 2726 703 2751 10
733 2713 978 2760 ἀλλήλοισιν
999 2711 1049 2749 C¹
1065 2711 1099 2749 E
1116 2711 1153 2748 R
1172 2711 1201 2748 S
1216 2710 1254 2748 V
1368 2723 1411 2748 11
1445 2711 1611 2761 ἔχεσθαι
1631 2709 1805 2758 Madvig
1913 2711 1962 2757 δὴ

305 2767 356 2806 B¹
377 2768 414 2805 R
525 2772 698 2820 χρῆσθαι
718 2765 758 2804 Α
771 2767 805 2803 Β
821 2766 854 2804 C
870 2765 904 2803 E
920 2765 953 2803 P
1093 2778 1141 2814 13
1167 2766 1286 2805 ἐπεὰν
1303 2795 1312 2804 .
1332 2796 1339 2803 .
1359 2796 1369 2804 .
1387 2766 1703 2816 διαγινώσκομεν
1721 2776 1801 2803 om.
1827 2763 1864 2800 R
1878 2763 1916 2801 V
1930 2763 1960 2802 S

303 2822 391 2871 (hic
421 2828 518 2871 post
549 2823 694 2872 ἀμείνω
728 2821 843 2859 addit
874 2820 996 2860 ἐπεὰν
1026 2819 1068 2860 δὲ
1100 2820 1375 2871 συγκρίνηται,
1404 2819 1501 2858 τότε
1528 2821 1662 2871 ῥᾷστα
1688 2818 1961 2869 γινώσκομεν)

307 2889 354 2924 17
384 2877 477 2917 τοὺς
496 2890 577 2915 om.
601 2877 635 2915 C
719 2873 1073 2926 καταστρέψασθαι
1090 2873 1127 2911 Α
1142 2873 1192 2912 C¹
1210 2888 1218 2912 :
1250 2871 1593 2925 κατεστρέψεσθαι
1611 2871 1650 2909 R
1663 2872 1701 2910 V
1814 2873 1863 2910 18
1891 2871 1959 2922 τε]

303 2930 346 2971 δὲ
370 2930 407 2968 R
422 2931 502 2970 SV
686 2944 739 2969 20
769 2930 829 2969 ἔτι
842 2941 932 2978 ουτ.
953 2927 992 2966 Λ
1008 2928 1090 2967 BC
1107 2928 1139 2966 P
1324 2939 1376 2978 24
1406 2929 1454 2977 δὴ
1476 2926 1558 2979 καὶ]
1581 2929 1629 2976 δὴ
1650 2925 1784 2966 Aldus
1895 2927 1959 2966 καὶ

303 2999 383 3024 om.
410 2985 442 3023 C
610 2987 661 3023 28
690 2984 906 3033 Ἀθηναίων
927 2984 960 3022 C
980 2998 988 3022 ε
1018 2997 1099 3022 om.
1123 2982 1202 3022 SV

1993 1028 2040 1059 10

1994 1447 2040 1490 15

1994 1868 2040 1896 2c

1991 2287 2039 2328 25
