2132 3340
724 145 1105 194 ΙΣΤΟΡΙΩΝ
1169 146 1188 193 Ι
1618 147 1626 153 ’
1826 145 1919 196 IX.
1941 159 2007 209 34

121 274 316 349 μένους,
358 273 474 343 φάς,
516 270 578 340 ἢν
621 274 686 341 μὴ
733 276 814 328 καὶ
849 281 915 345 τῷ
958 278 1187 346 ἀδελφεῷ
1228 278 1400 329 Βίαντι
1438 279 1690 342 μεταδῶσι
1733 275 1790 327 τὸ

122 361 451 428 τριτημόριον
471 363 558 425 τῆς
587 361 880 426 βασιληίης,
920 360 977 412 οὗ
1012 359 1244 425 ποιήσειν
1272 364 1332 412 τὰ
1363 362 1656 427 βούλονται.
1742 363 1789 414 οἱ

123 449 178 497 δὲ
209 444 427 512 Ἀργεῖοι
457 445 811 509 ἀπειληθέντες
847 447 898 499 ἐς
935 444 1134 498 στεινὸν
1167 444 1479 498 καταινέουσι
1510 445 1589 497 καὶ
1619 450 1786 498 ταῦτα.

122 529 188 584 ὣς
225 531 279 581 δὲ
316 529 395 581 καὶ
426 532 746 596 Σπαρτιῆται,
780 529 977 581 ἐδέοντο
1008 531 1103 597 γὰρ
1139 533 1310 584 δεινῶς
1346 534 1433 580 τοῦ
1460 534 1787 596 Τεισαμενοῦ,
1828 544 1892 594 35

74 639 97 680 5
121 613 317 667 πάντως
349 614 664 681 συνεχώρεόν
694 616 756 665 οἱ.
845 613 1287 682 συγχωρησάντων
1317 617 1371 666 δὲ
1403 614 1482 665 καὶ
1511 619 1663 667 ταῦτα
1691 618 1790 666 τῶν

123 696 487 766 Σπαρτιητέων,
514 699 639 749 οὕτω
672 697 729 762 δὴ
755 697 903 751 πέντε
937 704 1034 765 σφι
1063 699 1426 764 μαντευόμενος
1457 699 1653 765 ἀγῶνας
1669 699 1790 753 τοὺς

119 783 389 850 μεγίστους
438 781 750 848 Τεισαμενὸς
802 783 828 834 6
875 782 1097 842 Ἠλεῖος,
1147 784 1415 850 γενόμενος
1463 782 1786 851 Σπαρτιήτης,

123 865 483 936 συγκαταιρέει.
571 871 743 933 μοῦνοι
791 869 844 919 δὲ
892 866 950 931 δὴ
998 866 1199 920 πάντων
1240 868 1512 934 ἀνθρώπων
1560 866 2107 937 {ye'vovromx-AQF«

121 951 258 1003 οὗτοι
288 949 628 1024 Σπαρτιήτῃσι
657 954 907 1016 πολιῆται.
991 954 1037 1004 οἱ
1069 954 1122 1004 δὲ
1146 951 1295 1004 πέντε
1326 953 1514 1020 ἀγῶνες
1545 953 1647 1004 οἵδε
1678 951 1787 1019 ἐγέ-
1829 972 1855 1004 2
1975 940 2108 992 ³⁸⁰⁸*

53 1058 100 1088 ιο
122 1057 284 1095 νοντο,
319 1037 388 1089 εἵς
417 1038 508 1101 μὲν
547 1036 625 1087 καὶ
662 1041 852 1104 πρῶτος
889 1036 1031 1090 οὗτος
1068 1037 1094 1087 6
1131 1039 1185 1089 ἐν
1228 1041 1534 1109 Πλαταιῇσι,
1568 1037 1649 1089 ἐπὶ
1680 1038 1733 1088 δὲ
1763 1038 1790 1087 6

123 1123 177 1174 ἐν
206 1119 372 1192 Τεγέῃ
408 1120 530 1188 πρὸς
563 1119 818 1189 Τεγεήτας
853 1143 908 1173 τε
946 1121 1024 1173 καὶ
1061 1121 1317 1189 Ἀργείους
1353 1122 1633 1188 γενόμενος,
1666 1123 1791 1187 μετὰ

121 1208 176 1258 δὲ
207 1206 234 1255 6
265 1206 318 1258 ἐν
351 1210 621 1258 Διπαιεῦσι
650 1205 771 1274 πρὸς
801 1204 1045 1274 Ἀρκάδας
1081 1205 1278 1260 πάντας·
1307 1205 1441 1270 πλὴν
1473 1205 1788 1265 Μαντινέων,

123 1290 204 1343 ἐπὶ
248 1292 302 1342 δὲ
346 1290 372 1340 6
427 1292 737 1355 Μεσσηνίων
787 1291 814 1341 6
863 1290 986 1357 πρὸς
1037 1290 1236 1363 Ἰθώμῃ,
1289 1291 1504 1344 ὕστατος
1555 1293 1608 1342 δὲ
1659 1292 1685 1341 6
1737 1293 1791 1342 ἐν

121 1373 357 1447 Τανάγρῃ
388 1374 510 1442 πρὸς
533 1374 826 1440 Ἀθηναίους
849 1397 903 1427 τε
928 1375 1007 1427 καὶ
1031 1374 1288 1443 Ἀργείους
1319 1376 1601 1443 γενόμενος·
1648 1375 1790 1430 οὗτος

51 1482 96 1523 ¹5
122 1462 174 1512 δὲ
203 1460 418 1514 ὕστατος
450 1460 761 1528 κατεργάσθη
794 1465 893 1512 τῶν
922 1459 1073 1513 πέντε
1102 1449 1363 1542 ἀγώνωνγ,

204 1544 367 1598 Οὗτος
398 1544 456 1610 δὴ
487 1545 599 1597 τότε
630 1549 765 1617 τοῖσι
785 1543 1014 1611 Ἕλλησι
1045 1546 1071 1595 6
1100 1544 1409 1610 Τεισαμενὸς
1439 1546 1664 1612 ἀγόντων
1693 1549 1791 1597 τῶν
1828 1551 1897 1609 36

123 1629 473 1697 Σπαρτιητέων
509 1630 803 1695 ἐμαντεύετο
843 1632 897 1682 ἐν
932 1638 993 1703 τῇ
1035 1631 1322 1682 Πλαταιίδι.
1410 1635 1543 1682 τοῖσι
1580 1628 1672 1695 μέν
1703 1651 1790 1682 νυν

112 1712 346 1780 ’Έλλησι
376 1717 506 1767 καλὰ
536 1715 727 1782 ἐγίνετο
757 1716 819 1766 τὰ
858 1717 936 1782 ἱρὰ
973 1713 1342 1780 ἀμυνομένοισι,
1376 1717 1588 1780 διαβᾶσι
1621 1717 1674 1766 δὲ
1703 1714 1790 1767 τὸν

121 1797 358 1851 Ἀσωπὸν
395 1800 474 1851 καὶ
507 1798 673 1867 μάχης
706 1798 923 1867 ἄρχουσι
959 1799 1031 1851 οὔ·
1121 1799 1388 1868 Μαρδονίῳ
1425 1801 1478 1851 δὲ
1515 1802 1785 1866 προθυμεο-
1826 1813 1890 1863 37

49 1907 99 1936 20
120 1882 253 1953 μένῳ
283 1882 447 1952 μάχης
478 1883 652 1953 ἄρχειν
682 1883 768 1935 οὐκ
799 1882 1032 1948 ἐπιτήδεα
1064 1885 1256 1950 ἐγίνετο
1285 1886 1346 1935 τὰ
1380 1882 1474 1950 ἱρά,
1502 1882 1789 1952 ἀμυνομένῳ

122 1970 176 2020 δὲ
221 1969 299 2020 καὶ
342 1968 497 2039 τούτῳ
547 1967 691 2020 καλά.
785 1969 863 2020 καὶ
910 1970 1005 2036 γὰρ
1051 1968 1192 2022 οὗτος
1235 1967 1584 2033 Ἑλληνικοῖσι
1637 1970 1789 2034 ἱροῖσι

121 2054 321 2120 ἐχρᾶτο,
354 2052 531 2118 μάντιν
564 2053 696 2120 ἔχων
726 2052 1153 2119 Ἡγησίστρατον,
1188 2052 1342 2119 ἄνδρα
1378 2052 1587 2104 Ἠλεῖόν
1623 2074 1677 2103 τε
1709 2053 1789 2104 καὶ

122 2141 220 2188 τῶν
241 2136 562 2189 Τελλιαδέων
588 2138 733 2189 ἐόντα
756 2138 1119 2205 λογιμώτατον,
1147 2142 1232 2189 τὸν
1257 2137 1314 2201 δὴ
1339 2138 1579 2204 πρότερον
1602 2137 1790 2188 τούτων

121 2224 426 2289 Σπαρτιῆται
477 2223 727 2287 λαβόντες
770 2222 959 2286 ἔδησαν
1006 2222 1087 2274 ἐπὶ
1131 2221 1325 2291 θανάτῳ
1371 2222 1436 2274 ὡς
1487 2222 1790 2274 πεπονθότες

50 2325 98 2367 ²5
122 2305 292 2358 πολλά
320 2327 375 2359 τε
407 2307 485 2358 καὶ
521 2305 737 2374 ἀνάρσια
773 2306 856 2358 ὑπ’
888 2306 1051 2358 αὐτοῦ.
1129 2307 1155 2357 6
1186 2310 1238 2359 δὲ
1274 2308 1327 2358 ἐν
1363 2307 1517 2375 τούτῳ
1554 2309 1621 2375 τῷ
1659 2311 1788 2375 κακῷ
1827 2323 1851 2353 2

123 2390 377 2458 ἐχόμενος,
411 2391 544 2444 ὥστε
574 2389 767 2459 τρέχων
798 2391 910 2458 περὶ
941 2395 1028 2456 τῆς
1059 2394 1230 2460 ψυχῆς
1262 2391 1551 2462 πρΜε-Ῑοῦ
1576 2389 1789 2460 θανάτρρ
1810 2389 2132 2434 W

0 2475 421 2572 ’ἕτειζόμενος
440 2474 607 2528 πολλά
627 2497 682 2526 τε
701 2475 781 2527 καὶ
800 2474 976 2542 λυγρά,
1003 2476 1149 2543 ἔργον
1172 2475 1424 2542 ἐργάσατο
1446 2473 1595 2540 μέζον
1618 2475 1788 2541 λόγου.

124 2557 191 2612 ὦς
218 2560 315 2626 γὰρ
344 2558 401 2623 δὴ
435 2558 631 2611 ἐδέδετο
667 2561 721 2611 ἐν
757 2558 889 2629 ξύλῳ
927 2558 1244 2629 σιδηροδέτῳ,
1280 2557 1657 2625 ἐσενειχθέντος
1696 2580 1790 2612 κως

182 2707 201 2733 1
232 2695 297 2736 καὶ
317 2696 371 2745 μὴ
395 2695 434 2734 R
449 2694 531 2734 SV
659 2697 885 2745 μεταδώσει
907 2695 957 2735 C¹
974 2695 1030 2734 R¹
1048 2709 1056 2736 :
1090 2697 1252 2737 -δώσειν
1274 2694 1304 2734 S
1321 2694 1400 2749 [V]
1559 2710 1585 2746 4
1616 2697 1679 2737 καὶ
1703 2709 1786 2736 om.

126 2749 165 2789 R
180 2749 260 2789 SV
370 2761 394 2800 5
426 2749 560 2791 πάντα
581 2749 786 2789 Schaeser
902 2764 951 2790 10
978 2751 1221 2800 Πλαταίηισι
1238 2749 1328 2789 ΑΒ
1417 2751 1501 2791 ἐπεὶ
1518 2750 1553 2790 C
1661 2763 1703 2789 11
1736 2755 1789 2802 τῆ

121 2803 200 2856 γέη
222 2804 261 2843 R
372 2821 420 2845 τε
440 2817 521 2844 om.
545 2804 578 2843 P
597 2804 633 2841 R
650 2804 730 2844 SV
845 2817 891 2843 12
922 2809 942 2846 6
965 2809 1006 2846 ἐν
1027 2834 1037 2844 .
1062 2835 1071 2844 .
1098 2836 1107 2845 .
1131 2806 1195 2845 ἐπὶ
1216 2804 1259 2846 δὲ
1280 2807 1303 2847 ὅ
1322 2818 1403 2846 om.
1426 2806 1460 2844 C
1575 2818 1623 2855 13
1644 2806 1787 2860 Ἰθώμῃ

126 2858 362 2900 Paulmier:
391 2861 538 2913 Ἰσθμῷ
558 2858 598 2897 Α
611 2859 645 2898 Β
659 2859 693 2899 C
709 2859 763 2902 P:
795 2863 852 2900 τῶ
875 2859 1020 2911 ’Ῑσθμῶ
1042 2860 1082 2898 R
1097 2859 1126 2899 S
1140 2859 1178 2898 V
1401 2861 1450 2899 16
1479 2862 1588 2913 ἀγὼν
1611 2860 1650 2898 R
1663 2860 1702 2899 V
1715 2861 1787 2911 (S)

128 2914 177 2955 18
207 2915 290 2968 ἱερὰ
307 2914 348 2953 Α
462 2926 513 2965 19
542 2913 797 2969 προθυομένῳ
817 2914 850 2954 C
867 2914 900 2953 P
918 2928 927 2952 ε
956 2913 1184 2968 προθυμένω
1208 2914 1245 2952 R
1262 2913 1345 2954 SV
1455 2927 1509 2953 22
1540 2914 1706 2968 ἐχρέετο
1730 2915 1785 2956 P:

124 2968 294 3021 ἐχρέατο
315 2969 353 3007 Α
369 2968 404 3007 Β
420 2968 453 3007 C
592 2981 645 3019 23
674 2968 911 3011 Τελλαδέων
934 2969 968 3007 Β
1082 2981 1133 3018 24
1162 2968 1275 3021 (τὴν)
1296 2971 1358 3010 ἐπὶ
1380 2968 1554 3008 Werser
1656 2982 1708 3020 25
1739 2987 1786 3011 τε

122 3035 202 3063 om.
229 3023 269 3062 R
435 3024 488 3063 28
503 3023 655 3065 ἐδέετο
678 3024 716 3063 R
733 3023 768 3061 V
879 3023 1165 3076 ἐσενεχθέντος
1190 3024 1228 3062 R
1243 3024 1272 3063 S
1287 3025 1323 3063 V
1679 3037 1692 3078 J
1787 3076 1790 3077 ⁷

178 3089 279 3119 um.
303 3090 348 3118 11.
1570 3080 1622 3120 23
1753 3077 1757 3086 '
