2132 3340
728 50 1102 99 ιΣΤοΡιΩΝ
1168 51 1214 98 H
1847 51 1961 99 v11.
1986 65 2079 114 149

142 179 363 245 σπουδὴν
393 182 444 232 δὲ
477 180 613 248 ἔχειν
643 182 864 235 σπονδὰς
886 179 1125 248 γενέσθαι
1155 179 1593 247 τριηκοντοέτιδας,
1630 182 1806 249 καίπερ

138 264 195 316 τὸ
225 263 530 333 χρηστήριον
561 264 941 332 φοβεομένοισι,
976 267 1057 318 ἵνα
1095 264 1153 330 δή
1193 272 1291 333 σφι
1325 268 1372 318 οἱ
1412 270 1585 320 παῖδες
1614 267 1800 333 ἀνδρω-

138 347 294 402 θέωσι
328 351 382 401 ἐν
420 349 643 402 τούτοισι
682 355 816 402 τοῖσι
859 350 1014 402 ἔτεσι·
1066 349 1132 416 μὴ
1182 353 1236 403 δὲ
1280 349 1541 403 σπονδέων
1585 349 1803 403 ἐουσέων

137 433 477 501 ἐπιλέγεσθαι,
524 430 585 499 ἢν
629 433 723 502 ἄρα
768 434 932 502 σφέας
978 434 1242 507 καταλάβῃ
1288 439 1409 502 πρὸς
1454 440 1520 505 τῷ
1572 437 1802 503 γεγονότι

88 538 111 580 5
137 523 268 588 κακῷ
298 517 429 571 ἄλλο
463 523 689 584 πταῖσμα
725 519 847 586 πρὸς
881 519 970 572 τὸν
1009 519 1235 587 Πέρσην,
1269 519 1335 584 μὴ
1373 519 1430 571 τὸ
1465 524 1647 573 λοιπὸν
1678 520 1802 572 ἔωσι

135 605 538 670 Λακεδαιμονίων
581 602 806 668 ὑπήκοοι.
894 609 994 656 τῶν
1039 607 1091 657 δὲ
1137 603 1370 671 ἀγγέλων
1415 604 1527 658 τοὺς
1572 604 1670 656 ἀπὸ
1713 609 1800 670 τῆς
1839 626 1864 658 2

135 686 362 756 Σπάρτης
385 687 507 755 πρὸς
529 691 589 740 τὰ
611 687 824 755 ῥηθέντα
847 691 900 740 ἐκ
930 692 1016 753 τῆς
1038 692 1230 754 βουλῆς
1254 689 1570 756 ἀμείψασθαι
1591 691 1797 749 τοισίδε,

134 773 244 839 περὶ
272 775 363 838 μὲν
389 772 648 831 σπονδέων
673 774 894 826 ἀνοίσειν
919 775 969 827 ἐς
993 773 1104 828 τοὺς
1128 778 1361 832 πλεῦνας,
1394 774 1506 840 περὶ
1537 776 1590 826 δὲ
1620 774 1799 841 ἡγεμο-
1820 770 2132 825 bOEae-ww*

132 858 239 922 νίης
269 857 464 909 αὐτοῖσι
495 857 785 910 ἐντετάλθαι
822 859 1198 925 ὑποκρίνασθαι,
1235 859 1313 910 καὶ
1351 857 1407 922 δὴ
1444 857 1615 926 λέγειν
1646 861 1801 926 σφίσι

59 960 110 988 10
131 944 223 1007 μὲν
254 941 379 995 εἶναι
409 941 495 994 δύο
525 941 790 1007 βασιλέας,
825 942 1104 1010 Ἀργείοισι
1138 945 1193 994 δὲ
1229 943 1334 995 ἕνα·
1380 942 1467 994 οὐκ
1497 941 1566 995 ὧν
1589 943 1800 997 δυνατὸν

131 1025 259 1078 εἶναι
288 1031 387 1079 τῶν
419 1029 472 1078 ἐκ
504 1025 732 1093 Σπάρτης
763 1026 1019 1094 οὐδέτερον
1042 1032 1232 1080 παῦσαι
1256 1030 1342 1092 τῆς
1365 1027 1648 1095 ἡγεμονίης,
1674 1030 1799 1094 μετὰ

130 1113 185 1163 δὲ
213 1110 300 1163 δύο
331 1117 429 1164 τῶν
459 1109 722 1180 σφετέρων
752 1113 1025 1180 ὁμόψηφον
1055 1110 1141 1164 τὸν
1171 1111 1402 1179 Ἀργεῖον
1431 1113 1558 1165 εἶναι
1590 1114 1799 1167 κωλύειν

131 1194 290 1248 οὐδέν.
379 1197 505 1248 οὕτω
557 1196 615 1262 δὴ
668 1198 715 1248 οἱ
759 1196 985 1263 Ἀργεῖοί
1032 1203 1164 1264 φασι
1208 1197 1295 1249 οὐκ
1339 1196 1656 1266 ἀνασχέσθαι
1701 1203 1798 1251 τῶν
1834 1221 1860 1266 3

131 1280 480 1348 Σπαρτιητέων
510 1280 600 1346 τὴν
630 1280 942 1346 πλεονεξίην,
969 1281 1085 1332 ἀλλ’
1117 1280 1325 1334 ἑλέσθαι
1352 1285 1550 1347 μᾶλλον
1579 1282 1675 1335 ὑπὸ
1699 1288 1798 1335 τῶν

56 1385 105 1429 15
129 1364 409 1437 βαρβάρων
438 1365 684 1435 ἄρχεσθαι
708 1366 739 1432 ἥ
762 1388 809 1418 τι
837 1365 1036 1431 ὑπεῖξαι
1059 1367 1514 1431 Λακεδαιμονίοισι,
1541 1373 1797 1432 προειπεῖν

128 1471 184 1503 τε
212 1455 345 1502 τοῖσι
375 1449 642 1518 ἀγγέλοισι
666 1451 761 1518 πρὸ
785 1451 958 1505 δύντος
989 1450 1133 1516 ἡλίου
1164 1449 1595 1504 ἀπαλλάσσεσθαι
1624 1454 1679 1503 ἐκ
1709 1456 1797 1517 τῆς

129 1534 371 1603 Ἀργείων
421 1536 604 1604 χώρης,
659 1538 702 1588 εἰ
754 1538 806 1587 δὲ
864 1534 947 1601 μή,
1003 1534 1339 1603 περιέψεσθαι
1390 1535 1455 1589 ὣς
1507 1539 1791 1602 πολεμίους.

128 1619 267 1671 αὐτοὶ
301 1624 393 1686 μὲν
429 1620 647 1687 Ἀργεῖοι
684 1625 903 1671 τοσαῦτα
938 1620 1126 1671 τούτων
1163 1619 1275 1686 πέρι
1314 1619 1541 1686 λέγουσι·
1595 1621 1709 1673 ἔστι
1742 1625 1796 1674 δὲ
1831 1635 1922 1685 150

127 1703 284 1758 ἄλλος
312 1704 468 1772 λόγος
495 1705 770 1776 λεγόμενος
794 1706 887 1757 ἀνὰ
910 1703 999 1768 τὴν
1023 1703 1264 1762 Ἑλλάδα,
1291 1704 1355 1757 ὡς
1382 1703 1574 1772 Ξέρξης
1598 1706 1795 1773 ἔπεμψε
1827 1684 2112 1755 «mk

55 1810 106 1838 20
129 1787 311 1855 κήρυκα
359 1792 410 1844 ἐς
445 1788 633 1857 ’Ἄργος
678 1790 917 1856 πρότερον
960 1788 992 1854 ἦ
1037 1811 1128 1855 περ
1174 1790 1388 1856 ὁρμῆσαι
1433 1790 1795 1856 στρατεύεσθαι
1864 1838 1869 1844 ,

128 1874 210 1926 ἐπὶ
267 1873 357 1939 τὴν
407 1874 647 1926 Ἑλλάδα.
739 1874 951 1926 ἐλθόντα
1011 1875 1063 1924 δὲ
1123 1879 1297 1926 τοῦτον
1355 1873 1556 1940 λέγεται
1616 1877 1790 1927 εἰπεῖν·
1830 1897 1857 1930 2

119 1956 329 2026 Ἀνδρες
359 1958 593 2026 Ἀργεῖοι,
619 1959 867 2024 βασιλεὺς
901 1957 1093 2025 Ξέρξης
1125 1958 1238 2010 τάδε
1270 1960 1384 2024 ὑμῖν
1414 1957 1570 2026 λέγει·
1615 1959 1794 2025 Ἡμεῖς

127 2044 390 2109 νομίζομεν
442 2043 651 2111 Πέρσην
699 2044 826 2095 εῖναι
872 2042 956 2095 ἀπ’
1006 2042 1062 2103 οὗ
1110 2042 1249 2108 ἡμεῖς
1295 2043 1589 2110 γεγόναμεν,
1641 2047 1794 2096 παῖδα

128 2127 353 2195 Περσέος
397 2133 484 2180 τοῦ
530 2127 746 2193 Δανάης,
788 2128 1032 2195 γεγονότα
1077 2129 1130 2178 ἐκ
1173 2130 1259 2191 τῆς
1307 2126 1508 2195 Κηφέος
1554 2129 1793 2195 θυγατρὸς

51 2231 100 2273 25
126 2210 470 2280 Ἀνδρομέδης.
559 2213 685 2265 οὕτω
716 2211 777 2264 ἂν
807 2210 876 2264 ὧν
908 2214 1076 2277 εἴημεν
1105 2210 1330 2278 ὑμέτεροι
1361 2213 1617 2279 ἀπόγονοι.
1680 2214 1791 2266 οὔτε

125 2294 194 2348 ὧν
229 2297 383 2363 ἡμέας
418 2296 551 2351 οἰκὸς
588 2297 669 2349 ἐπὶ
705 2297 819 2350 τοὺς
854 2295 1121 2363 ἡμετέρους
1157 2297 1431 2363 προγόνους
1468 2298 1787 2363 ἐκστρατεύε-

126 2385 259 2441 σθαι,
293 2382 407 2435 οὔτε
437 2381 587 2447 ὑμέας
618 2381 825 2433 ἄλλοισι
855 2379 1188 2447 τιμωρέοντας
1217 2381 1334 2446 ἡμῖν
1369 2380 1623 2446 ἀντιξόους
1653 2384 1784 2450 γίνε-

156 2563 162 2567 ,
182 2533 198 2558 Ι
232 2519 584 2574 τριηκονταέτιδας
608 2521 642 2559 Β
657 2521 687 2560 S
702 2522 741 2559 V
907 2534 931 2558 2
962 2518 1234 2572 φοβεομένους
1263 2520 1408 2559 Naber
1518 2520 1788 2574 ἆνδρεωθέωσι

123 2573 310 2615 ABCP
501 2576 734 2625 5ἄλλωΗ
864 2575 1168 2625 μὴτὸνΑΒΟ
1355 2573 1786 2626 6τοὺς]τῶνΑΒ(ἶ

124 2642 146 2680 7
177 2633 251 2679 τῆς
270 2643 351 2672 om.
377 2630 416 2669 R
431 2631 512 2670 SV
608 2632 738 2678 βολῆς
761 2631 799 2668 R
885 2633 1038 2670 τοῖσιδε
1061 2630 1094 2668 C
1113 2644 1122 2669 ε
1151 2633 1289 2670 τοῖσδε
1314 2630 1403 2669 rell.
1533 2644 1560 2680 9
1590 2631 1707 2682 σφίσι
1730 2632 1786 2672 S:

122 2692 195 2737 σφι
215 2686 306 2727 rell.
478 2699 493 2724 1
507 2699 522 2724 1
555 2687 628 2727 τὸν
648 2685 682 2724 C
699 2685 737 2723 R
753 2685 783 2723 S
798 2685 833 2723 V
1003 2697 1051 2733 13
1083 2687 1118 2725 οἱ
1144 2697 1226 2724 om.
1249 2684 1289 2723 A
1304 2684 1339 2723 Β
1356 2685 1390 2724 C
1503 2685 1723 2737 ἀναχέσθαι
1747 2686 1786 2724 R

125 2751 174 2789 14
213 2745 298 2783 τῶν
329 2754 410 2780 om.
449 2739 603 2780 ABC
775 2751 822 2790 15
865 2756 904 2780 τι
939 2739 1254 2780 0111.PRSV
1425 2742 1474 2778 16
1514 2739 1557 2781 δὲ
1594 2740 1787 2779 PRSV

120 2793 308 2838 δύνοντος
349 2796 389 2835 R
414 2795 444 2835 S
465 2796 502 2834 V
699 2796 748 2833 18
795 2794 883 2848 περὶ
924 2794 1078 2835 τούτων
1117 2793 1156 2832 Α
1181 2794 1215 2832 Β
1239 2793 1272 2832 C
1471 2807 1521 2844 23
1572 2795 1640 2848 ἀφ’
1685 2794 1724 2832 R
1748 2795 1787 2833 V

120 2850 174 2887 26
207 2850 411 2946 :haias-SR
431 2849 470 2888 V
593 2849 881 2904 στρατεύεσθαι
917 2849 955 2888 Α
977 2849 1012 2887 Β
1037 2849 1070 2887 C
1096 2849 1129 2887 P
1308 2861 1358 2898 27
1404 2850 1582 2903 ἆντίξους
1615 2849 1654 2888 Α
1677 2849 1727 2888 ΒῙ
1750 2850 1784 2890 C

118 2916 246 2953 Ὗενεσ
271 2923 309 2946 αι
