2132 3340
715 64 1089 114 ΙΣΤΟΡΙΩΝ
1166 65 1214 114 Η
1838 66 1953 116 VII.
1980 76 2068 130 137

127 192 272 267 μῆνις
296 195 404 254 ,καὶ
454 200 608 248 ταῦτα
658 194 980 261 ποιησάντων
1028 195 1381 263 Σπαρτιητέων
1435 197 1690 249 ἐπαύσατο
1742 201 1798 248 τὸ

129 283 417 350 παραυτίκα,
457 281 630 348 καίπερ
670 280 1131 346 ἀπονοστησάντων
1173 283 1224 335 ἐς
1263 280 1495 349 Σπάρτην
1536 282 1795 349 Σπερχίεώ

126 388 182 420 τε
213 366 292 419 καὶ
315 365 540 419 Βούλιος.
615 366 779 435 χρόνῳ
811 368 865 418 δὲ
893 364 1159 431 μετέπειτα
1187 371 1362 436 πολλῷ
1394 365 1641 433 ἐπηγέρθη
1674 368 1797 418 κατὰ

127 451 216 503 τὸν
261 451 692 514 Πελοποννησίων
741 451 821 501 καὶ
865 450 1144 514 Ἀθηναίων
1187 451 1427 515 πόλεμον,
1477 450 1540 503 ὡς
1585 450 1795 517 λέγουσι

79 559 103 600 5
129 535 526 600 Λακεδαιμόνιοι.
613 534 759 585 τοῦτό
813 555 897 600 μοι
957 536 1010 586 ἐν
1061 539 1196 586 τοῖσι
1255 532 1510 587 θειότατόν
1564 537 1796 602 φαίνεται

126 618 378 688 γενέσθαι.
467 619 543 670 ὅτι
576 621 667 684 μὲν
704 620 798 686 γὰρ
837 617 1128 686 κατέσκηψε
1165 621 1215 672 ἐς
1251 618 1496 685 ἀγγέλους
1529 619 1558 684 ἡ
1595 622 1792 670 Ταλθυ-
1834 639 1859 671 2

125 705 244 770 βίου
277 706 421 770 μῆνις
457 703 569 754 οὐδὲ
606 703 857 755 ἐπαύσατο
893 704 1007 769 πρὶν
1045 699 1074 767 ἢ
1113 701 1308 769 ‘'ff->³0⁶³
1347 702 1404 754 τὸ
1440 704 1631 755 δίκαιον
1668 702 2132 769 offrwuodluuvw

126 787 293 856 ἔφερε·
338 787 395 840 τὸ
427 790 477 839 δὲ
516 791 792 853 συμπεσεῖν
824 789 874 841 ἐς
903 787 1018 841 τοὺς
1048 791 1226 840 παῖδας
1256 792 1353 838 τῶν
1385 788 1576 854 ἀνδρῶν
1607 787 1797 840 τούτων

125 877 223 924 τῶν
254 871 554 938 ἀναβάντων
585 871 706 939 πρὸς
736 870 961 937 βασιλέα
991 873 1070 922 διὰ
1101 871 1190 936 τὴν
1219 875 1380 937 μῆνιν,
1407 873 1458 925 ἐς
1484 873 1710 924 Νικόλαν
1740 894 1795 924 τε

53 980 102 1008 ιο
125 956 212 1009 τὸν
266 956 475 1011 Βούλιος
528 956 605 1008 καὶ
665 958 715 1009 ἐς
765 954 1064 1022 Ἀνήριστον
1116 955 1203 1008 τὸν
1256 957 1527 1024 Σπερχίεω,
1582 955 1636 1011 ὃς
1689 958 1795 1009 εἷλε

124 1040 325 1094 Ἀλιέας
348 1040 461 1094 τοὺς
486 1043 540 1091 ἐκ
561 1041 801 1107 Τίρυνθος
827 1039 1002 1092 ὁλκάδι
1026 1040 1357 1094 καταπλώσας
1380 1039 1559 1107 πλήρεϊ
1582 1042 1790 1108 ἀνδρῶν,

125 1127 281 1190 δῆλον
312 1122 380 1176 ὧν
408 1146 493 1190 μοι
529 1125 605 1177 ὅτι
643 1128 776 1177 θεῖον
808 1123 1007 1191 ἐγένετο
1038 1124 1094 1176 τὸ
1123 1127 1326 1192 πρῆγμα
1355 1120 1429 1190 [ἐκ
1460 1128 1547 1189 τῆς
1581 1122 1790 1192 μήνιος]·

125 1209 171 1261 οἳ
219 1205 349 1276 [γὰρ]
396 1208 707 1276 πεμφθέντες
754 1208 851 1260 ὑπὸ
897 1210 1299 1274 Λακεδαιμονίων
1343 1208 1553 1276 ἄγγελοι
1604 1212 1655 1263 ἐς
1702 1209 1792 1274 τὴν
1831 1225 1857 1269 3

125 1292 322 1358 Ἀσίην,
360 1291 686 1360 προδοθέντες
722 1295 775 1345 δὲ
810 1292 905 1345 ὑπὸ
942 1292 1197 1345 Σιτάλκεω
1233 1298 1319 1344 τοῦ
1348 1293 1523 1359 Τήρεω
1557 1296 1792 1360 Θρηίκων

50 1400 97 1443 15
123 1376 368 1443 βασιλέος
411 1377 487 1429 καὶ
525 1378 872 1445 Νυμφοδώρου
909 1382 996 1430 τοῦ
1032 1376 1210 1429 Πυθέω
1251 1377 1427 1444 ἀνδρὸς
1463 1377 1789 1444 Ἀβδηρίτεω,

122 1462 329 1527 ἥλωσαν
354 1464 477 1514 κατὰ
502 1461 755 1526 Βισάνθην
777 1461 869 1526 τὴν
894 1464 946 1513 ἐν
965 1461 1349 1532 Ἑλλησπόντῳ,
1376 1461 1456 1513 καὶ
1479 1462 1791 1531 ἀπαχθέντες

123 1547 174 1601 ἐς
196 1546 286 1611 τὴν
309 1545 540 1611 Ἀττικὴν
570 1545 820 1599 ἀπέθανον
841 1545 938 1599 ὑπὸ
962 1546 1256 1612 Ἀθηναίων,
1287 1548 1412 1612 μετὰ
1443 1549 1495 1599 δὲ
1526 1547 1685 1599 αὐτῶν
1711 1549 1791 1600 καὶ
1855 1594 1864 1600 .

123 1630 180 1682 Ἀ
218 1629 386 1684 ιστέας
418 1632 444 1682 ὁ
475 1617 1092 1698 ἈδειμάντουοΚορίνθιος
1124 1630 1264 1698 ἀνήρ.

24 1653 372 1867 &a
420 1715 512 1782 μέν
564 1737 651 1768 νυν
701 1720 944 1768 πολλοῖσι
995 1716 1132 1768 ἔτεσι
1188 1717 1399 1783 ὕστερον
1453 1714 1654 1783 ἐγένετο
1705 1722 1791 1768 τοῦ

49 1824 98 1853 20
118 1799 367 1866 βασιλέος
390 1800 593 1860 στόλου,
620 1799 844 1866 ἐπάνειμι
875 1803 927 1852 δὲ
959 1801 1040 1853 ἐπὶ
1062 1799 1148 1852 τὸν
1173 1801 1412 1867 πρότερον
1440 1802 1614 1868 λόγον.
1680 1800 1710 1865 ἡ
1736 1804 1788 1853 δὲ
1825 1801 1915 1862 138

122 1874 465 1952 στρατηλασίη
502 1885 532 1950 ἡ
573 1884 821 1950 βασιλέος
860 1885 1046 1950 οὕνομα
1080 1887 1172 1950 μὲν
1209 1885 1313 1953 εἶχε
1355 1885 1419 1939 ὡς
1460 1884 1538 1938 ἐπ’
1574 1883 1788 1948 Ἀθήνας

121 1969 335 2028 ἐλαύνει,
372 1970 562 2021 κατίετο
599 1972 652 2021 δὲ
690 1971 739 2022 ἐς
776 1972 944 2021 πᾶσαν
974 1969 1065 2033 τὴν
1095 1968 1338 2022 Ἑλλάδα.
1426 1970 1787 2035 πυνθανόμενοι

112 2055 174 2105 ’δὲ
217 2058 370 2105 ταῦτα
412 2053 507 2121 πρὸ
554 2058 748 2105 πολλοῦ
795 2056 841 2105 οἱ
877 2052 1130 2118 ’Έλληνες
1176 2053 1262 2105 οὐκ
1310 2056 1364 2106 ἐν
1409 2056 1560 2123 ὁμοίῳ
1605 2053 1787 2108 πάντες

121 2139 390 2190 ἐποιεῦντο.
480 2141 526 2190 οἱ
572 2141 663 2204 μὲν
711 2140 806 2205 γὰρ
853 2138 1013 2189 αὐτῶν
1061 2138 1229 2191 δόντες
1274 2142 1370 2206 γῆν
1419 2139 1498 2190 καὶ
1544 2139 1672 2204 ὕδωρ
1716 2143 1784 2207 τῷ
1822 2156 1848 2187 2
1951 2162 1968 2181 ι

46 2245 94 2286 25
122 2220 298 2294 Πέρσῃ
339 2221 478 2291 εἶχον
514 2221 698 2289 θάρσος
738 2222 803 2275 ὡς
839 2222 981 2274 οὐδὲν
1017 2222 1309 2288 πεισόμενοι
1346 2222 1498 2290 ἄχαρι
1537 2222 1661 2290 πρὸς
1700 2226 1786 2273 τοῦ

119 2305 398 2374 βαρβάρου·
445 2309 490 2358 οἱ
527 2309 579 2358 δὲ
610 2307 665 2357 οὐ
702 2307 870 2359 δόντες
909 2308 961 2358 ἐν
992 2307 1184 2372 δείματι
1215 2305 1420 2376 μεγάλῳ
1451 2306 1782 2365 κατέστασαν,

120 2389 208 2442 ἅτε
247 2390 359 2442 οὔτε
398 2395 523 2442 νεῶν
560 2389 777 2442 ἐουσέων
815 2391 869 2442 ἐν
905 2398 966 2463 τῇ
999 2389 1212 2443 Ἑλλάδι
1252 2390 1459 2457 ἀριθμὸν
1493 2390 1785 2458 ἀξιομάχων

121 2472 351 2526 δέκεσθαι
386 2478 474 2526 τὸν
512 2474 731 2532 ἐπιόντα,
770 2475 881 2538 οὔτε
921 2473 1246 2539 βουλομένων
1286 2480 1384 2526 τῶν
1423 2480 1629 2527 πολλῶν
1670 2476 1784 2527 ἀντ-

178 2626 195 2652 1
229 2614 512 2666 Σπαρτιητέων
531 2614 851 2664 Λακεδαιμονίων
874 2614 912 2652 R
929 2614 1011 2653 SV
1138 2614 1187 2653 τὸ
1220 2614 1250 2653 S
1270 2629 1278 2654 :
1308 2618 1381 2655 τοῦ
1404 2614 1494 2654 rell.
1684 2629 1709 2653 2
1741 2619 1785 2656 ἐν

119 2667 284 2722 Σπάρτη
321 2668 360 2706 R
376 2669 406 2708 S
421 2669 457 2706 V
677 2681 702 2718 5
744 2672 831 2710 τοῖς
868 2669 905 2708 R
923 2668 952 2707 S
966 2669 1005 2707 V
1224 2671 1250 2708 8
1293 2668 1461 2722 ἐφέρετο
1492 2669 1536 2710 δὲ
1566 2669 1606 2708 Α
1620 2671 1653 2708 Β
1669 2670 1702 2709 C
1718 2669 1784 2707 P¹¹¹

99 2722 107 2725 ⁷
125 2734 167 2761 11
200 2739 247 2763 τε
269 2723 362 2765 τοὺς
382 2722 422 2761 Α
436 2722 471 2761 Β
488 2722 521 2762 C
645 2723 781 2777 πλήρη
807 2723 845 2760 R
859 2724 898 2762 V
1076 2737 1125 2762 12
1154 2725 1203 2764 τὸ
1223 2726 1323 2775 (om.
1353 2724 1411 2773 Β)
1431 2727 1597 2778 πρῆγμα
1618 2724 1783 2777 ἐγένετο

122 2776 162 2815 R
177 2775 206 2815 S
229 2777 370 2831 (ἐγίν.)
394 2777 432 2816 V
545 2780 590 2819 ἐκ
611 2781 686 2827 τῆς
707 2779 846 2829 μήνιος
867 2778 950 2819 del.
975 2779 1188 2829 Gomperz
1337 2791 1385 2829 13
1415 2780 1452 2819 οἴ
1469 2779 1549 2831 γὰρ
1570 2779 1608 2817 Α
1624 2779 1658 2816 Β
1675 2779 1707 2816 C
1723 2779 1756 2817 P
1775 2793 1784 2817 ε

120 2831 158 2871 οἳ
181 2830 315 2871 RSV
495 2845 542 2883 15
573 2832 709 2873 Πυθέω
733 2832 929 2872 Bekker:
958 2832 1093 2873 Πύθεω
1118 2833 1151 2872 L
1333 2835 1381 2871 18
1411 2833 1625 2884 δειμάντου
1646 2833 1685 2871 R
1701 2833 1784 2872 SV

125 2897 175 2934 19
202 2889 276 2927 τοῦ
294 2890 367 2927 τοῦ
389 2885 428 2924 R
443 2886 475 2926 S
488 2886 525 2926 V
539 2888 593 2937 (2)
706 2899 758 2936 24
787 2886 871 2940 (τε)
891 2888 954 2929 καὶ
978 2887 1034 2928 Η.
1053 2887 1299 2939 Stephanus
1411 2900 1463 2937 25
1494 2887 1725 2939 ποισόμενοι
1744 2887 1783 2925 R

120 2941 174 2978 26
203 2939 466 2990 κατέστησαν
490 2941 529 2981 R
543 2941 574 2981 S
588 2941 626 2980 V

177 3021 276 3050 ιωτ.
303 3021 348 3052 11.
1572 3012 1620 3054 14
