2138 3340
25 114 114 163 VI.
144 116 205 164 61

182 263 204 312 5

874 109 1308 158 ΗΡΟΔΟΤΟὙ·

245 245 443 313 ὁρῶσαι·
485 246 537 296 δὲ
582 242 671 307 τὴν
717 247 924 309 γυναῖκα
968 242 1079 309 περὶ
1124 247 1318 294 πολλοῦ
1363 241 1657 308 ποιευμένην
1699 241 1909 301 ἰδέσθαι,

246 330 372 381 οὕτω
404 329 462 393 δὴ
495 328 583 392 τὴν
621 327 812 395 τροφὸν
836 324 985 390 ’δέξαι
1026 327 1082 378 τὸ
1119 328 1331 379 παιδίον·
1378 327 1469 391 τὴν
1505 330 1556 379 δὲ
1601 331 1911 392 καταψῶσαν

245 418 332 464 τοῦ
379 414 576 465 παιδίου
618 411 708 475 τὴν
751 411 978 479 κεφαλὴν
1026 412 1161 463 εἶπαι
1204 411 1268 464 ὡς
1309 411 1669 464 καλλιστεύσει
1706 409 1910 463 πασέων

205 530 210 535 -
245 502 342 550 τῶν
373 499 427 549 ἐν
460 495 660 568 Σπάρτῃ
691 501 952 563 γυναικῶν.
1042 496 1140 548 ἀπὸ
1169 499 1261 561 μὲν
1291 496 1349 561 δὴ
1386 496 1567 561 ταύτης
1606 498 1693 560 τῆς
1727 494 1911 561 ἡμέρης

141 753 210 799 62

245 585 548 647 μεταπεσεῖν
595 580 651 632 τὸ
699 581 844 635 εἶδος·
905 580 1083 648 γαμέει
1131 579 1185 633 δέ
1224 577 1323 648 [δή]
1362 601 1447 647 μιν
1488 581 1539 634 ἐς
1578 578 1738 647 γάμου
1778 579 1910 646 ὥρην

247 664 551 731 ἀπικομένην
570 663 792 732 ’Ἄγητος
824 667 850 715 6
873 664 1160 724 Ἀλκείδεω,
1193 665 1336 718 οὗτος
1366 664 1423 729 δὴ
1449 666 1475 715 ὁ
1498 669 1584 716 τοῦ
1605 663 1912 730 Ἀρίστωνος

249 752 415 818 φίλος.
502 753 590 802 τὸν
619 751 674 802 δὲ
704 747 987 815 Ἀρίστωνα
1022 749 1178 813 ἔκνιζε
1217 748 1311 815 ἄρα
1346 752 1432 813 τῆς
1467 748 1698 816 γυναικὸς
1733 748 1912 813 ταύτης

248 835 385 901 ἔρως·
431 836 712 902 μηχανᾶται
749 832 805 897 δὴ
841 831 1021 884 τοιάδε·
1068 832 1214 886 αὐτός
1252 855 1307 886 τε
1344 838 1411 903 τῷ
1451 833 1642 903 ἑταίρῳ,
1675 836 1762 884 τοῦ
1792 830 1852 896 ἣν
1878 831 1910 897 ἡ

247 918 369 985 γυνὴ
403 919 539 982 αὕτη,
573 916 866 969 ὑποδέκεται
895 919 1107 981 δωτίνην
1137 917 1319 969 δώσειν
1354 922 1452 969 τῶν
1494 920 1676 969 ἑωυτοῦ
1711 915 1912 968 πάντων

249 1003 318 1061 ἕν,
339 1001 396 1053 τὸ
420 1001 481 1053 ἂν
506 1000 651 1054 αὐτὸς
675 1003 861 1053 ἐκεῖνος
883 1000 1074 1066 ἕληται,
1100 1001 1178 1052 καὶ
1201 1006 1288 1053 τὸν
1313 1005 1507 1067 ἑταῖρον
1528 1004 1690 1071 ἑωυτῷ
1713 991 1913 1053 ἐκέλευε

251 1086 486 1139 ὡσαύτως
525 1084 615 1149 τὴν
658 1086 832 1149 ὁμοίην
873 1085 1075 1137 διδόναι.
1165 1086 1190 1135 6
1220 1087 1272 1137 δὲ
1312 1086 1456 1137 οὐδὲν
1496 1086 1743 1153 φοβηθεὶς
1782 1085 1913 1151 ἀμφὶ

248 1171 308 1242 τῇ
338 1169 545 1236 γυναικί,
579 1168 733 1235 ὁρέων
770 1170 955 1221 ἐοῦσαν
992 1171 1072 1222 καὶ
1101 1168 1369 1237 Ἀρίστωνι
1409 1174 1633 1236 γυναῖκα,
1669 1167 1912 1221 καταινέει

249 1259 415 1305 ταῦτα·
462 1253 542 1306 ἐπὶ
578 1252 802 1304 τούτοισι
841 1256 895 1306 δὲ
931 1254 1105 1320 ὅρκους
1144 1252 1424 1318 ἐπήλασαν.
1512 1255 1636 1319 μετὰ
1675 1256 1729 1305 δὲ
1768 1253 1914 1306 αὐτός

1934 598 1957 639 5

1938 1022 1988 1051 10

249 1360 302 1390 τε
334 1339 360 1388 ὁ
390 1337 637 1404 Ἀρίστων
667 1337 820 1390 ἔδωκε
853 1342 1015 1397 τοῦτο,
1049 1339 1077 1388 ὅ
1105 1359 1152 1389 τι
1188 1337 1246 1402 δὴ
1278 1337 1354 1403 ἣν,
1387 1338 1444 1389 τὸ
1480 1339 1642 1390 εἵλετο
1677 1342 1777 1390 τῶν
1814 1358 1910 1389 κει·
1977 1370 1984 1378 -

251 1423 445 1488 μηλίων
484 1426 582 1473 τῶν
622 1421 928 1489 Ἀρίστωνος
968 1423 994 1472 6
1028 1421 1262 1489 Ἄγητος,
1306 1423 1386 1474 καὶ
1428 1421 1572 1475 αὐτὸς
1611 1420 1702 1486 τὴν
1741 1422 1914 1487 ὁμοίην

254 1506 436 1571 ζητέων
466 1505 713 1573 φέρεσθαι
742 1504 856 1572 παρ’
886 1507 1092 1565 ἐκείνου,
1128 1508 1339 1558 ἐνθαῦτα
1373 1506 1432 1571 δὴ
1468 1511 1555 1558 τοῦ
1592 1506 1783 1572 ἑταίρου
1823 1504 1915 1569 τὴν

251 1595 459 1658 γυναῖκα
490 1592 719 1657 ἐπειρᾶτο
750 1589 1048 1657 ἀπάγεσθαι.
1139 1592 1165 1641 ὁ
1196 1594 1248 1644 δὲ
1273 1590 1407 1655 πλὴν
1435 1590 1612 1662 τούτου
1639 1589 1823 1656 μούνου
1852 1590 1914 1640 τὰ

223 1675 386 1726 ’ἄλλα
425 1675 524 1742 ἔφη
569 1674 875 1727 καταινέσαι·
929 1675 1326 1742 ἀναγκαζόμενος
1369 1674 1542 1740 μέντοι
1579 1679 1647 1745 τῷ
1689 1695 1743 1726 τε
1783 1674 1911 1743 ὅρκῳ

0 1712 224 1818 ‘²⁶³3

255 1760 332 1810 καὶ
362 1763 450 1823 τῆς
478 1757 670 1823 ἀπάτης
700 1767 760 1832 τῇ
791 1760 1064 1831 παραγωγῇ
1102 1761 1236 1811 ἀπίει
1272 1758 1574 1827 ἀπάγεσθαι.
1660 1759 1786 1810 οὕτω
1822 1760 1915 1822 μὲν

252 1844 310 1907 δὴ
342 1843 432 1908 τὴν
462 1844 630 1910 τρίτην
660 1842 940 1910 ἐσηγάγετο
970 1848 1180 1908 γυναῖκα
1210 1844 1236 1894 ὁ
1266 1843 1528 1910 Ἀρίστων,
1561 1842 1652 1907 τὴν
1683 1839 1916 1909 δευτέρην

253 1926 695 1994 ἀποπεμψάμενος.
785 1929 837 1979 ἐν
874 1926 928 1979 δέ
958 1929 1004 1979 οἱ
1034 1928 1198 1997 χρόνῳ
1231 1926 1477 1980 ἐλάσσονι
1509 1927 1587 1979 καὶ
1622 1926 1679 1978 οὗ
1714 1926 1912 1993 πληρώ-

254 2033 394 2062 σασα
431 2010 545 2064 τοὺς
584 2010 702 2063 δέκα
740 2013 897 2076 μῆνας
930 2012 960 2076 ἡ
998 2011 1120 2079 γυνὴ
1162 2013 1281 2076 αὕτη
1323 2013 1476 2063 τίκτει
1515 2016 1691 2063 τοῦτον
1731 2010 1789 2075 δὴ
1829 2008 1915 2061 τὸν

257 2093 572 2162 Δημάρητον.
663 2096 747 2146 καί
771 2097 846 2148 τίς
882 2098 930 2147 οἱ
970 2101 1068 2147 τῶν
1111 2095 1342 2148 οἰκετέων
1385 2098 1439 2148 ἐν
1479 2096 1619 2165 θώκῳ
1661 2093 1914 2163 κατημένῳ

252 2181 378 2244 μετὰ
423 2183 521 2230 τῶν
568 2179 766 2246 ἐφόρων
814 2178 1113 2246 ἐξαγγέλλει
1159 2180 1225 2233 ὥς
1265 2183 1311 2232 οἱ
1358 2184 1473 2233 παῖς
1511 2178 1707 2247 γέγονε.
1795 2179 1822 2229 ὁ
1862 2180 1916 2230 δὲ

255 2261 586 2327 ἐπιστάμενός
614 2284 669 2315 τε
697 2263 784 2314 τὸν
813 2264 998 2331 χρόνον
1021 2269 1088 2333 τῷ
1118 2263 1334 2330 ἠγάγετο
1364 2263 1455 2327 τὴν
1485 2268 1694 2331 γυναῖκα
1724 2261 1803 2314 καὶ
1833 2261 1915 2314 ἐπὶ

254 2346 511 2398 δακτύλων
547 2348 968 2412 συμβαλλόμενος
997 2348 1111 2402 τοὺς
1145 2350 1303 2412 μῆνας
1341 2347 1449 2400 εἶπε
1484 2347 1762 2412 ἀπομόσας·
1808 2345 1915 2398 Οὐκ

255 2429 316 2481 ἂν
349 2430 465 2495 ε’μὸς
496 2432 586 2495 εἴη.
676 2435 819 2482 τοῦτο
848 2430 1068 2495 ἤκουσαν
1098 2433 1190 2496 μὲν
1213 2434 1259 2484 οἱ
1291 2432 1482 2499 ἔφοροι,
1516 2433 1718 2499 πρῆγμα
1747 2429 1915 2497 μέντοι

313 2581 331 2606 1
365 2571 495 2621 ὁρῶσα
514 2567 601 2607 ΑΒ
619 2568 651 2606 C
763 2580 788 2606 2
819 2571 941 2619 δεῖξαι
965 2568 998 2606 L
1123 2580 1148 2617 3
1179 2568 1288 2609 εἶπεν
1311 2568 1420 2606 CV:
1452 2570 1576 2609 εἰπεῖν
1597 2567 1628 2606 S
1741 2579 1766 2617 5
1793 2585 1914 2617 μετα·

254 2623 416 2663 πεσέειν
439 2623 472 2661 L
622 2623 671 2672 δή
698 2635 780 2662 om.
809 2622 993 2661 PRSV
1171 2625 1198 2661 6
1226 2622 1443 2664 Ἀκλείδεω
1465 2622 1526 2662 C:
1556 2622 1752 2664 Ἀλκίδεω
1779 2621 1915 2661 RSV

256 2676 298 2717 δὲ
330 2677 420 2715 RV
585 2677 986 2730 sz'poesPRSV
1116 2676 1412 2728 &fflfikRSV
1535 2675 1913 2729 ἦγυνὴῆνΑΒΟ

254 2744 281 2780 9
311 2730 527 2772 ὑποδέκετο
551 2732 590 2769 R
611 2747 618 2771 :
648 2731 864 2773 ὑπεδέκετο
886 2732 918 2770 Ρ
934 2732 964 2771 S
979 2731 1017 2769 V
1139 2746 1189 2770 10
1218 2734 1366 2772 ἑωυτοῦ
1387 2731 1421 2771 C
1557 2742 1605 2769 12
1632 2732 1700 2773 καὶ
1720 2734 1799 2783 Ἀρ.
1821 2747 1914 2783 γυν.

257 2789 402 2826 ἐοῦσαν
423 2786 460 2824 Α
476 2787 510 2824 Β
527 2786 560 2824 C
747 2799 794 2835 13
826 2787 1007 2835 ἐπήλασε
1029 2785 1068 2824 R
1085 2786 1167 2826 SV
1359 2797 1407 2836 15
1438 2785 1652 2838 ὁἌγηη-ος
1673 2798 1752 2825 om.
1779 2786 1819 2823 R
1834 2785 1916 2824 SV

259 2842 308 2878 16
351 2839 479 2890 ζητῶν
512 2840 647 2880 RSV
765 2882 775 2893 ·
852 2853 899 2890 17
938 2841 1060 2892 μόνου
1092 2840 1278 2881 CRSV
1500 2842 1548 2879 18
1588 2857 1636 2881 τε
1665 2852 1746 2880 om.
1780 2838 1916 2879 RSV

210 2916 217 2921 ·
261 2906 311 2943 19
340 2895 480 2943 ἀπίησι
496 2894 535 2932 Α
549 2895 583 2932 Β
599 2895 632 2933 C
744 2908 800 2934 20
826 2896 874 2944 δὴ
895 2908 975 2935 om.
996 2895 1035 2934 R
1051 2895 1134 2934 SV
1243 2908 1296 2934 22
1317 2896 1366 2945 δὴ
1381 2907 1463 2934 om.
1485 2894 1571 2933 PR
1586 2894 1665 2932 SV
1775 2906 1826 2943 23
1856 2893 1912 2945 οἱ]

256 2949 281 2998 ἡ
305 2949 343 2986 R
501 2960 553 2998 25
583 2949 661 3002 τῷ]
684 2949 822 3002 ἐξότου
840 2950 879 2988 Α
894 2950 928 2987 Β
945 2950 979 2988 C
1141 2951 1195 2989 26
1225 2949 1531 3003 συμβαλόμενος
1552 2948 1590 2986 Α
1605 2948 1640 2988 Β

1940 1441 1987 1482 15

1941 1861 1991 1890 20

1941 2279 1989 2320 ²5
