2132 3340
0 60 223 121 V1I.175

881 59 1308 108 ΗΡΟΔΟΤΟΎ

261 187 348 240 τὸν
384 189 606 253 πόλεμον
648 187 725 239 καὶ
768 189 820 240 ἐν
858 189 1010 240 οἵοισι
1049 189 1274 256 χώροισι.
1363 189 1392 254 ἡ
1431 194 1620 242 νικῶσα
1659 193 1712 242 δὲ
1753 192 1922 258 γνώμη

261 273 453 339 ἐγίνετο
483 271 574 336 τὴν
605 273 658 324 ἐν
691 273 1058 344 Θερμοπύλῃσι
1095 272 1323 338 ἐσβολὴν
1353 272 1590 340 φυλάξαι·
1637 274 1923 342 στεινοτέρη

259 358 353 423 γὰρ
385 357 620 423 ἐφαίνετο
653 357 806 408 ἐοῦσα
835 349 921 421 τῆς
953 358 1003 410 ἐς
1035 358 1335 422 Θεσσαλίην
1368 357 1448 409 καὶ
1475 359 1562 422 μία
1591 358 1839 426 ἇχχρῑέρῃ
1870 381 1923 412 τε

259 444 346 505 τῇς
387 443 598 499 ἑωυτῶν.
686 439 776 504 τὴν
816 444 869 493 δὲ
910 442 1145 508 ἀτραπόν,
1188 441 1249 493 δι’
1285 439 1346 505 ἢν
1383 442 1590 506 ἥλωσαν
1630 435 1684 495 οἳ
1717 443 1924 498 ἁλόντες

256 523 523 589 Ἑλλήνων
554 526 608 576 ἐν
640 525 1021 597 Θερμοπύλῃσι,
1056 525 1166 578 οὐδὲ
1197 525 1380 597 ᾔδεσαν
1413 527 1594 578 ἐοῦσαν
1623 527 1864 594 πρότερον
1893 527 1924 593 ἥ

257 630 350 676 περ
373 610 662 674 ἀπικόμενοι
686 611 736 662 ἐς
757 610 1091 676 Θερμοπύλας
1117 610 1357 662 ἐπύθοντο
1376 612 1673 679 Τρηχινίων.
1742 611 1924 677 ταύτην

258 690 327 745 ὧν
358 693 731 759 ἐβουλεύσαντο
764 693 1116 761 φυλάσσοντες
1145 694 1235 759 τὴν
1266 694 1495 760 ἐσβολὴν
1524 694 1591 760 μὴ
1615 694 1843 762 παριέναι
1874 698 1925 750 ἐς

258 775 347 842 τὴν
369 777 595 830 Ἑλλάδα
626 777 711 829 τὸν
743 777 1026 845 βάρβαρον,
1051 778 1140 831 τὸν
1169 781 1222 831 δὲ
1253 778 1481 831 ναυτικὸν
1513 779 1728 846 στρατὸν
1751 779 1925 833 πλέειν

257 865 348 929 γῆς
378 865 465 926 τῆς
487 861 838 916 Ἱστιαιώτιδος
869 864 949 915 ἐπὶ
973 863 1308 930 Ἀρτεμίσιον.
1381 867 1534 915 ταῦτα
1563 865 1658 931 γὰρ
1682 865 1842 932 ἀγχοῦ
1870 886 1925 918 τε

257 945 498 1011 ἀλλήλων
531 947 640 998 ἐστὶ
677 947 808 999 ὥστε
842 946 1178 999 πυνθάνεσθαι
1209 949 1270 999 τὰ
1305 949 1428 999 κατὰ
1466 947 1723 1014 ἑκατέρους
1760 949 1921 1010 ἐόντα,

258 1031 309 1082 οἵ
343 1052 399 1083 τε
441 1036 598 1100 χῶροι
636 1032 789 1085 οὕτως
830 1030 1021 1101 ἔχουσι·
1067 1031 1354 1098 τοῦτρ-μέν,
1395 1031 1452 1084 τὸ
1491 1032 1826 1099 Ἀρτεμίσιον,
1869 1035 1925 1086 ἐκ

257 1120 343 1167 τοῦ
372 1114 619 1182 πελάγεος
650 1120 736 1167 τοῦ
769 1117 1009 1183 Θρηικίου
1046 1115 1104 1181 ἐξ
1135 1115 1300 1183 εὐρέος
1336 1115 1605 1184 συνάγεται
1641 1119 1692 1172 ἐς
1723 1117 1924 1171 στεινὸν

259 1199 405 1252 ἐόντα
440 1199 526 1252 τὸν
556 1200 710 1268 πόρον
739 1199 825 1252 τὸν
858 1199 1041 1266 μεταξὺ
1077 1199 1232 1266 νήσου
1268 1223 1322 1253 τε
1358 1200 1569 1254 Σκιάθου
1605 1201 1684 1254 καὶ
1718 1202 1924 1270 ἠπείρου

258 1285 577 1358 Μαγνησίης·
624 1286 677 1336 ἐκ
712 1287 766 1336 δὲ
806 1290 890 1336 τοῦ
926 1290 1124 1337 στεινοῦ
1157 1289 1244 1350 τῆς
1283 1279 1503 1351 Εὐβοίης
1537 1285 1627 1351 ἤδη
1663 1290 1718 1338 τὸ
1749 1285 1918 1354 Ἀρτε-

255 1370 427 1433 μίσιον
467 1368 661 1421 δέκεται
701 1370 944 1436 αἰγιαλός,
982 1371 1037 1421 ἐν
1073 1372 1126 1422 δὲ
1161 1368 1446 1440 ᾎρτέμιδος
1488 1371 1608 1437 ἱρόν.
1696 1370 1726 1435 ἡ
1767 1373 1821 1423 δὲ
1861 1368 1921 1422 αὖ

256 1454 336 1504 διὰ
376 1456 624 1521 Τρηχῖνος
671 1453 845 1507 ἔσοδος
888 1455 938 1506 ἐς
977 1452 1067 1517 τὴν
1106 1452 1334 1506 Ἑλλάδα
1377 1455 1485 1506 ἐστὶ
1526 1455 1584 1525 τῇ
1627 1453 1918 1520 στεινοτάτη

254 1536 575 1604 ἡμίπλεθρον.
664 1537 720 1590 οὐ
749 1536 918 1603 μέντοι
952 1539 1075 1589 κατὰ
1105 1538 1252 1589 τοῦτό
1280 1559 1339 1604 γε
1374 1538 1486 1590 ἐστὶ
1515 1537 1571 1590 τὸ
1602 1539 1920 1591 στεινότατον

254 1625 339 1686 τῆς
374 1622 540 1691 χώρης
574 1625 661 1686 τῆς
698 1621 873 1687 ἄλλης,
914 1621 1030 1674 ἀλλ’
1061 1620 1312 1689 ἔμπροσθέ
1347 1644 1402 1674 τε
1432 1621 1803 1689 Θερμοπυλέων
1840 1623 1920 1675 καὶ

253 1707 450 1766 ὄπισθε,
485 1706 606 1758 κατά
641 1728 694 1759 τε
725 1706 1020 1771 Ἀλπηνούς,
1054 1708 1234 1759 ὄπισθε
1270 1707 1458 1766 ἐόντας,
1498 1709 1651 1758 ἐοῦσα
1685 1706 1920 1773 ἁμαξιτὸς

251 1791 423 1855 μούνη,
452 1790 530 1842 καὶ
562 1791 815 1857 ἔμπροσθε
847 1793 969 1842 κατὰ
994 1792 1205 1843 Φοίνικα
1234 1790 1456 1857 ποταμὸν
1487 1792 1648 1859 ἀγχοῦ
1670 1790 1920 1856 Ἀνθήλης

253 1876 443 1934 πόλιος,
470 1874 600 1940 ἄλλη
633 1874 868 1940 ἁμαξιτὸς
897 1875 1069 1940 μούνη.
1145 1880 1242 1928 τῶν
1266 1878 1319 1928 δὲ
1345 1874 1717 1942 Θερμοπυλέων
1739 1875 1796 1928 τὸ
1825 1877 1919 1942 μὲν

251 1958 373 2026 πρὸς
405 1958 621 2026 ἑσπέρης
643 1961 757 2026 ὅρος
778 1958 970 2025 ἄβατόν
1001 1980 1054 2011 τε
1085 1960 1164 2012 καὶ
1195 1959 1527 2027 ἀπόκρημνον,
1555 1960 1770 2027 ὑψηλόν,
1797 1960 1915 2012 ἀνα-

252 2049 415 2095 τεῖνον
441 2045 496 2102 ἑς
525 2043 616 2108 τὴν
646 2045 820 2108 Οἴτην·
865 2042 922 2095 τὸ
958 2046 1011 2096 δὲ
1041 2043 1163 2110 πρὸς
1192 2043 1281 2108 τὴν
1313 2044 1384 2108 ἠῶ
1414 2047 1500 2108 τῆς
1532 2045 1644 2096 ὁδοῦ
1679 2043 1919 2098 θάλασσα

251 2100 543 2194 ὑπδῶξχεέῗαι
575 2127 653 2179 καὶ
682 2126 908 2197 τενάγεα.
988 2128 1101 2180 ἔστι
1131 2131 1183 2180 δὲ
1215 2130 1268 2180 ἐν
1297 2136 1358 2201 τῇ
1389 2129 1548 2198 ἐσόδῳ
1579 2128 1729 2201 ταύτῃ
1761 2130 1918 2195 θερμὰ

200 2251 214 2265 .
251 2211 451 2279 λουτρά,
477 2214 538 2263 τὰ
562 2212 781 2279 Χύτρους
806 2211 1043 2265 καλέουσι
1066 2215 1112 2265 οἱ
1135 2213 1408 2280 ἐπιχώριοι,
1432 2213 1510 2264 καὶ
1533 2210 1707 2278 βωμὸς
1730 2214 1916 2279 ἵδρυται

250 2295 531 2363 εΗρακλέος
576 2296 652 2348 ἐπ’
693 2297 902 2349 αὐτοῖσι.
993 2296 1229 2362 ἐδέδμητο
1273 2299 1327 2349 δὲ
1371 2301 1537 2364 τεῖχος
1578 2299 1699 2348 κατὰ
1737 2297 1916 2350 ταύτας

252 2382 340 2434 τὰς
383 2379 623 2446 ἐσβολάς,
663 2380 742 2432 καὶ
777 2381 836 2432 τό
874 2402 933 2448 γε
973 2385 1189 2433 παλαιὸν
1229 2381 1381 2433 πύλαι
1421 2382 1630 2445 ἐπῆσαν.
1719 2380 1916 2446 ἔδειμαν

309 2531 326 2556 1
361 2520 454 2559 οἵοις
475 2519 680 2571 χωρίοισιν
702 2518 742 2557 R
757 2518 838 2558 SV
969 2517 1012 2559 δὲ
1032 2532 1115 2558 om.
1140 2519 1174 2556 C
1358 2532 1382 2556 2
1415 2517 1579 2570 ἐγένετο
1602 2518 1633 2558 S
1815 2531 1841 2569 3
1872 2522 1916 2562 ἐν

253 2574 464 2626 Θεσσαλίῃ
491 2573 524 2612 Ρ
540 2570 579 2611 R
595 2573 624 2612 S
639 2571 676 2611 V
773 2573 863 2626 μία]
888 2573 969 2623 ἅμα
989 2572 1027 2611 Α
1042 2573 1076 2611 Β
1091 2574 1124 2612 C
1141 2573 1174 2612 P
1192 2587 1200 2611 :
1231 2573 1312 2624 ἅμα
1329 2574 1402 2623 μία
1423 2573 1600 2612 Dietsch
1710 2585 1736 2623 5
1764 2576 1915 2623 ἥδεσαν

254 2626 344 2667 RV
364 2641 533 2679 quoque
681 2640 702 2676 7
736 2631 775 2669 ἐς
796 2641 877 2667 om.
904 2628 938 2666 C
1086 2642 1114 2678 9
1140 2630 1218 2679 γῆς
1239 2641 1319 2667 om.
1346 2627 1385 2665 R
1401 2628 1482 2667 SV
1532 2657 1534 2659 >
1623 2640 1673 2666 10
1702 2628 1914 2682 ἑκατέρους

254 2680 289 2720 Ρ
302 2683 342 2721 R
364 2695 531 2733 quoque
703 2695 749 2732 13
779 2682 903 2733 πόρον
922 2684 995 2724 τὸν
1012 2683 1164 2734 μεταξὺ
1186 2682 1306 2723 ἐόντα
1327 2682 1361 2721 Ρ
1374 2682 1405 2721 S
1425 2696 1434 2721 ε
1464 2682 1586 2736 πόρον
1605 2683 1678 2723 τὸν
1695 2682 1845 2735 μεταξύ
1865 2701 1913 2724 τε

254 2735 374 2778 ἐόντα
396 2736 486 2776 RV
673 2749 720 2787 15
752 2737 957 2778 ἐκδέκεται
979 2736 1117 2776 Aldus
1312 2739 1361 2775 16
1391 2739 1447 2778 εἷς
1468 2736 1508 2774 R
1635 2737 1707 2791 τῇ]
1728 2737 1754 2786 ἥ
1772 2737 1862 2776 ΑΒ
1878 2738 1913 2776 C

257 2792 308 2830 18
346 2792 496 2840 ἄλληςἹ
530 2793 710 2841 Μηλίδος
740 2792 861 2831 Stein
880 2805 890 2830 t
929 2791 1126 2845 παραλίης
1156 2791 1427 2831 Herwerden
1596 2803 1646 2842 19
1683 2791 1847 2833 ὄπισθεν
1874 2790 1914 2830 V

253 2845 418 2886 ὄπισθεν
435 2846 474 2884 R
486 2846 526 2885 V
616 2849 737 2887 ἐοῦσα
754 2859 836 2884 om.
855 2844 894 2883 A
908 2845 943 2885 B
959 2846 993 2885 C
1088 2847 1287 2899 ἇμαξητδς
1304 2845 1344 2885 R
1363 2846 1424 2896 (it.
1447 2845 1517 2896 21)
1628 2858 1682 2884 20
1711 2846 1911 2895 Ἀνθηλῆς

252 2899 342 2938 ΑΒ
358 2900 390 2938 C
406 2900 439 2938 P
587 2914 636 2939 21
670 2902 777 2948 ἄλλη
798 2913 879 2939 om.
905 2900 987 2939 CP
1097 2902 1146 2941 τὸ
1164 2899 1240 2950 μὲν
1260 2913 1340 2940 om.
1366 2900 1406 2939 R
1422 2899 1503 2939 SV
1653 2913 1706 2938 22
1736 2900 1839 2941 ἑσπέ
1861 2917 1911 2949 ην

254 2952 295 2993 R
311 2954 341 2993 S
355 2954 392 2992 V
485 2954 640 3007 ὑψηλόν
660 2954 742 2994 del.
762 2954 1027 2994 Valckenaer
1137 2968 1189 3003 23
1220 2954 1270 2994 ἕω
1293 2954 1332 2992 R
1348 2955 1378 2993 S
1392 2954 1427 2991 V
1537 2967 1587 3004 27
1618 2953 1668 2995 τό
1685 2970 1736 3004 ’γε
1755 2955 1804 2996 τὸ
1871 2954 1910 2994 Β

1949 553 1972 593 5

1951 971 2000 1001 10

1951 1393 1997 1436 Ι5

1946 1813 1995 1842 20

1943 2233 1992 2275 ²5
