2112 3372
76 98 254 145 V128

184 665 254 713 29

0 1179 263 1255 Vesano-u

0 1235 210 1284 »w‘ss

185 1505 252 1552 30

913 93 1345 142 ΗΡΟΔΟΤΟΎ

294 227 350 277 ἐκ
393 230 481 278 τοῦ
520 224 788 293 Ἀταρνέος
835 225 899 279 ὡς
945 223 1153 291 ἀμήσων
1196 229 1282 277 τὸν
1327 229 1470 278 σῖτον
1509 227 1596 279 τόν
1636 248 1691 279 τε
1735 228 1961 281 ἐνθεῦτεν

296 312 373 362 καὶ
403 314 490 361 τὸν
522 312 574 361 ἐκ
609 308 793 361 Καΐκου
825 310 994 362 πεδίου
1025 308 1110 369 τὸν
1140 314 1239 361 τῶν
1275 313 1482 362 Μυσῶν.
1570 313 1625 363 ἐν
1655 314 1708 363 δὲ
1738 312 1960 365 τούτοισι

292 399 426 445 τοῖσι
482 395 715 462 χωρίοισι
774 395 1019 462 ἐτύγχανε
1080 395 1174 446 ἐὼν
1226 392 1486 462 (Ἀρπαγος
1551 393 1674 462 ἀνὴρ
1737 395 1957 463 Πέρσης,

294 478 573 546 στρατηγὸς
604 481 838 545 στρατιῆς
875 479 961 529 οὐκ
994 479 1184 545 ὀλίγης,
1219 479 1274 532 ὅς
1309 481 1355 530 οἱ
1395 478 1644 544 ἀποβάντι
1682 482 1960 546 συμβαλὼν

293 563 441 615 αὐτόν
465 585 519 614 τε
547 562 787 614 Ἱστιαῖον
820 564 999 634 ζωγρίῃ
1033 563 1192 628 ἔλαβε
1226 563 1303 614 καὶ
1333 563 1419 615 τὸν
1453 563 1667 630 στρατὸν
1697 564 1844 616 αὐτοῦ
1871 564 1959 618 τὸν

293 647 429 699 πλέω
454 646 719 715 διέφθειρε.
794 639 1044 715 ἐζωγρήθη
1078 649 1132 699 δὲ
1155 648 1182 698 6
1206 646 1441 701 Ἱστιαῖος
1463 649 1574 700 ὧδε·
1624 648 1689 702 ὡς
1713 647 1960 718 ἐμάχοντο

1983 587 2006 629 5

292 735 339 783 οἱ
361 730 616 796 “Ἐλληνες
646 735 780 783 τοῖσι
811 731 1045 803 Πέρσῃσι
1075 733 1130 783 ἐν
1153 732 1211 803 τῇ
1241 730 1459 803 Μαλήνῃ
1485 735 1574 797 τῆς
1597 732 1959 799 Ἀταρνείτιδος
2008 737 2023 741 ”

291 816 471 884 χώρης,
505 818 552 868 οἱ
587 818 677 881 μὲν
715 814 1037 868 συνέστασαν
1073 815 1258 884 χρόνον
1299 815 1380 868 ἐπὶ
1418 816 1628 875 πολλόν,
1661 817 1690 882 ἡ
1723 819 1776 870 δὲ
1810 818 1959 872 ἵππος

291 901 502 967 ὕστερον
527 901 801 967 ὁρμηθεῖσα
833 901 1086 952 ἐπιπίπτει
1115 903 1250 951 τοῖσι
1273 897 1518 964 ’Έλλησν
1565 901 1625 952 τό
1653 922 1707 953 τε
1730 900 1787 965 δὴ
1812 901 1960 969 ἔργον

292 988 380 1050 τῆς
420 985 573 1037 ἵππου
607 988 753 1035 τοῦτο
791 983 1007 1051 ἐγένετο,
1047 985 1127 1036 καὶ
1167 982 1515 1051 τετραμμένων
1557 989 1655 1036 τῶν
1694 983 1959 1050 Ἑλλήνων

293 1071 318 1119 6
349 1068 582 1123 Ιστιαῖος
617 1069 829 1133 ἐλπίζων
866 1068 951 1119 οὐκ
990 1067 1298 1121 ἀπολέεσθαι
1334 1067 1430 1120 ὑπὸ
1467 1067 1714 1134 βασιλέος
1753 1070 1832 1121 διὰ
1866 1091 1959 1134 την

292 1158 572 1221 παρεοῦσαν
613 1152 869 1220 ἁμαρτάδα
909 1154 1229 1222 φιλοψυχίην
1274 1151 1469 1227 τοιῃνδε
1513 1155 1645 1205 τινὰ,
1662 1152 1957 1221 ἀναιρέεται·

215 1220 358 1293 4Ξίηῖ>ς
389 1238 593 1305 φεύγων
622 1258 676 1289 τε
714 1235 1123 1303 κατελαμβάνετο
1162 1235 1258 1288 ὑπὸ
1301 1236 1476 1304 ἀνδρὸς
1521 1236 1732 1305 Πέρσεω
1773 1238 1852 1290 καὶ
1893 1237 1959 1292 ὡς

295 1323 671 1389 καταιρεόμενος
692 1320 948 1373 ὑπἀὐτοῦ
978 1321 1162 1388 ἔμελλε
1185 1319 1701 1388 συγκεντηθήσεσθαι,
1730 1323 1959 1389 Περσίδα

291 1412 536 1474 γλῶσσαν
586 1406 770 1471 μετιεὶς
822 1405 1118 1472 καταμηνύει
1171 1404 1353 1457 ἑωυτὸν
1406 1405 1471 1459 ὡς
1525 1407 1599 1470 εἵη
1647 1404 1883 1460 Ἱστιαῖος
1931 1407 1958 1458 6

293 1489 563 1555 Μιλήσιος.
653 1492 695 1542 εἰ
724 1488 821 1555 μέν·
847 1511 949 1549 νυν,
985 1490 1049 1543 ὡς
1077 1487 1349 1557 ἐζωγρήθη,
1386 1488 1517 1558 ἄχθη
1551 1489 1794 1557 ἀγόμενος
1824 1492 1957 1557 παρὰ

291 1574 514 1639 βασιλέα
548 1580 778 1641 Δαρεῖον,
817 1575 842 1624 6
873 1576 927 1626 δὲ
962 1573 1063 1626 οὔτ’
1093 1573 1155 1626 ἂν
1199 1573 1351 1626 ἔπαθε
1396 1578 1545 1626 κακὸν
1587 1573 1728 1627 οὐδὲν
1767 1573 1957 1628 δοκέειν

292 1661 416 1724 ἐμοί,
458 1658 617 1724 ἀπῆκέ
654 1658 696 1709 τ’
734 1658 795 1711 ἂν
832 1659 961 1728 αὐτῷ
999 1657 1090 1723 τὴν
1132 1659 1310 1723 αἰτίην·
1358 1662 1445 1711 νῦν
1485 1656 1540 1710 δέ
1578 1679 1664 1724 μιν
1703 1658 1864 1711 αὐτῶν
1903 1680 1958 1711 τε

291 1743 478 1796 τούτων
502 1744 666 1796 εἵνεκα
691 1743 769 1795 καὶ
792 1764 870 1795 ινα
887 1764 952 1808 μη
980 1742 1236 1812 διαφυγὼν
1256 1763 1392 1797 αυτις
1411 1740 1566 1810 μέγας
1591 1744 1724 1809 παρὰ
1744 1742 1958 1808 βασιλέϊ

291 1827 509 1895 γένηται,
548 1826 889 1895 Ἀρταφρένης
925 1847 979 1879 τε
1016 1828 1043 1877 6
1079 1828 1303 1896 Σαρδίων
1343 1828 1565 1895 ὕπαρχος
1604 1826 1682 1879 καὶ
1717 1827 1746 1877 6
1778 1827 1957 1892 λαβὼν

282 1911 558 1979 “Ἀρπαγος,
585 1911 650 1965 ὣς
673 1912 876 1964 ἀπίκετο
908 1911 1151 1978 ἀγόμενος
1182 1913 1234 1965 ἐς
1262 1912 1350 1965 τὰς
1382 1910 1575 1977 Σάρδις,
1602 1914 1658 1962 τὸ
1687 1931 1780 1976 μεν
1809 1911 1957 1964 αὐτοῦ

292 2001 437 2062 σῶμα
466 1997 616 2048 αὐτοῦ
646 1997 796 2069 ταύτῃ
827 1995 1233 2062 ἀνεσταύρωσαν,
1266 1994 1356 2060 τὴν
1387 1997 1439 2047 δὲ
1470 1994 1698 2062 κεφαλὴν
1726 1996 1952 2064 ταριχεύ-

293 2102 473 2135 σαντες
491 2071 753 2144 ἀνήνεικαν
776 2081 908 2148 παρὰ
930 2078 1158 2146 βασιλέα
1179 2080 1438 2147 Δαρεῖον’
1417 2100 1468 2133 ες
1491 2083 1674 2132 Σοῦσα.
1742 2085 1955 2182 Δαρεῖος

291 2168 345 2217 δε
383 2165 658 2231 πυθόμενος
696 2169 848 2216 ταῦτα
891 2165 969 2216 καὶ
1012 2162 1429 2229 ἐπαιτιησάμενος
1468 2162 1581 2217 τοὺς
1620 2167 1771 2214 ταῦτα
1811 2162 1952 2228 ποιή-

292 2269 479 2303 σαντας
515 2249 591 2300 ὅτι
625 2270 711 2314 μιν
754 2248 811 2299 οὗ
853 2248 1039 2312 ζώοντα
1080 2245 1333 2315 ἀνήγαγον
1373 2248 1424 2301 ἐς
1462 2248 1587 2315 ὄψιν
1625 2246 1715 2311 τὴν
1754 2249 1952 2308 ἑωυτοῦ,

290 2333 381 2398 τὴν
412 2336 639 2400 κεφαλὴν
669 2332 759 2397 τὴν
788 2331 1027 2384 Ἱστιαίου
1047 2329 1332 2385 λούσαντάς
1353 2352 1408 2383 τε
1432 2330 1513 2383 καὶ
1541 2331 1955 2398 περιστείλαντας

293 2417 345 2469 εὖ
395 2417 676 2470 ἐνετείλατο
730 2415 890 2484 θάψαι
943 2416 1008 2470 ὡς
1058 2414 1234 2482 ἀνδρὸς
1284 2413 1516 2482 μεγάλως
1558 2417 1726 2485 ,ἑωυτῷ
1773 2437 1829 2468 τε
1876 2416 1954 2468 καὶ

293 2499 528 2573 Πέρσῃσι
573 2498 856 2568 εὐεργέτεω.
935 2502 997 2551 τὰ
1039 2501 1132 2564 μὲν
1177 2499 1289 2566 περὶ
1331 2497 1573 2552 Ἱστιαῖον
1616 2499 1768 2553 οὕτως
1812 2498 1952 2568 ἔσχε·

351 2651 368 2676 1
393 2638 457 2690 ἐκ]
477 2641 516 2680 ἐς
540 2637 579 2676 R
599 2637 629 2677 S
645 2637 684 2676 V
805 2649 830 2675 2
850 2636 921 2675 alt.
938 2636 1013 2677 τὸν
1024 2649 1104 2675 orn.
1123 2635 1157 2674 C
1172 2635 1206 2674 P
1317 2646 1342 2684 5
1364 2635 1490 2683 ἔλαβε
1506 2634 1551 2676 δὲ
1565 2636 1631 2677 καὶ
1645 2636 1683 2674 V
1777 2637 1956 2687 στρατὸν

292 2693 337 2735 δε
359 2693 390 2732 S
503 2706 525 2742 7
556 2692 829 2746 Ἀταρνίτιδος
848 2690 888 2729 Α
903 2690 967 2730 B:
997 2690 1120 2742 Ἀταρ
1123 2691 1229 2731 visos
1247 2689 1315 2729 R:
1346 2688 1576 2744 Ἀρτανίδος
1597 2689 1679 2729 SV
1786 2691 1813 2728 8
1840 2690 1952 2732 συνέ·

1986 1005 2035 1036 ῙΟ

1985 1423 2031 1466 ¹⁵

1982 1845 2032 1874 20

1980 2265 2027 2306 25

294 2762 451 2796 στησαν
483 2746 522 2785 R
539 2747 570 2785 S
584 2747 622 2785 V
843 2757 889 2783 11
922 2744 1145 2786 ἀπολεσθαι
1176 2744 1216 2782 R
1231 2744 1261 2783 S
1274 2744 1313 2782 V
1535 2755 1583 2793 15
1611 2745 1746 2794 μετεὶς
1770 2744 1808 2783 Α
1822 2743 1904 2783 BC
1920 2745 1953 2783 P
1981 2746 1989 2754 ‘

293 2806 314 2843 6
335 2814 415 2841 om.
440 2802 478 2840 A
493 2802 527 2839 Β
545 2802 578 2840 C
731 2802 781 2839 16
810 2799 912 2852 ἔχθη
931 2799 995 2838 V.
1025 2800 1182 2850 ἀνήχθη
1204 2798 1393 2837 Bredow
1541 2799 1589 2836 18
1618 2797 1751 2851 ἀφῆκέ
1769 2798 1856 2838 ΑΒ
1872 2798 1906 2837 C
1920 2799 1954 2838 P

293 2870 347 2895 20
384 2856 523 2897 δὲνε
564 2854 676 2904 δὴδ
879 2866 928 2892 21
970 2853 1092 2924 ἆγόμ.
1123 2853 1231 2894 ἀπίκ.
1265 2853 1406 2892 RSV
1552 2854 1626 2894 τὰς
1653 2865 1734 2891 om
1766 2852 1953 2892 ABCP

294 2913 415 2952 αὐτοῦ
442 2910 524 2949 del.
552 2909 751 2959 Krueger
936 2920 988 2946 22
1018 2906 1147 2961 ταύτῃ
1176 2919 1258 2946 om.
1294 2906 1430 2946 RSV
1622 2920 1673 2955 24
1705 2910 1878 2948 ἐπαιτισ.
1910 2907 1950 2946 R

293 2977 354 3015 25.
378 2963 505 3015 ζῶντα
524 2964 564 3004 R
580 2963 663 3004 SV
827 2962 880 3003 26
908 2979 956 3004 τε
982 2973 1064 3002 om.
1088 2949 1134 3002 C
1290 2974 1341 3011 27
1373 2961 1416 3003 εὐ
1435 2973 1516 3001 om.
1543 2960 1582 2999 R
1599 2961 1680 3001 SV
