2106 3314
90 126 175 179 VI.
205 131 274 191 65

161 762 275 818 '66

250 1377 275 1421 3

929 126 1356 175 ΗΡΟΔΟΤΟΤ

311 254 369 311 τὸ
406 259 514 311 εἶπε
549 258 798 326 Ἀρίστων
838 258 950 310 τότε
995 259 1079 309 ὅτε
1123 260 1168 309 οἱ
1212 256 1476 325 ἐξήγγειλε
1520 259 1546 310 6
1589 257 1782 324 οἰκέτης
1825 263 1977 313 παῖδα

313 342 588 411 γεγονέναι,
615 344 641 393 6
664 345 718 395 δὲ
743 342 1131 408 συμβαλόμενος
1161 341 1275 395 τοὺς
1296 344 1454 407 μῆνας
1485 343 1739 408 ἀπώμοσε,
1766 346 1868 411 φὰς
1889 343 1976 396 οὐκ

313 431 495 481 ἑωυτοῦ
534 448 619 492 μιν
659 425 802 479 εἶναι.
891 426 1067 478 τούτου
1110 425 1168 490 δὴ
1211 427 1522 491 ἐπιβατεύων
1566 432 1652 479 τοῦ
1678 420 1908 494 ’ῥήματος
1950 430 1976 479 6

312 513 619 580 Λευτυχίδης
662 510 912 578 ἀπέφαινε
951 509 1039 563 τὸν
1083 509 1385 577 Δημάρητον
1426 511 1537 563 οὔτε
1579 510 1637 576 ἐξ
1674 511 1977 579 Ἀρίστωνος

312 597 557 663 γεγονότα
620 596 732 648 οὔτε
789 593 1091 661 νἱκνευμένως
1155 594 1499 660 βασιλεύοντα
1557 594 1802 662 Σπάρτης,
1862 597 1977 650 τοὺς
2001 619 2022 660 5
2069 605 2073 608 ’

312 681 523 747 ἐφόρους
566 679 814 748 μάρτυρας
852 680 1196 747 παρεχόμενος
1236 680 1424 733 κείνους
1463 679 1509 731 οἳ
1549 680 1660 731 τότε
1701 680 1976 749 ἐτύγχανον

313 764 550 832 πάρεδροί
568 786 622 817 τε
646 765 811 818 ἐόντες
837 763 915 816 καὶ
940 764 1243 827 ἀκούσαντες
1266 768 1419 815 ταῦτα
1441 762 1760 830 Ἀρίστωνος.
1832 764 1978 819 τέλος

313 851 366 902 δὲ
397 850 580 902 ἐόντων
611 850 722 916 περὶ
754 849 913 901 αὐτῶν
936 847 1138 901 νεικέων
1162 844 1302 911 ἔδοξε
1325 846 1669 920 Σπαρτιήτῃσι
1692 847 1979 916 ἐπειρέσθαι

313 933 370 985 τὸ
405 932 711 1002 χρηστήριον
751 933 808 984 τὸ
847 935 902 984 ἐν
944 937 1203 1000 Δελφοῖσι
1244 933 1286 984 εἰ
1327 930 1631 998 Ἀρίστωνος
1677 935 1749 997 ε’ίη
1796 938 1911 991 παῖς
1950 934 1978 984 6

316 1017 629 1085 Δημάρητος.
703 1018 940 1068 ἀνοίστου
966 1019 1020 1068 δὲ
1049 1015 1320 1083 γενομένου
1351 1018 1406 1067 ἐκ
1435 1018 1670 1083 προνοίης
1699 1020 1785 1082 τῆς
1817 1021 1974 1069 Κλεο-
2005 1044 2054 1072 10

311 1101 487 1166 μένεος
534 1104 585 1155 ἐς
630 1101 721 1166 τὴν
776 1102 983 1165 Πυθίην,
1032 1102 1243 1152 ἐνθαῦτα
1289 1099 1644 1167 προσποιέεται
1693 1100 1979 1167 Κλεομένης

315 1186 536 1251 Κόβωνα
593 1186 680 1238 τὸν
732 1184 1149 1252 Ἀριστοφάντου,
1206 1183 1358 1251 ἄνδρα
1410 1186 1463 1236 ἐν
1518 1190 1776 1253 Δελφοῖσι
1833 1190 1975 1238 δυνα-

315 1271 556 1323 στεύοντα
594 1269 916 1337 μέγιστον,.ὁ
946 1272 999 1321 δὲ
1032 1270 1216 1334 Κόβων
1248 1270 1535 1336 Περίαλλον
1575 1268 1666 1333 τὴν
1706 1270 1977 1336 πρόμαντιν

315 1355 571 1407 ἀναπείθει
600 1356 662 1406 τὰ
699 1353 986 1419 Κλεομένης
1018 1353 1260 1419 ἐβούλετο
1294 1352 1538 1420 λέγεσθαι
1575 1352 1760 1420 λέγειν.
1850 1355 1977 1405 οὕτω

307 1433 372 1503 ’δὴ
431 1440 462 1504 ἡ
522 1441 684 1504 Πυθίη
746 1438 1128 1506 ἐπειρωτώντων
1184 1442 1283 1490 τῶν
1342 1438 1633 1504 θεοπρόπων
1692 1438 1852 1504 ἔκρινε
1908 1437 1975 1503 μὴ
2003 1462 2051 1504 ¹5

313 1523 617 1590 Ἀρίστωνος
649 1522 774 1575 εἶναι
808 1521 1108 1590 Δημάρητον
1137 1525 1302 1574 παῖδα.
1390 1520 1581 1592 ὑστέρῳ
1611 1521 1782 1587 μέντοι
1811 1522 1975 1592 χρόνῳ

246 1644 249 1645 ⁷
313 1607 575 1660 ἀνάπυστα
606 1606 806 1675 ἐγένετο
837 1611 1003 1665 ταῦτα,
1039 1606 1116 1658 καὶ
1154 1606 1339 1672 Κόβων
1370 1627 1425 1658 τε
1461 1607 1619 1674 ἔφυγε
1656 1607 1710 1657 ἐκ
1752 1610 1976 1674 Δελφῶν

248 2049 274 2080 2

0 2292 155 2342 »sust

315 1692 392 1743 καὶ
424 1694 709 1759 Περίαλλος
738 1692 767 1756 ἡ
800 1691 1073 1758 πρόμαντις
1106 1690 1331 1755 ἐπαύσθη
1363 1693 1450 1754 τῆς
1481 1693 1641 1756 τιμῆς.
1731 1693 1853 1742 κατὰ
1881 1693 1974 1756 μὲν

313 1776 371 1840 δὴ
404 1775 703 1844 Δημαρήτου
733 1775 824 1840 τὴν
855 1773 1164 1827 κατάπαυσιν
1193 1777 1280 1839 τῆς
1309 1777 1585 1840 βασιληίης
1609 1775 1734 1827 οὕτω
1759 1774 1971 1843 ἐγένετο,

312 1860 469 1927 ἔφυγε
517 1864 571 1912 δὲ
616 1859 912 1926 Δημάρητος
959 1858 1292 1927 ἐκὟΣπάρτης
1342 1859 1391 1912 ἐς
1439 1857 1642 1923 Μήδους
1685 1861 1740 1912 ἐκ
1784 1863 1975 1912 τοιοῦδε
1999 1886 2050 1915 20

312 1945 544 1998 ὀνείδεος·
589 1947 714 2010 μετὰ
743 1947 831 2008 τῆς
861 1945 1138 2009 βασιληίης
1169 1943 1258 2007 τὴν
1290 1941 1601 1996 κατάπαυσιν
1625 1945 1651 1995 6
1676 1942 1974 2012 Δημάρητος

311 2027 437 2097 ἦρχε
466 2029 676 2096 αἱρεθεὶς
707 2027 882 2096 ἀρχήν.
960 2026 1091 2092 ἦσαν
1121 2030 1212 2093 μὲν
1243 2027 1301 2092 δὴ
1333 2029 1696 2095 γυμνοπαιδίαι,
1724 2027 1973 2094 θεωμένου

309 2116 365 2164 δὲ
414 2118 500 2165 τοῦ
532 2111 858 2179 ’Δημαρήτου
909 2113 935 2161 6
987 2113 1305 2180 Λευτυχίδης,
1360 2113 1583 2179 γεγονὼς
1637 2112 1729 2178 ἤδη
1786 2108 1972 2179 [αὐτὸς]

310 2196 559 2262 βασιλεὺς
598 2196 703 2248 ἀντ’
745 2198 949 2254 ἐκείνου,
983 2195 1187 2263 πέμψας
1226 2195 1319 2247 τὸν·
1349 2195 1627 2262 θεράποντα
1666 2198 1747 2248 ἐπὶ
1788 2195 1976 2263 γέλωτί
2063 2247 2106 2291 a

311 2302 365 2332 τε
397 2281 476 2332 καὶ
504 2279 674 2351 λιξτθῃ
705 2280 879 2347 εἰρώτα
908 2279 1004 2331 τὸν
1022 2279 1321 2346 Δημάρητον
1351 2281 1514 2332 ὁκοῖόν
1543 2301 1589 2332 τι
1614 2282 1686 2344 εἵη
1718 2261 2059 2352 τᾲέιρχειιῖἳέ

249 2387 274 2430 3
310 2367 435 2429 μετὰ
464 2363 522 2416 τὸ
551 2364 862 2429 βασιλεύειν.
952 2365 977 2414 6
1008 2366 1063 2415 δὲ
1097 2362 1327 2431 ἀλγήσας
1366 2369 1433 2433 τῷ
1475 2363 1831 2431 ἐπειρωτήματι
1862 2364 1970 2417 εἶπε

0 2532 249 2573 *matha-'2

311 2451 412 2514 φὰς
442 2447 587 2502 αὐτὸς
623 2451 715 2513 μὲν
752 2447 1049 2515 ἀμφοτέρων
1085 2447 1176 2512 ἤδη
1218 2450 1568 2514 πεπειρῆσθαι,
1599 2453 1762 2500 κεῖνον
1798 2451 1852 2500 δὲ
1893 2449 1965 2507 οὔ,

0 2582 254 2628 ,flegma
271 2530 1416 2615 “TffQJ-anv
1459 2532 1897 2598 Λακεδαιμονίοισι
1935 2528 1966 2596 ἢ

14 2642 95 2700 “a
268 2638 288 2691 ²
366 2684 391 2709 2
420 2668 757 2720 συμβαλλόμενος
780 2668 865 2708 RS
879 2669 916 2707 V
1067 2681 1094 2719 3
1122 2686 1190 2719 μιν
1209 2682 1292 2709 om,
1315 2668 1355 2707 A
1369 2668 1403 2708 Β
1418 2669 1453 2709 C
1601 2672 1629 2709 6
1658 2670 1808 2729 ἔτυχον
1829 2669 1869 2719 R
1884 2670 1967 2710 SV

309 2739 338 2776 9
366 2729 386 2765 6
409 2738 490 2764 om.
516 2725 554 2765 R
571 2725 651 2764 SV
833 2737 881 2763 10
910 2723 1098 2764 ἀνοίστου
1118 2723 1197 2763 B²z
1229 2724 1426 2765 ἇνωΐστου
1447 2724 1481 2763 L
1661 2737 1709 2774 13
1737 2725 1966 2779 Περίαλλαν

309 2779 351 2817 Α
367 2779 401 2817 Β
419 2779 451 2817 C
467 2780 505 2817 P'
668 2792 716 2828 14
748 2779 772 2820 ἃ
791 2778 830 2816 Α
845 2778 878 2817 Β
896 2778 949 2851 Cx
1041 2780 1145 2820 οὕτω
1165 2778 1233 2830 δὴ]
1255 2781 1376 2819 τοῦτο
1399 2778 1438 2816 R
1454 2778 1483 2818 S
1496 2779 1533 2817 V
1680 2780 1729 2818 18
1759 2779 1966 2832 Περίαλλα

309 2832 649 2940 ΞΒέᾳῖειῖγέὶΡνΗ
665 2887 694 2926 S
708 2887 747 2926 V
819 2847 869 2883 19
911 2832 1215 2940 δηεὲῐῖὲνΒδὴῗ
1232 2886 1308 2936 μὲν
1326 2833 1718 2929 ΑἷξνδὲΔΙὲμέᾴτ-ου
1760 2833 1966 2938 Ιθεῗμὲιὲ

311 2942 341 2981 S
354 2942 416 2980 V:
447 2941 665 2995 ἡγεομένου
686 2943 951 2982 Valckenaer
1115 2954 1168 2990 23
1198 2944 1318 2984 αὐτὸς
1343 2955 1426 2981 om.
1451 2942 1485 2981 C
1500 2942 1530 2980 S
1546 2942 1593 2981 Ρ1
1612 2957 1622 2981 :
1653 2949 1748 2992 post
1768 2943 1962 2990 βασιλεὺς

310 2996 350 3036 Α
364 2996 399 3036 Β
415 2996 449 3036 Ε
615 2998 669 3035 26
699 2998 974 3050 ἐπερωτήματι
994 2995 1034 3034 Α
1047 2996 1081 3035 Β
1098 2997 1131 3035 C
1146 2997 1180 3036 E
1196 2997 1228 3034 P
1382 3009 1433 3046 27
1466 2999 1616 3038 ἐκεῖνον
1635 2997 1674 3035 Α
1690 2997 1723 3035 Β
1739 2997 1772 3036 C
1791 2997 1824 3036 E
