2132 3340
755 21 1134 70 ΙΣΤΟΡΙΩΝ
1204 22 1253 69 Η
1882 22 1991 71 VII.
2022 35 2102 73 211

169 151 428 221 Περσέων·
475 152 684 206 ἔπιπτον
714 155 768 207 δὲ
800 153 879 206 καὶ
917 152 1079 206 αὐτῶν
1109 158 1207 206 τῶν
1240 149 1591 219 Σπαρτιητέων
1630 152 1841 205 ἐνθαῦτα

167 238 349 306 ὀλίγοι.
436 238 544 290 ἐπεὶ
574 240 627 290 δὲ
657 238 800 290 οὐδὲν
831 237 1064 291 ἐδυνέατο
1095 242 1414 305 παραλαβεῖν
1446 239 1492 290 οἱ
1525 235 1723 304 Πέρσαι
1753 240 1840 301 τῆς

167 322 348 375 ἐσόδου
377 322 672 390 πειρώμενοι
704 322 783 374 καὶ
816 324 939 374 κατὰ
971 321 1120 375 τέλεα
1158 322 1238 374 καὶ
1280 321 1526 375 παντοίως
1568 320 1837 388 προσβάλ-
1985 391 1989 395 .

165 413 358 467 λοντες,
391 405 681 472 ἀπήλαυνον
713 408 895 460 ὀπίσω.
973 409 1026 460 ἐν
1050 407 1260 480 ταύτῃσι
1290 414 1408 479 τῇσι
1431 406 1730 474 προσόδοισι
1751 409 1839 471 τῆς
1876 425 1965 462 212

117 516 140 557 5
164 490 330 561 μάχης
360 490 560 559 λέγεται
595 490 822 557 βασιλέα
858 491 1130 558 θηεύμενον
1170 493 1274 560 τρὶς
1315 492 1617 558 ἀναδραμεῖν
1656 492 1712 544 ἐκ
1752 495 1840 543 τοῦ

165 576 358 645 θρόνου,
391 577 628 628 δείσαντα
656 577 768 645 περὶ
798 584 858 650 τῇ
892 585 1117 651 στρατιῇ.
1205 578 1318 629 τότε
1346 579 1440 642 μὲν
1469 575 1624 630 οὕτως
1654 575 1835 644 ἠγωνί-

166 682 337 721 σαντο,
369 668 430 734 τῇ
459 660 502 713 δ’
531 662 767 735 ὑστεραίῃ
797 664 844 715 οἱ
885 660 1142 730 βάρβαροι
1186 661 1327 714 οὐδὲν
1367 659 1570 727 ἄμεινον
1606 659 1833 714 ἀέθλεον·

164 744 252 799 ἅτε
270 747 366 814 γὰρ
383 747 570 814 ὀλίγων
591 747 792 807 ἐόντων,
806 746 1112 801 ἐλπίσαντές
1132 752 1296 815 σφεας
1317 746 1835 813 κατατετρωματίσθαι

162 851 217 883 τε
249 830 328 883 καὶ
358 829 444 882 οὐκ
474 832 608 885 οἵους
646 852 702 884 τε
739 831 949 884 ἔσεσθαι
986 831 1059 883 ἔτι
1094 837 1268 900 χεῖρας
1304 831 1654 898 ἀνταείρεσθαι
1691 829 1835 884 συνέ-

10 965 24 976 ,
93 935 139 964 ιο
162 921 382 981 βαλλον.
471 917 517 968 οἱ
561 918 615 969 δὲ
644 913 902 982 ’Έλληνες
949 918 1072 968 κατὰ
1114 915 1254 982 τάξις
1297 938 1352 968 τε
1398 915 1477 968 καὶ
1522 917 1645 968 κατὰ
1690 916 1835 968 ἔθνεα
1875 939 1899 970 2

165 999 524 1066 κεκοσμημένοι
567 998 700 1065 ἦσαν
746 1002 824 1053 καὶ
871 1003 924 1054 ἐν
968 1000 1107 1067 μέρεϊ
1151 1002 1355 1054 ἕκαστοι
1400 999 1663 1069 ἐμάχοντο,
1690 998 1834 1066 πλὴν

164 1083 398 1137 Φωκέων·
443 1085 580 1137 οὗτοι
621 1087 676 1138 δὲ
715 1087 767 1140 ἐς
807 1085 863 1138 τὸ
903 1088 1016 1154 ὅρος
1058 1085 1349 1155 ἐτάχθησαν
1389 1083 1703 1153 φυλάξοντες
1743 1085 1834 1150 τὴν

163 1169 400 1236 ἀτραπόν.
491 1169 555 1223 ὡς
592 1171 645 1222 δὲ
676 1169 819 1223 οὐδὲν
854 1172 1084 1238 εὕρισκον
1125 1171 1448 1238 ἀλλοιότερον
1488 1172 1534 1222 οἱ
1575 1169 1773 1236 Πέρσαι
1803 1166 1833 1235 ἢ

162 1254 221 1325 ’νῇ
253 1255 518 1326 προτεραίῃ
552 1250 764 1322 ἐνώρων,
801 1254 1106 1320 ἀπήλαυνον.
1183 1254 1484 1323 ἀπορέοντος
1506 1256 1561 1306 δὲ
1583 1254 1833 1320 βασιλέος
1871 1272 1959 1320 213

88 1355 136 1398 15
163 1338 191 1388 ὅ
212 1358 260 1389 τι
282 1336 532 1406 χρήσηται
556 1343 623 1409 τῷ
650 1341 884 1407 παρεόντι
908 1340 1176 1408 πρήγματι,
1198 1338 1474 1404 Ἐπιάλτης
1493 1340 1519 1390 ὁ
1545 1338 1834 1406 Εὐρυδήμου

162 1420 286 1490 ἀνὴρ
318 1421 543 1487 Μηλιεὺς
574 1422 698 1488 ἦλθέ
722 1427 769 1477 οἱ
800 1427 851 1478 ἐς
879 1426 1063 1493 λόγους
1087 1425 1152 1479 ὡς
1180 1424 1312 1493 μέγα
1341 1445 1390 1476 τι
1419 1425 1552 1491 παρὰ
1582 1424 1832 1490 βασιλέος

162 1505 348 1560 δοκέων
379 1509 628 1569 οἴσεσθαι,
662 1507 859 1577 ἔφρασέ
888 1531 941 1562 τε
972 1509 1063 1575 τὴν
1093 1509 1315 1578 ἀτραπὸν
1344 1508 1436 1575 τὴν
1467 1510 1547 1561 διὰ
1576 1513 1664 1562 τοῦ
1692 1511 1832 1576 ὄρεος

163 1589 415 1659 φέρουσαν
447 1593 499 1646 ἐς
532 1594 867 1659 Θερμοπύλας
898 1594 978 1646 καὶ
1008 1593 1259 1662 διέφθειρε
1289 1593 1405 1649 τοὺς
1438 1594 1590 1666 ταύτῃ
1625 1595 1826 1660 ὑπομεί-

85 1742 87 1745 ἱ
162 1697 345 1731 ναντας
366 1675 644 1742 Ἑλλήνων.
733 1679 945 1747 ὕστερον
964 1681 1018 1732 δὲ
1035 1681 1206 1734 δείσας
1232 1680 1649 1745 Λακεδαιμονίους
1672 1678 1830 1746 ἔφυγε
1867 1697 1893 1729 2

86 1784 135 1814 20
161 1762 211 1814 ἐς
253 1762 571 1827 Θεσσαλίην,
607 1763 690 1815 καί
725 1765 771 1815 οἱ
815 1765 1027 1832 φυγόντι
1073 1765 1167 1816 ὑπὸ
1211 1769 1308 1817 τῶν
1354 1764 1685 1831 Πυλαγόρων,
1731 1769 1831 1816 τῶν

159 1843 538 1914 Ἀμφικτυόνων
597 1848 647 1901 ἐς
706 1847 797 1913 τὴν
855 1849 1084 1914 Πυλαίην
1138 1847 1541 1916 συλλεγομένων,
1595 1849 1831 1915 ἀργύριον

159 1930 486 2000 ἐπεκηρύχθη.
562 1932 727 2003 χρόνῳ
753 1934 805 1985 δὲ
829 1934 1054 2001 ὕστερον,
1085 1937 1301 1999 κατῆλθε
1324 1935 1420 2001 γὰρ
1444 1935 1495 1986 ἐς
1519 1932 1826 1999 Ἀντικύρην,

160 2013 377 2068 ἀπέθανε
406 2014 502 2069 ὑπὸ
536 2014 819 2082 Ἀθηνάδεω
852 2018 1028 2085 ἀνδρὸς
1058 2020 1346 2088 Τρηχινίου.
1419 2019 1447 2069 ὁ
1478 2020 1531 2070 δὲ
1554 2016 1829 2082 Ἀθηνάδης
1864 2033 1892 2078 3

159 2098 300 2154 οὗτος
341 2098 599 2154 ἀπέκτεινε
633 2103 726 2167 μὲν
765 2101 1047 2169 Ἐπιάλτην
1087 2102 1150 2156 δι’
1180 2102 1344 2169 ἄλλην
1386 2104 1564 2167 αἰτίην,
1597 2101 1687 2167 τὴν
1730 2102 1828 2169 ἐγὼ

85 2205 132 2247 ²5
160 2184 213 2235 ἐν
236 2189 368 2236 τοῖσι
398 2186 576 2238 ὄπισθε
608 2186 810 2253 λόγοισι
841 2187 1092 2254 σημανέω,
1120 2186 1324 2254 ἐτιμήθη
1348 2186 1519 2253 μέντοι
1547 2186 1643 2240 ὑπὸ
1665 2189 1823 2239 Λακε-

157 2268 425 2335 δαιμονίων
477 2269 620 2321 οὐδὲν
670 2270 852 2335 ἧσσον.
940 2271 1218 2338 Ἐπιάλτης
1268 2275 1361 2338 μὲν
1413 2273 1567 2325 οὕτως
1617 2271 1825 2338 ὕστερον

155 2351 343 2405 τούτων
366 2352 597 2406 ἀπέθανε·
645 2355 755 2408 ἔστι
779 2358 833 2408 δὲ
857 2357 1021 2424 ἕτερος
1043 2358 1318 2424 λεγόμενος
1336 2357 1505 2424 λόγος,
1529 2356 1593 2408 ὣς
1612 2353 1825 2420 Ὀνήτης
1862 2373 1953 2422 214

56 1928 76 1954 Ι

209 2504 234 2529 2
276 2490 442 2533 ἐδύνατο
471 2492 506 2531 C
592 2534 595 2537 ,
727 2505 753 2542 3
792 2496 884 2535 οδοῦ
919 2493 968 2533 Ρ1
990 2494 1044 2547 (3)
1065 2495 1105 2534 R
1124 2496 1210 2536 SV
1378 2507 1440 2546 pr.
1471 2495 1535 2535 καὶ
1564 2506 1646 2534 om.
1683 2493 1722 2532 R
1741 2494 1826 2533 SV

155 2557 177 2595 7
222 2546 410 2596 ἀμείνονα
449 2549 590 2587 ἔθελον
632 2546 671 2586 R
689 2547 719 2587 S
736 2547 775 2586 V
966 2562 993 2599 9
1037 2551 1195 2599 οἶκήους
1213 2551 1268 2604 (2)
1287 2549 1344 2590 R1
1459 2551 1521 2590 ἔτι
1556 2562 1637 2588 om.
1681 2547 1720 2586 R
1739 2550 1769 2587 S
1788 2549 1822 2586 V

153 2600 435 2654 ἀνταείρασθαι
468 2601 553 2639 PR
570 2600 651 2640 SV
850 2616 899 2642 10
928 2603 1060 2656 τάξεις
1094 2605 1132 2643 R
1147 2605 1211 2644 V:
1245 2604 1359 2659 τάξιν
1389 2605 1422 2644 C
1562 2602 1688 2654 κατὰ]
1715 2604 1768 2643 τὰ
1789 2605 1822 2641 C

157 2668 206 2704 13
255 2656 440 2708 εὕρισκον
487 2655 568 2695 del.
623 2655 796 2707 Madvig
961 2659 1233 2713 ἀλλοιῶτερον
1273 2660 1313 2698 R
1336 2660 1367 2699 S
1384 2659 1422 2698 V
1587 2661 1623 2699 οἱ
1661 2671 1744 2696 om.
1789 2659 1822 2696 C

157 2722 205 2758 14
253 2711 381 2763 ἑώρων
423 2711 458 2749 Ρ
623 2715 696 2752 τοῦ
735 2710 930 2759 βασιλέος
971 2712 1008 2750 R
1032 2713 1063 2753 S
1079 2713 1117 2752 V
1341 2726 1389 2764 15
1438 2714 1637 2767 χρήσεται
1679 2712 1719 2750 R
1737 2713 1767 2751 S
1786 2714 1824 2751 V

157 2777 204 2813 17
225 2767 303 2804 οἵ-ι-
317 2770 458 2806 σεσθαι
474 2764 514 2803 Α
533 2779 542 2804 :
569 2765 611 2806 οἳ
622 2765 786 2806 ἔσεσθαι
805 2766 844 2804 R
859 2767 889 2806 S
902 2767 940 2806 V
1032 2767 1104 2808 alt.
1120 2770 1198 2819 τὴν
1213 2782 1296 2810 om.
1317 2769 1357 2808 R
1372 2769 1404 2808 S
1417 2769 1455 2808 V
1567 2782 1620 2807 20
1641 2767 1744 2820 [τῶν
1756 2796 1766 2806 .
1784 2798 1793 2806 .
1810 2798 1820 2807 .

154 2818 488 2872 συλλεγομένων]
513 2819 675 2859 Reiske
789 2834 842 2860 22
873 2820 1041 2874 ὑστέρωι
1063 2823 1097 2862 C
1212 2826 1253 2865 ἐς
1273 2825 1351 2874 τὴν
1372 2823 1408 2863 C
1520 2837 1572 2874 24
1603 2821 1824 2864 Ἐπιάλτεα

150 2871 191 2911 Α
203 2872 239 2912 Β
254 2873 288 2913 C
302 2873 338 2913 P
502 2887 552 2924 27
582 2874 708 2928 λόγος
729 2875 950 2929 λεγόμενος
973 2876 1014 2916 R
1029 2877 1060 2917 S
1074 2877 1112 2916 V
