2138 3360
758 101 1132 170 ΙΣΤΟΡΙΩΝ
1195 122 1235 170 Ζ
1806 129 1820 140 ·
1869 124 2008 186 VL3

161 252 503 320 ἐβουλεύσατο
564 252 802 305 Φοίνικας
866 254 958 318 μὲν
1023 249 1370 319 ἐξαναστήσας
1434 254 1489 305 ἐν
1547 259 1607 325 τῇ
1666 251 1831 325 Ἰωνίῃ

161 339 454 396 κατοικίσαι,
494 336 673 391 Ἴωνας
717 340 771 389 δὲ
820 338 874 389 ἐν
922 344 983 410 τῇ
1031 339 1256 410 Φοινίκῃ,
1310 339 1388 390 καὶ
1434 337 1620 390 τούτων
1669 339 1831 390 εἵνεκα

130 462 140 474 .
161 423 478 475 ἐπιστείλειε.
536 420 680 474 οὐδέν
701 443 748 473 τι
767 420 964 475 πάντως
984 426 1136 473 ταῦτα
1154 422 1402 488 βασιλέος
1421 421 1831 487 βουλευσαμένου

161 506 417 573 ἐδειμάτου
462 505 578 560 τοὺς
611 505 805 560 Ἴωνας.
894 507 1020 571 μετὰ
1065 509 1118 558 δὲ
1160 507 1186 556 6
1224 505 1458 559 Ἱστιαῖος
1503 506 1566 558 δι’
1611 506 1830 574 ἀγγέλου
1866 516 1899 563 4

111 620 134 662 5
160 591 452 665 ποιεύμενος
480 590 761 658 Ἑρμίππου
798 590 975 658 ἀνδρὸς
1006 590 1336 658 Ἀταρνείτεω
1372 596 1507 643 τοῖσι
1539 592 1591 643 ἐν
1622 590 1828 657 Σάρδισι

161 678 300 728 ἐοῦσι
351 673 595 743 Περσέων
646 674 836 741 ἔπεμπε
885 675 1085 742 βυβλία
1137 676 1201 729 ὡς
1254 659 2138 764 προλελφχηνευμένωνπᾶωαδζ

159 760 288 831 αὐτῷ
341 759 655 814 ἀποστάσιος
701 759 828 827 πέρι.
918 761 944 810 6
990 762 1044 812 δὲ
1078 758 1368 827 ’Ἕρμιππος
1413 760 1534 827 πρὸς
1578 759 1691 813 τοὺς
1735 763 1827 825 μὲν
1934 805 1955 827 ,

159 843 480 913 ἀπεπέμφθη,
521 844 579 895 οὐ
619 847 760 903 διδοῖ,
801 843 970 912 φέρων
1012 846 1066 897 δὲ
1107 845 1383 913 ἐνεχείρισε
1424 846 1485 896 τὰ
1524 845 1720 910 βυβλία
1759 850 1826 913 τῷ

138 928 506 998 ,Ἀρταφρένεὶζ
597 930 623 980 ὁ
654 931 708 981 δὲ
735 929 909 995 μαθὼν
939 927 1070 982 ἅπαν
1106 929 1164 980 τὸ
1206 929 1468 996 γινόμενον
1509 928 1706 981 ἐκέλευε,
1741 932 1827 980 τὸν
1864 947 1890 979 2

85 1004 442 1082 ιο“Ερμιππον
473 1015 534 1065 τὰ
562 1015 657 1080 μὲν
687 1015 821 1081 παρὰ
858 1018 945 1065 τοῦ
973 1012 1214 1066 Ἱστιαίου
1245 1017 1412 1065 δοῦναι
1444 1012 1662 1081 φέροντα
1693 1015 1831 1065 τοῖσί

158 1121 251 1167 περ
292 1100 464 1166 ἔφερε,
502 1100 564 1150 τὰ
604 1100 658 1151 δὲ
699 1095 944 1165 ἀμοιβαῖα
983 1100 1043 1150 τὰ
1083 1100 1215 1166 παρὰ
1258 1102 1355 1150 τῶν
1402 1097 1642 1165 Περσέων
1689 1098 1822 1150 ἀντι-

158 1184 452 1250 πεμπόμενα
481 1182 700 1253 Ἱστιαίῳ
746 1185 909 1252 ἑωυτῷ
954 1186 1138 1235 δοῦναι.
1231 1182 1418 1235 τούτων
1457 1185 1510 1234 δὲ
1544 1181 1824 1249 γενομένων

159 1272 392 1335 φανερῶν
412 1266 670 1321 ἀπέκτεινε
691 1269 903 1320 ἐνθαῦτα
922 1266 1143 1321 πολλοὺς
1165 1266 1445 1335 Περσέωνὸ
1463 1265 1824 1334 Ἀρταφρένης.

157 1352 270 1419 περὶ
306 1350 486 1419 Σάρδις
528 1355 621 1418 μὲν
665 1351 724 1416 δὴ
771 1353 963 1420 ἐγίνετο
1007 1349 1218 1420 ταραχή,
1263 1349 1504 1403 Ἱστιαῖον
1549 1353 1602 1403 δὲ
1645 1350 1824 1415 ταύτης
1860 1365 1892 1414 5

84 1463 131 1506 ¹5
159 1435 529 1505 ἀποσφαλέντα
557 1439 644 1501 τῆς
673 1437 875 1490 ἐλπίδος
907 1440 1024 1488 Χῖοι
1062 1439 1276 1507 κατ-ᾓγον
1309 1437 1359 1490 ἐς
1397 1436 1644 1500 Μίλητον,
1676 1434 1824 1486 αὐτοῦ
1837 1426 2138 1526 wc

158 1520 395 1574 Ἱστιαίου
419 1519 693 1586 δεηθέντος.
761 1522 814 1573 οἱ
833 1523 886 1573 δὲ
908 1519 1158 1585 Μιλήσιοι
1179 1519 1390 1587 ἄσμενοι
1413 1518 1825 1588 ἀπαλλαχθέντες
2074 1510 2083 1517 ’

161 1605 239 1658 καὶ
270 1605 639 1673 Ἀρισταγόρεω
675 1605 899 1672 οὐδαμῶς
934 1605 1177 1672 πρόθυμοι
1216 1603 1347 1670 ἦσαν
1386 1604 1546 1656 ἄλλον
1585 1604 1823 1671 τύραννον

158 1689 391 1743 δέκεσθαι
421 1692 472 1744 ἐς
501 1688 592 1755 τὴν
621 1690 808 1759 χώρην,
841 1688 920 1742 οἶά
950 1711 1003 1742 τε
1035 1689 1317 1757 ἐλευθερίης
1348 1687 1663 1756 γευσάμενοι.
1744 1688 1824 1740 καὶ
1861 1709 1887 1741 2

158 1774 216 1840 δὴ
258 1774 430 1828 νυκτὸς
466 1776 561 1843 γὰρ
599 1774 779 1840 ἐούσης
815 1775 906 1847 βίῃ
945 1775 1176 1842 ἐπειρᾶτο
1217 1774 1397 1827 κατιὼν
1437 1774 1463 1824 6
1501 1772 1734 1826 Ἱστιαῖος
1773 1775 1824 1826 ἐς

83 1885 134 1915 20
156 1858 247 1925 τὴν
272 1861 521 1926 Μίλητον,
545 1859 869 1927 τιτρώσκεται
898 1858 985 1912 τὸν
1005 1858 1162 1926 μηρὸν
1186 1859 1284 1911 ὑπό
1305 1879 1389 1911 τευ
1413 1863 1511 1910 τῶν
1536 1858 1836 1922 Μιλησίων..

159 1945 185 1994 ὁ
214 1946 306 2010 μὲν
338 1943 395 2009 δὴ
429 1943 494 1999 ὣς
525 1943 759 1999 ἀπωστὸς
788 1946 876 2009 τῆς
905 1946 1088 1996 ἑωυτοῦ
1117 1944 1324 2011 γίνεται,
1351 1941 1638 1995 ἀπικνέεται
1661 1942 1837 1993 ὀπίσω

158 2027 209 2083 ἔς
245 2028 335 2093 τὴν
374 2028 514 2080 Χίον·
561 2029 788 2081 ἐνθεῦτεν
823 2027 893 2088 δέ,
927 2028 984 2080 οὐ
1018 2029 1114 2096 γὰρ
1149 2026 1316 2080 ἔπειθε
1351 2027 1464 2081 τοὺς
1504 2027 1658 2080 Χίους
1693 2026 1825 2077 ὥστε

158 2103 322 2183 ἑωυτῷ
354 2116 522 2165 δοῦναι
550 2110 682 2172 νέας,
709 2111 854 2179 διέβη
879 2114 931 2167 ἐς
956 2110 1248 2178 Μυτιλήνην
1274 2112 1352 2163 καὶ
1375 2111 1547 2164 ἔπεισε
1569 2111 1825 2175 Λεσβίους

158 2199 332 2250 δοῦναί
357 2199 403 2250 οἱ
433 2195 565 2252 νέας.
655 2199 702 2250 οἱ
732 2199 785 2250 δὲ
814 2197 1174 2265 πληρώσαντες
1209 2197 1336 2248 ὀκτὼ
1376 2194 1602 2264 τριήρεας
1643 2194 1824 2247 ἔπλεον
1862 2212 1887 2256 3

85 2306 132 2348 25
158 2281 259 2348 ἅμα
287 2281 508 2352 Ἱστιαίῳ
540 2283 592 2336 ἐς
630 2280 917 2346 Βυζάντιον,
951 2283 1163 2334 ἐνθαῦτα
1199 2283 1251 2333 δὲ
1284 2281 1500 2346 ἱζόμενοι
1534 2281 1623 2334 τὰς
1654 2280 1708 2330 ἐκ
1738 2282 1824 2329 τοῦ

159 2367 357 2419 Πόντου
381 2365 692 2420 ἐκπλεούσας
714 2370 814 2419 τῶν
836 2371 962 2436 νεῶν
985 2364 1294 2432 ἐλάμβανον,
1320 2364 1452 2430 πλὴν
1475 2359 1505 2430 ἢ
1530 2364 1643 2416 ὅσοι
1663 2362 1824 2415 αὐτῶν

156 2449 377 2521 Ἱστιαίῳ
409 2451 611 2518 ἔφασαν
642 2450 829 2516 ἕτοιμοι
859 2450 986 2503 εἶναι
1016 2451 1294 2502 πείθεσθαι.

212 2601 238 2627 2
267 2591 319 2643 τῇ
339 2601 422 2629 om.
450 2587 488 2627 R
504 2587 585 2627 SV
696 2587 816 2630 ἕνεκα
836 2587 869 2627 Ρ
883 2588 974 2627 RV
1120 2599 1146 2637 3
1175 2586 1271 2629 οὐδέ
1288 2587 1322 2627 C
1337 2586 1370 2626 P
1515 2599 1541 2636 4
1561 2585 1768 2636 ’Ἕλληνας
1789 2585 1823 2625 C

157 2655 183 2693 5
222 2643 442 2698 ἀταρνίτεω
467 2642 555 2682 ΑΒ
570 2642 632 2682 C:
672 2643 914 2697 ἀρτανείτεω
943 2642 982 2680 R
997 2641 1027 2681 S
1041 2642 1080 2681 V
1243 2644 1270 2681 6
1309 2641 1457 2690 βιβλία
1483 2640 1516 2680 Ρ
1534 2641 1571 2680 R
1588 2640 1670 2680 SV
1691 2641 1752 2690 (it.
1775 2640 1823 2692 8)

158 2697 351 2748 -νευμένω
374 2697 414 2737 R
429 2697 460 2738 S
472 2697 512 2737 V
642 2709 664 2746 7
695 2698 762 2739 οὓς
784 2696 825 2736 Α
838 2697 873 2737 Β
889 2696 922 2736 C
1055 2698 1082 2736 8
1110 2701 1168 2750 τῷ
1189 2710 1270 2736 om.
1292 2697 1331 2735 A
1346 2696 1380 2735 B
1396 2696 1431 2735 C
1446 2695 1480 2735 P
1606 2708 1635 2746 9
1665 2693 1822 2748 -φρένηι

157 2750 198 2790 Α
212 2752 247 2792 Β
262 2751 297 2791 C
418 2755 498 2794 πᾶν
516 2751 557 2790 Α
569 2751 605 2790 Β
619 2751 653 2791 C
805 2763 853 2791 12
882 2754 990 2804 αὐτῷ
1012 2750 1064 2790 C1
1220 2764 1268 2802 14
1300 2749 1593 2803 ἀποσφαλέντα
1611 2749 1764 2799 ταύτης
1783 2751 1822 2788 Α

162 2818 211 2857 15
241 2807 480 2860 κατήγαγον
501 2807 540 2846 R
555 2806 637 2846 SV
825 2808 874 2846 18
903 2823 950 2847 τε
972 2819 1051 2847 om.
1074 2805 1113 2845 A
1128 2806 1163 2845 B
1179 2806 1212 2846 C
1226 2806 1260 2845 P
1442 2818 1491 2846 21
1525 2805 1716 2853 ἇπωστὴς
1740 2804 1770 2843 S
1786 2804 1823 2842 V

160 2864 205 2903 ἐκ
233 2865 307 2911 τῆς
338 2862 424 2902 PR
440 2861 470 2900 S
486 2862 524 2896 V
727 2874 781 2911 23
820 2869 967 2903 Μιτυλ.
1003 2861 1037 2900 C
1054 2861 1085 2899 P
1100 2861 1140 2901 R
1156 2861 1186 2902 S
1201 2861 1237 2900 V
1267 2861 1336 2912 (it.
1368 2860 1497 2912 insta)
1664 2861 1720 2897 26
1758 2862 1821 2899 ἐκ·

159 2915 374 2958 πΧωούσ-ας
396 2916 430 2955 Ρ
443 2916 483 2954 R
498 2916 528 2956 S
539 2917 581 2962 ,V
729 2917 827 2957 ὅσον
846 2916 908 2958 V:
940 2916 1032 2957 ὅσαι
1054 2916 1085 2955 S
1225 2918 1345 2957 αὐτῶι
1366 2915 1406 2953 Α
1419 2914 1453 2953 Β
1472 2928 1483 2954 2
1512 2914 1666 2956 αὐτέων
1687 2913 1726 2952 R
1743 2913 1772 2952 S
1788 2913 1823 2951 V

160 2983 210 3022 27
241 2971 450 3014 πείσεσθαι
471 2970 513 3010 Α
527 2970 561 3010 Β
576 2971 610 3010 C

1609 3051 1658 3091 5*
