2132 3340
59 87 273 158 v11j141
726 81 730 85 ⁴
849 152 871 161 ..
930 97 1364 148 ΗΡοΔοΤοΎ

245 248 272 292 3
395 226 452 279 οὐ
480 227 683 280 δύναται
715 229 928 282 Παλλὰς
961 228 1048 280 Δί’
1080 228 1360 295 Ὀλύμπιον
1391 228 1743 295 ἐξιλάσασθαι,

392 311 674 378 λισσομένη
706 317 948 364 πολλοῖσι
976 314 1149 417 λόγοις
1181 314 1260 365 καὶ
1289 313 1455 380 μήτιδι
1486 316 1659 386 πυκνῇ.

393 397 475 448 σοὶ
507 398 559 448 δὲ
588 396 689 447 τόδ’
720 418 857 450 αυτις
886 396 1005 451 ἔπος
1035 397 1172 465 ἐρέω,
1208 398 1525 470 ἀδάμαντι
1478 398 1759 453 πελάσσας·
1791 416 1851 445 ⁶⁴·
1869 408 2002 466 hm
2026 419 2100 448 Μ

1898 462 2132 511 «olm

0 547 202 608 ’Q
391 563 531 618 ἐντὸς
563 565 669 633 ἔχει
701 567 921 642 κευθμών
952 588 1005 618 τε
1039 570 1344 634 Κιθαιρῶνος
1378 566 1585 631 ζαθέοιο,
1995 595 2018 635 5

389 485 488 531 τῶν
518 479 691 532 ἄλλων
720 482 813 549 γὰρ
846 481 1252 548 ἁλισκομένων“
1223 505 1323 534 οσα
1354 482 1608 551 Κέκροπος
1638 505 1780 551 ουρος

387 653 554 717 τεῖχος
583 653 875 717 Τριτογενεῖ
902 649 1105 715 ξύλινον
1136 655 1266 703 διδοῖ
1292 651 1504 718 εὐρύοπα
1536 651 1660 705 Ζεὺς

386 738 568 798 μοῦνον
599 734 878 801 ἀπόρθητον
907 734 1145 795 τελέθειν,
1179 735 1235 787 τὸ
1266 738 1327 788 σὲ
1357 735 1506 788 τέκνα
1535 735 1578 787 τ’
1601 734 1788 801 ὀνήσει.

239 838 267 880 4
386 820 510 882 μηδὲ
541 818 606 868 σύ
635 818 681 884 γ’
714 819 994 884 ἱπποσύνην
1023 841 1078 871 τε
1107 819 1274 885 μένειν
1306 820 1384 871 καὶ
1414 819 1563 884 πεζὸν
1595 821 1734 872 ἰόντα
1853 886 1855 889 y

385 901 578 953 πολλὸν
608 901 692 954 ἀπ’
717 903 918 970 ἠπείρου
949 903 1164 971 στρατὸν
1194 903 1400 972 ἥσυχος,
1434 903 1549 955 ἀλλ’
1571 905 1851 974 ὑποχωρεῖν

384 990 542 1037 νῶτον
574 986 900 1055 ἐπιστρέψας·
948 988 1020 1039 ἔτι
1050 990 1131 1040 τοί
1157 1010 1278 1040 ποτε
1309 982 1504 1042 κάντίος
1535 989 1681 1060 ἔσσῃ.
1994 1014 2044 1042 10

381 1067 419 1121 ὦ
452 1071 555 1135 θείη
587 1073 826 1136 Σαλαμίς,
861 1072 1066 1126 ἀπολεῖς
1096 1074 1149 1124 δὲ
1180 1073 1243 1124 σὺ
1273 1071 1422 1124 τέκνα
1451 1078 1696 1139 γυναικῶν

381 1154 412 1219 ἤ
443 1176 538 1207 που
572 1155 902 1221 σκιδναμένης
935 1153 1285 1226 Δημήτεροςῆ
1318 1157 1603 1223 συνιούσης.

169 1279 258 1326 142
377 1260 549 1313 Ταῦτά
580 1267 677 1328 σφι
700 1261 948 1328 ἠπιώτερα
971 1264 1066 1330 γὰρ
1090 1267 1186 1314 τῶν
1210 1262 1463 1331 προτέρων
1489 1262 1566 1315 καὶ
1597 1261 1657 1327 ἦν
1688 1263 1766 1315 καὶ
1796 1264 1961 1317 ἐδόκεε

295 1344 437 1404 εῖναι,
464 1345 883 1413 συγγραψάμενοι
913 1346 1311 1399 ἀπαλλάσσοντο
1335 1349 1386 1401 ἐς
1410 1349 1498 1401 τὰς
1522 1346 1750 1411 Ἀθήνας.
1819 1348 1883 1402 ὡς
1907 1351 1961 1401 δὲ

29 1486 43 1498 .
169 1486 192 1498 ν
293 1429 597 1484 ἀπελθόντες
628 1433 674 1482 οἱ
706 1431 976 1498 θεοπρόποι
1008 1431 1334 1499 ἀπήγγελλον
1367 1433 1418 1485 ἐς
1448 1431 1534 1483 τὸν
1565 1434 1734 1497 δῆμον,
1767 1437 1960 1499 γνῶμαι
1990 1455 2002 1483 ι
2012 1456 2035 1496 5

0 1497 228 1586 w
293 1514 371 1565 καὶ
402 1513 555 1566 ἄλλαι
584 1516 772 1568 πολλαὶ
810 1516 1035 1582 ἐγίνοντο
1073 1515 1342 1585 διζημένων
1372 1515 1430 1567 τὸ
1465 1514 1704 1581 μαντήιον
1737 1517 1816 1568 καὶ
1853 1518 1958 1570 αἵδε

0 1589 128 1663 pou
290 1604 642 1666 συνεστηκυῖαι
664 1599 903 1665 μάλιστα·
947 1606 1045 1652 τῶν
1070 1598 1424 1668 πρεσβυτέρων
1449 1601 1627 1668 ἔλεγον
1649 1598 1958 1668 μετεξέτεροι

288 1680 477 1735 δοκέειν
508 1685 663 1751 σφίσι
693 1683 778 1735 τὸν
810 1684 923 1736 θεὸν
954 1684 1043 1749 τὴν
1081 1686 1351 1752 ἀκρόπολιν
1387 1688 1577 1754 χρῆσαι
1612 1683 1954 1752 περιέσεσθαι·

0 1763 189 1818 ›Gon-d*
284 1766 314 1831 ἡ
346 1768 440 1834 γὰρ
470 1768 740 1835 ἀκρόπολις
770 1767 825 1819 τὸ
857 1768 1013 1820 πάλαι
1043 1774 1140 1820 τῶν
1172 1768 1450 1834 Ἀθηναίων
1476 1770 1616 1839 ῥηχῷ
1653 1767 1954 1842 ἐπέφρακτο.

223 1870 247 1901 2
286 1853 332 1902 οἱ
354 1853 447 1916 μὲν
471 1852 529 1917 δὴ
550 1848 691 1919 [κατὰ
714 1852 800 1903 τὸν
824 1850 1074 1919 φραγμὸν]
1100 1852 1483 1919 συνεβάλλοντο
1507 1858 1650 1904 τοῦτο
1673 1854 1729 1905 τὸ
1753 1853 1954 1918 ξύλινον
1982 1876 2032 1904 20

284 1939 453 2004 τεῖχος
489 1937 629 1996 εῖναι,
662 1939 708 1988 οἱ
744 1936 785 1987 δ’
817 1937 877 1988 αὗ
913 1937 1091 2004 ἔλεγον
1123 1939 1211 1991 τὰς
1247 1934 1361 1990 νέας
1400 1938 1661 2003 σημαίνειν
1697 1938 1784 1990 τὸν
1820 1939 1949 1998 θεόν,

287 2019 367 2071 καὶ
410 2021 589 2074 ταύτας
634 2018 1000 2088 παραρτέεσθαι
1045 2019 1275 2074 ἐκέλευον
1314 2022 1480 2073 τᾶλλα
1524 2019 1752 2075 ἀπέντας.
1840 2022 1953 2076 τοὺς

285 2102 354 2156 ὧν
384 2104 443 2169 δὴ
475 2107 562 2157 τὰς
598 2103 711 2158 νέας
736 2099 990 2172 ’λέγοντας
1027 2106 1152 2158 εῖναι
1188 2110 1244 2156 τὸ
1282 2104 1485 2170 ξύλινον
1515 2111 1681 2173 τεῖχος
1717 2103 2132 2181 ἔσᾴἕιλλεῂοιμη

285 2190 346 2240 τὰ
377 2190 463 2240 δύο
494 2191 554 2239 τὰ
585 2194 842 2241 τελευταῖα
870 2187 1083 2256 ῥηθέντα
1113 2189 1210 2242 ὑπὸ
1240 2193 1326 2254 τῆς
1357 2191 1582 2254 Πυθίης,“

367 2292 404 2345 ὦ
430 2296 533 2358 θείη
567 2297 803 2360 Σαλαμίς,
832 2296 1037 2349 ἀπολεῖς
1068 2298 1121 2347 δὲ
1153 2296 1217 2347 σὺ
1248 2294 1395 2347 τέκνα
1425 2301 1668 2362 γυναικῶν
1976 2318 2024 2358 25

366 2377 398 2442 ἦ
429 2399 523 2430 που
554 2378 883 2444 σκιδναμένης
917 2378 1206 2447 Δημήτερος
1236 2375 1266 2443 ἢ
1299 2380 1585 2444 συνιούσης.
2045 2386 2047 2389 ’

219 2500 245 2543 3
284 2485 405 2534 κατὰ
445 2488 599 2534 ταῦτα
639 2486 700 2534 τὰ
741 2484 862 2536 ἔπεα
904 2484 1206 2552 συνεχέοντο
1247 2487 1296 2536 αἱ
1338 2490 1530 2551 γνῶμαι
1568 2490 1666 2536 τῶν
1708 2483 1946 2552 φαμένων

336 2632 361 2657 2
392 2621 588 2671 λισομένη
609 2621 643 2660 C
795 2634 820 2671 3
850 2620 1113 2663 πελιιίσοιςᾘ1
1130 2621 1212 2660 SV
1360 2633 1385 2671 5
1415 2626 1569 2671 κεθμῶν
1594 2621 1632 2660 R
1754 2640 1802 2663 τε
1822 2624 1887 2664 καὶ
1910 2623 1944 2662 C

281 2675 307 2711 8
337 2675 563 2724 ἱπποσύνην
580 2705 588 2714 .
612 2706 621 2716 .
642 2707 651 2716 .
670 2676 762 2717 ἀλλ’
785 2689 867 2715 om.
893 2676 931 2713 R
1109 2689 1136 2725 9
1165 2678 1380 2727 ἷποχωρεῒν
1405 2676 1444 2715 R
1634 2689 1683 2715 10
1713 2677 1830 2718 νότον
1854 2677 1892 2716 R
1907 2678 1945 2717 V

282 2730 323 2769 οἵ
342 2729 461 2768 Stein
557 2747 652 2771 κοτε
677 2731 715 2768 R
733 2731 814 2770 SV
914 2730 1042 2781 ἔση<ι)
1069 2730 1175 2771 CV:
1208 2731 1323 2771 ἔσται
1347 2730 1530 2770 Oenom.
1667 2744 1716 2780 14
1746 2733 1944 2781 ἆπηΐεσαν

283 2786 325 2823 ἐς
345 2782 511 2832 Ἀθήνας
534 2784 573 2822 R
588 2786 618 2824 S
632 2786 669 2823 V
796 2797 844 2834 15
875 2785 1145 2838 ἀπήγγελλον
1165 2798 1247 2824 om.
1273 2785 1308 2823 C
1371 2790 1374 2793 '
1432 2786 1482 2823 16
1509 2787 1660 2826 πολλαὶ
1681 2787 1745 2826 καὶ
1767 2787 1888 2828 ἄλλαι
1910 2786 1945 2825 Ρ

280 2837 465 2889 γίνονται
487 2838 526 2876 Α
541 2840 574 2877 Β
589 2841 623 2879 C
736 2841 800 2881 καὶ
824 2852 905 2879 om.
929 2840 963 2878 C
1075 2841 1116 2881 αἱ
1134 2839 1179 2880 δὲ
1198 2839 1238 2877 Α
1252 2839 1287 2878 Β
1303 2839 1337 2878 C
1487 2841 1535 2878 18
1560 2857 1606 2880 τε
1629 2839 1783 2880 δοκέειν
1802 2839 1843 2878 Α
1856 2840 1892 2879 Β
1907 2840 1941 2880 C

282 2892 399 2943 σφίσι
434 2893 555 2932 Stein
573 2908 581 2932 ε
626 2903 699 2947 σφι
739 2894 772 2932 L
952 2907 1003 2945 19
1042 2893 1242 2943 Ἀθηνέων
1276 2893 1478 2932 Schaeser
1642 2907 1696 2933 20
1730 2896 1834 2935 κατὰ
1868 2896 1941 2936 τὸν

281 2948 468 2998 φραγμὸν
487 2948 569 2988 del.
597 2949 810 2999 Gomperz
922 2948 1201 2995 συνεβάλοντο
1223 2948 1256 2987 C
1282 2948 1402 3000 (ξυν.)
1430 2948 1520 2987 RV
1674 2962 1726 2987 22
1756 2950 1808 2991 τὰ
1830 2950 1940 2991 ἄλλα

279 3001 318 3041 Α
332 3000 366 3040 Β
381 3001 415 3040 C
430 3001 464 3039 P
574 3002 749 3057 ἀφέντας
771 3002 810 3042 Α
825 3002 858 3041 Β
873 3003 906 3040 C
923 3002 971 3043 Ρ1
1139 3016 1191 3054 23
1220 3003 1275 3043 ὧν
1294 3016 1374 3042 om.
1403 3003 1436 3043 C
