2034 3328
701 109 1082 158 ΙΣΤΟΡΙΩΝ
1147 107 1185 157 Ε

113 239 255 302 νέων,
278 239 444 306 ἐπειδὴ
461 241 490 292 ὅ
512 262 568 294 τε
587 239 977 308 Ἀναξανδρίδης
1003 239 1221 294 ἀπέθανε
1248 240 1326 292 καὶ
1352 242 1398 292 οἱ
1419 233 1801 304 Λακεδαιμόνιοι

114 325 386 396 χρεώμενοι
425 331 494 396 τῷ
539 326 673 396 νόμῳ
722 324 1007 390 ἐστήσαντο
1052 324 1279 391 βασιλέα
1319 324 1407 376 τὸν
1448 323 1801 391 πρεσβύτατον

117 409 420 476 Κλεομένεα,
458 411 486 461 ὁ
522 410 743 477 Δωριεὺς
783 410 945 462 δεινόν
983 432 1038 462 τε
1075 410 1365 475 ποιεύμενος
1408 409 1488 461 καὶ
1524 407 1611 460 οὐκ
1649 406 1800 472 ἀξιῶν

113 494 208 548 ὑπὸ
230 493 542 561 Κλεομένεος
563 495 953 562 βασιλεύεσθαι,
983 492 1195 559 αἰτήσας
1217 494 1348 547 λεὼν
1371 490 1684 560 Σπαρτιήτας
1708 491 1798 560 ἥγε

65 606 87 646 5
115 581 165 635 ἐς
196 580 441 645 ἀποικίην,
469 580 581 632 οὔτε
603 585 671 650 τῷ
707 581 762 632 ἐν
789 584 1050 646 Δελφοῖσι
1079 579 1367 649 χρηστηρίῳ
1399 576 1716 646 χρησάμενος
1748 579 1799 631 ἐς

112 664 288 730 ἥντινα
318 666 412 732 γῆν
444 666 628 717 κτίσων
660 666 724 737 ἴῃ,
759 664 870 716 οὔτε
901 662 1120 728 ποιήσας
1150 664 1294 716 οὐδὲν
1316 668 1415 715 τῶν
1446 661 1795 728 νομιζομένων.

113 749 194 801 οἵα
222 751 277 802 δὲ
308 746 503 821 βαέως
527 747 712 828 φέρων,
749 750 885 802 ἀπίει
915 750 967 803 ἐς
997 748 1088 813 τὴν
1111 749 1310 814 Λιβύην
1340 749 1401 799 τὰ
1431 751 1598 800 πλοῖα·
1648 767 1793 811 κατη-

113 832 290 902 γέοντο
309 831 365 885 δέ
386 835 433 886 οἱ
456 832 630 901 ἄνδρες
652 838 884 901 Θηραῖοι.
949 833 1248 898 ἀπικόμενος
1271 835 1325 885 δὲ
1349 834 1400 886 ἐς
1420 831 1616 884 Κίνυπα
1635 833 1796 883 οἴκισε

113 923 280 987 χῶρον
304 917 581 970 κάλλιστον
606 923 705 970 τῶν
728 918 936 984 Λιβύων
959 919 1092 986 παρὰ
1113 918 1353 983 ποταμόν.
1421 915 1711 981 ἐξελασθεὶς
1743 919 1796 968 δὲ

41 1024 90 1054 ιο
113 1005 340 1056 ἐνθεῦτεν
363 1003 509 1073 τρίτῳ
542 1002 643 1055 ἔτεϊ
671 1004 766 1055 ὑπὸ
791 1001 1010 1055 Μακέων
1032 1024 1086 1054 τε
1109 998 1229 1069 [καὶ]
1255 1001 1462 1067 Λιβύων
1488 1001 1566 1053 καὶ
1592 1004 1791 1067 Καρχη-

113 1088 290 1140 δονίων
315 1088 518 1140 ἀπίκετο
542 1088 593 1141 ἐς
619 1088 1036 1152 Πελοπόννησον.
1110 1089 1321 1139 ἐνθαῦτα
1343 1085 1398 1138 δέ
1426 1087 1473 1138 οἱ
1496 1083 1794 1152 Ἀντιχάρης

114 1171 238 1240 ἀνὴρ
260 1171 529 1225 Ἐλεώνιος
561 1172 940 1237 συνεβούλευσε
970 1174 1026 1224 ἐκ
1056 1176 1154 1224 τῶν
1185 1170 1340 1223 Λαΐου
1369 1175 1615 1239 χρησμῶν
1636 1169 1791 1236 (Ηρα-

116 1255 286 1322 κλείην
309 1255 398 1320 τὴν
425 1258 479 1308 ἐν
502 1256 707 1328 Σικελίῃ
733 1257 927 1321 κτίζειν,
954 1258 1056 1324 φὰς
1084 1255 1174 1320 τὴν
1188 1254 1402 1323 ’Έρυκος
1431 1255 1600 1323 χώρην
1625 1257 1794 1306 πᾶσαν

116 1339 242 1393 εἶναι
293 1338 665 1407 Ἡρακλειδέων
717 1340 868 1392 αὐτοῦ
916 1339 1198 1408 Ἡρακλέος
1249 1339 1574 1406 κτησαμένου.
1664 1340 1690 1389 ὁ
1742 1342 1795 1391 δὲ

42 1443 90 1487 15
116 1424 334 1478 ἀκούσας
380 1429 535 1477 ταῦτα
586 1426 637 1480 ἐς
686 1425 925 1492 Δελφοὺς
973 1427 1139 1494 οἴχετο
1186 1425 1500 1494 χρησόμενος
1552 1429 1617 1494 τῷ
1670 1445 1791 1492 χρη-

118 1510 320 1579 στηρίῳ,
362 1511 405 1562 εἰ
440 1507 595 1577 αἱρέει
632 1508 710 1562 ἐπ’
746 1508 808 1573 ἣν
845 1509 1113 1562 στέλλεται
1153 1510 1338 1578 χώρην·
1383 1509 1413 1574 ἡ
1454 1511 1508 1560 δὲ
1547 1509 1710 1572 Πυθίη
1748 1510 1796 1560 οἱ

117 1601 217 1665 χρᾷ
245 1591 486 1661 αἱρήσειν.
575 1596 889 1661 παραλαβὼν
921 1597 974 1647 δὲ
1010 1595 1231 1662 Δωριεὺς
1259 1594 1348 1646 τὸν
1379 1594 1566 1645 στόλον
1596 1592 1683 1645 τὸν
1716 1594 1795 1645 καὶ

119 1679 170 1732 ἐς
200 1677 397 1744 Λιβύην
427 1677 518 1746 ἥγε
547 1680 803 1744 ἐκομίζετο
834 1681 966 1745 παρὰ
994 1678 1086 1743 τὴν
1108 1678 1345 1743 Ἰταλίην.
1413 1678 1499 1730 τὸν
1530 1678 1712 1747 χρόνον
1743 1680 1795 1729 δὲ

117 1766 306 1822 τοῦτον,
341 1762 407 1816 ὡς
440 1761 651 1830 λέγουσι
682 1767 976 1831 Συβαρῖται,
1013 1763 1178 1831 σφέας
1214 1785 1268 1815 τε
1304 1762 1480 1816 αὐτοὺς
1516 1762 1595 1814 καὶ
1624 1766 1798 1828 Τῆλυν

42 1869 94 1899 20
117 1846 205 1900 τὸν
248 1850 441 1900 ἑωυτῶν
485 1846 712 1913 βασιλέα
757 1849 841 1900 ἐπὶ
886 1849 1126 1914 Κρότωνα
1167 1847 1376 1914 μέλλειν
1416 1846 1794 1914 στρατεύεσθαι,

117 1930 231 1986 τοὺς
263 1934 316 1984 δὲ
340 1930 684 1998 Κροτωνιήτας
709 1931 964 1999 περιδεέας
988 1932 1286 1999 γενομένους
1315 1936 1550 1998 δεηθῆναι
1575 1930 1796 1997 Δωριέος

119 2017 275 2083 σφίσι
309 2019 586 2084 τιμωρῆσαι
624 2016 705 2068 καὶ
739 2022 913 2086 τυχεῖν
950 2015 1230 2082 δεηθέντας·
1278 2016 1710 2084 συστρατεύεσθαί
1739 2037 1794 2067 τε

119 2098 176 2164 δὴ
210 2101 291 2153 ἐπὶ
322 2099 544 2168 Σύβαριν
577 2100 774 2168 Δωριέα
814 2101 893 2153 καὶ
925 2107 1156 2154 συνελεῖν
1187 2101 1277 2166 τὴν
1309 2102 1550 2169 Σύβαριν.
1639 2105 1793 2152 ταῦτα

117 2183 210 2250 μέν
241 2206 327 2237 νυν
352 2188 625 2253 Συβαρῖται
653 2184 864 2254 λέγουσι
896 2189 1105 2251 ποιῆσαι
1131 2185 1328 2253 Δώριέα
1357 2207 1411 2237 τε
1443 2186 1521 2238 καὶ
1543 2185 1658 2238 τοὺς
1686 2183 1793 2249 μετ’

49 2291 97 2331 25
119 2268 284 2328 αὐτοῦ,
313 2272 650 2336 Κροτωνιῆται
674 2273 727 2323 δὲ
750 2269 925 2322 οὐδένα
950 2272 1108 2338 σφίσι
1132 2270 1263 2339 φασὶ
1291 2269 1458 2336 ξεῖνον
1480 2271 1787 2336 προσῗεπιλα-

115 2351 302 2418 βέσθαι
342 2358 429 2405 τοῦ
474 2353 596 2421 πρὸς
639 2356 921 2421 Συβαρίτας
963 2354 1186 2421 πολέμου
1230 2357 1274 2407 εἰ
1318 2354 1383 2420 μὴ
1423 2356 1654 2418 Καλλίην
1694 2358 1793 2405 τῶν

118 2435 374 2503 Ἰαμιδέων
402 2433 579 2504 μάντιν
609 2437 817 2491 Ἠλεῖον
845 2443 1043 2505 μοῦνον,
1082 2440 1162 2492 καὶ
1198 2444 1374 2492 τοῦτον
1403 2430 1569 2508 τρόπῳ
1599 2442 1788 2508 τοιῷδε·

119 2523 250 2589 παρὰ
271 2521 467 2589 Τήλυος
488 2526 575 2574 τοῦ
597 2521 918 2590 Συβαριτέων
940 2523 1178 2591 τυράννου
1212 2522 1495 2590 ἀποδράντα
1524 2522 1791 2576 ἀπικέσθαι

173 2672 198 2700 2
228 2663 447 2715 χρεώμενοι
470 2673 551 2701 om.
579 2660 713 2701 SVU
894 2675 919 2712 3
950 2662 993 2704 τί
1016 2663 1077 2702 C:
1109 2680 1171 2704 τοι
1195 2664 1226 2703 S
1395 2676 1420 2712 4
1451 2664 1555 2712 ληδν
1576 2661 1791 2702 ABCP:

118 2716 220 2757 λαὸν
241 2715 377 2756 SVU
492 2718 567 2768 ἄγε
589 2716 623 2755 C
640 2716 674 2755 P
824 2719 852 2755 6
881 2721 940 2766 εἵη
963 2718 1045 2757 SV
1194 2731 1216 2768 7
1248 2718 1290 2759 δὲ
1315 2719 1345 2758 S
1368 2718 1487 2758 solus
1598 2718 1729 2766 ἀπήιει
1755 2717 1790 2756 C

119 2770 146 2809 8
175 2775 347 2820 Θηβαῖοι
370 2770 555 2811 PSVU
652 2773 730 2820 τὴν
751 2771 905 2812 Κίνυπα
926 2772 1059 2812 SVU
1160 2776 1298 2821 οἵκησε
1322 2773 1356 2812 C
1373 2774 1406 2812 P
1532 2787 1558 2824 9
1589 2774 1789 2825 ἐξελαθεὶς

119 2824 258 2864 ABC
345 2848 347 2850 >
447 2839 496 2865 10
525 2828 588 2867 καὶ
611 2826 693 2865 del.
719 2824 911 2865 Niebuhr
1042 2834 1176 2878 Καλχ.
1204 2828 1287 2867 SV
1347 2830 1349 2832 ’
1472 2842 1519 2867 12
1551 2828 1789 2882 Ἡράκλειαν

119 2879 206 2918 ΑΒ
223 2881 257 2919 C
483 2894 530 2931 13
561 2881 782 2932 Σικελίαξι)
805 2881 839 2919 L
980 2881 1162 2933 χρήιζειν
1184 2882 1218 2922 C
1445 2887 1493 2922 16
1523 2882 1631 2937 αἱρέῃ
1654 2882 1787 2921 Cobet

121 2947 170 2972 21
203 2935 435 2987 ρ>θνομένους
458 2936 492 2974 C
606 2936 783 2989 Δωριέως
807 2935 844 2974 Α
860 2936 893 2975 Β
910 2936 994 2976 CV
1011 2937 1048 2976 U
1207 2950 1260 2988 23
1291 2939 1382 2980 καὶ.
1404 2969 1413 2978 .
1436 2969 1445 2978 .
1469 2937 1623 2991 Δωριέα
1645 2951 1726 2977 om.
1753 2937 1786 2975 C

122 3001 172 3037 27
205 2989 374 3039 ἀμιδέων
397 2989 476 3030 SV
492 2989 529 3030 U

1840 107 1899 159 V.
1916 120 1986 170 42

1799 715 2034 770 υὺζμωι

1823 767 2034 895 gur-dyo·

1833 1103 1901 1150 43

1834 1695 1901 1743 44
