2132 3340
63 103 177 156 VII.
209 115 278 164 43

211 411 279 460 44

215 1004 282 1052 45

941 72 1369 154 HPOAOTOT

318 235 397 286 καὶ
429 234 705 303 Δάρδανον,
741 237 772 301 ἥ
801 258 893 304 περ
922 236 981 301 δὴ
1012 236 1211 307 Ἀβύδῳ
1253 233 1460 304 ὅμουρός
1499 238 1627 298 ἐστι,
1661 239 1716 291 ἐν
1758 239 1891 314 δεξιῇ
1925 244 1978 294 δὲ

317 318 558 386 Γέργιθας
586 322 849 388 Τευκρούς.
868 316 887 349 Ὗ
1974 323 1978 326 ⁴

401 404 545 456 Ἐπεὶ
581 405 621 455 δ’
661 405 892 472 ἐγένοντο
934 406 988 458 ἐν
1029 406 1249 477 Ἀβύδῳ,
1289 407 1511 473 ἠθέλησε
1557 408 1745 477 Ξέρξης
1786 409 1982 462 ἰδέσθαι

317 487 479 540 πάντα
523 489 608 541 τὸν
655 492 885 557 στρατόν.
974 492 1052 543 καὶ
1098 495 1462 558 προεπεποίητο
1503 496 1596 560 γὰρ
1633 494 1715 545 ἐπὶ
1761 499 1980 546 κολωνοῦ

317 572 544 636 ἐπίτηδες
574 574 701 644 αὐτῷ
734 576 883 647 ταύτῃ
926 575 1193 644 προεξέδρη
1234 578 1378 628 λίθου
1418 583 1595 629 λευκοῦ
1631 575 1894 642 (ἐποίησαν
1926 581 1978 630 δὲ
2003 600 2026 640 5

318 657 590 722 Ἀβυδηνοὶ
634 658 984 724 ἐντειλαμένου
1029 662 1268 728 πρότερον
1318 658 1598 727 βασιλέος),
1650 662 1862 713 ἐνθαῦτα
1914 663 1980 716 ὡς

318 742 462 805 ἵζετο,
513 749 730 810 κατορῶν
774 744 858 795 ἐπὶ
893 747 980 808 τῆς
1021 745 1186 808 ἠιόνος
1230 745 1424 810 ἐθηεῖτο
1462 746 1668 798 καὶτὸν
1704 747 1854 810 πεζὸν
1901 747 1978 798 καὶ

317 828 405 879 τὰς
437 826 565 886 νέας,
600 828 864 893 θηεύμενος
896 831 948 880 δὲ
980 828 1150 896 ἱμέρθη
1182 835 1280 880 τῶν
1311 835 1433 881 νεῶν
1464 829 1683 895 ἅμιλλαν
1713 830 1979 898 γινομένην

319 910 527 962 ἰδέσθαι.
617 911 725 964 ε’πεὶ
757 915 808 964 δὲ
839 911 1041 979 ἐγένετό
1068 935 1122 964 τε
1156 913 1234 964 καὶ
1265 914 1439 965 ἐνίκων
1476 915 1702 968 Φοίνικες
1733 915 1976 975 Σιδώνιοι,

320 995 447 1059 ἥσθη
480 997 538 1067 τῇ
570 1018 624 1047 τε
654 998 840 1068 ἁμίλλῃ
873 998 951 1048 καὶ
982 998 1041 1070 τῇ
1071 999 1292 1069 στρατιῇ.
1383 999 1448 1051 ὡς
1482 1002 1534 1050 δὲ
1566 999 1667 1066 ὥρα
1698 998 1858 1051 πάντα
1884 1002 1978 1065 μὲν
2007 1020 2055 1050 ιο

318 1078 404 1130 τὸν
448 1079 835 1144 Ἑλλήσποντον
879 1080 975 1133 ὑπὸ
1017 1087 1115 1134 τῶν
1155 1087 1279 1134 νεῶν
1319 1082 1766 1149 ἀποκεκρυμμένον,
1811 1082 1990 1136 πάσας-

319 1166 371 1215 δὲ
404 1166 491 1217 τὰς
528 1165 676 1218 ἀκτὰς
718 1165 796 1217 καὶ
827 1168 887 1216 τὰ
924 1165 1215 1231 Ἀβυδηνῶν
1256 1168 1400 1218 πεδία
1439 1166 1651 1219 ἐπίπλεα
1689 1168 1975 1234 ἀνθρώπων,

319 1247 532 1299 ἐνθαῦτα
551 1250 577 1299 6
599 1248 792 1316 Ξέρξης
817 1249 998 1302 ἑωυτὸν
1021 1249 1308 1318 ἐμακάρισε,
1329 1253 1453 1316 μετὰ
1477 1254 1529 1303 δὲ
1551 1256 1695 1302 τοῦτο
1719 1251 1975 1319 ἐδάκρυσε.
2007 1243 2014 1254 x

318 1333 488 1398 μαθὼν
530 1333 583 1384 δέ
613 1355 698 1399 μιν
727 1333 1039 1401 Ἀρτάβανος
1069 1335 1096 1385 6
1125 1334 1334 1401 πάτρως,
1369 1334 1421 1389 ὃς
1451 1334 1508 1386 τὸ
1543 1341 1738 1402 πρῶτον
1777 1336 1980 1403 γνώμην

321 1416 593 1481 ἀπεδέξατο
625 1417 897 1485 ἐλευθέρως
929 1419 986 1469 οὐ
1015 1420 1376 1484 συμβουλεύων
1415 1418 1578 1491 Ξέρξῃ
1607 1414 1980 1486 ιστρατεύεσθαι
2005 1440 2052 1480 15

320 1500 403 1552 ἐπὶ
433 1501 521 1566 τὴν
551 1501 794 1561 Ἑλλάδα,
828 1503 970 1556 οὗτος
1001 1502 1130 1569 ὡνὴρ
1162 1504 1408 1569 φρασθεὶς
1440 1502 1635 1571 Ξέρξην
1665 1505 1978 1571 δακρύσαντα

321 1587 478 1652 εἴρετο
510 1586 641 1637 τάδε·
679 1586 753 1637 ςΩ
783 1592 1018 1652 βασιλεῦ,
1054 1587 1118 1641 ὣς
1147 1587 1339 1639 πολλὸν
1364 1586 1610 1652 ἆλλήλωντ
1633 1588 1979 1656 κεχωρισμένα

320 1668 540 1736 ἐργάσαο
564 1676 650 1722 νῦν
672 1693 726 1722 τε
751 1673 828 1722 καὶ
859 1672 1012 1740 ὀλίγῳ
1037 1672 1293 1737 πρότερον·
1337 1673 1616 1738 μακαρίσας
1642 1674 1734 1738 γὰρ
1757 1672 1978 1724 σεωυτὸν

321 1754 557 1820 δακρύεις.
648 1756 673 1804 ὁ
714 1758 767 1806 δὲ
814 1754 936 1807 εἶπε·
982 1755 1205 1819 Ἐσῆλθε
1240 1755 1337 1822 γάρ
1374 1778 1435 1821 με
1476 1755 1818 1822 λογισάμενον
1862 1778 1973 1807 κατ-

321 1843 530 1904 οικτῖραι
561 1840 625 1891 ὡς
655 1839 851 1907 βραχὺς
883 1841 954 1903 εἴη
994 1840 1020 1888 6
1059 1843 1154 1892 πᾶς
1195 1841 1500 1906 ἀνθρώπινος
1546 1842 1677 1904 βίος,
1718 1843 1760 1891 εἰ
1790 1841 1977 1891 τούτων
2005 1859 2055 1886 20

320 1943 379 1988 γε
419 1923 604 1973 ἐόντων
642 1923 894 1974 τοσούτων
940 1922 1096 1975 οὐδεὶς
1141 1922 1193 1976 ἐς
1233 1923 1504 1974 ἑκατοστὸν
1549 1924 1655 1976 ἔτος
1700 1923 1993 1997 περιέσται..

320 2006 347 2055 6
377 2009 430 2057 δὲ
461 2007 698 2071 ἀμείβετο
727 2006 906 2073 λέγων·
945 2005 1132 2073 ἽΕτερα
1160 2007 1334 2059 τούτου
1364 2007 1760 2076 παριών-,ζόην
1792 1998 2132 2070 πεπόν-ννιίᾒ

320 2093 475 2154 θαμεν
506 2091 804 2156 οἰκτρότερα.
893 2090 949 2141 ἐν
980 2093 1074 2157 γὰρ
1105 2092 1230 2141 οὕτω
1270 2090 1456 2158 βραχέϊ
1497 2092 1594 2160 βίῳ
1635 2091 1793 2144 οὐδεὶς
1824 2092 1976 2145 οὕτως
2006 2156 2010 2160 Α

318 2173 575 2239 ἄνθρωπος
626 2174 720 2226 ἐὼν
771 2175 1013 2239 εὐδαίμων
1064 2173 1271 2240 πέφυκε,
1317 2175 1427 2246 οὔτε
1478 2177 1665 2227 τούτων
1716 2177 1829 2227 οὔτε
1878 2181 1976 2227 τῶν

318 2257 506 2316 ἄλλων,
537 2260 604 2328 τῷ
627 2259 684 2310 οὐ
714 2257 1090 2325 παραστήσεται
1121 2257 1365 2311 πολλάκις
1397 2258 1475 2310 καὶ
1505 2259 1609 2310 οὐκὶ
1639 2258 1775 2324 ἅπαξ
1800 2258 1973 2311 τεθνά-
2002 2278 2050 2318 25

318 2362 399 2392 ναι
427 2342 705 2406 βούλεσθαι
735 2346 930 2407 μᾶλλον
961 2338 990 2406 ἢ
1026 2342 1179 2405 ζώειν.
1266 2344 1321 2394 αἵ
1348 2364 1399 2393 τε
1423 2344 1517 2409 γὰρ
1542 2343 1795 2410 συμφοραὶ
1818 2364 1972 2409 προσ-

317 2426 589 2477 πίπτουσαι
621 2427 700 2477 καὶ
730 2429 780 2478 αἱ
811 2418 982 2478 νοῦσοι
1014 2425 1455 2493 συνταράσσουσαι
1487 2426 1564 2477 καὶ
1600 2426 1797 2495 βραχὺν
1828 2426 1976 2478 ε’όντα

372 2577 396 2600 2
438 2563 622 2617 Γέργιθάς
658 2582 705 2604 τε
742 2566 803 2605 καὶ
836 2564 1029 2616 Τευκρούς
1066 2565 1099 2603 Ρ
1124 2564 1163 2602 R
1189 2565 1218 2603 S
1240 2563 1279 2603 V
1433 2608 1439 2615 ,
1496 2577 1521 2613 3
1563 2563 1727 2615 ἐγένετο
1762 2563 1802 2601 Α
1824 2563 1859 2602 Β
1882 2563 1916 2602 C
1941 2563 1990 2617 P

317 2617 476 2669 Ἀβύδῳ
500 2620 538 2657 R
556 2618 636 2658 SV
658 2619 774 2658 Stob.
799 2620 887 2658 flor.
912 2622 980 2668 98,
1003 2632 1082 2669 73:
1112 2620 1269 2670 Ἀβύδῳ
1288 2617 1393 2672 μέσῃ
1416 2618 1503 2656 ΑΒ
1521 2618 1553 2656 C
1570 2619 1602 2657 P
1797 2630 1822 2667 5
1852 2621 1975 2658 αὐτοῦ

317 2671 509 2711 Abresch
637 2674 770 2727 ἐξέδρη
796 2674 833 2711 R
849 2674 930 2713 SV
1022 2702 1029 2713 ι
1054 2673 1096 2714 δὲ
1120 2676 1184 2714 καὶ
1211 2672 1248 2710 R
1267 2673 1297 2712 S
1311 2674 1348 2711 V
1539 2674 1565 2710 8
1591 2671 1816 2725 γενομένην
1838 2673 1876 2710 R
1894 2673 1975 2711 SV

316 2740 343 2776 9
371 2727 540 2769 Σιδόνιοι
564 2727 602 2764 R
787 2742 836 2766 10
865 2731 916 2782 τῇ
938 2745 984 2768 τε
1010 2729 1308 2767 Hervverden:
1337 2745 1383 2768 τε
1404 2731 1457 2782 τῇ
1482 2728 1515 2766 L
1684 2740 1729 2776 14
1761 2726 1908 2779 πάτρος
1933 2726 1972 2764 R
2021 2747 2027 2752 -

322 2793 370 2829 15
402 2782 629 2834 ἐλευθερίως
654 2782 692 2819 R
709 2783 740 2821 S
754 2783 792 2820 V
905 2783 955 2820 16
984 2779 1081 2836 ἆνὴρ
1097 2783 1128 2821 S
1143 2783 1178 2821 V
1288 2779 1432 2835 Ξέρξεα
1448 2782 1481 2820 Ρ
1496 2782 1534 2819 R
1553 2782 1583 2820 S
1596 2781 1635 2819 V
1749 2793 1795 2829 17
1817 2781 1921 2821 πολὺ
1939 2781 1972 2818 L

322 2837 370 2873 18
401 2838 550 2877 ἑωυτὸν
570 2836 619 2874 C¹
647 2837 764 2876 Stob.
791 2833 879 2876 ssor.
911 2850 998 2882 121,
1026 2851 1080 2885 40
1239 2850 1288 2886 19
1318 2840 1583 2888 κατοικτεῖραι
1609 2836 1640 2873 L
1787 2849 1839 2872 22
1870 2834 1973 2884 ζώην

319 2890 357 2928 R
375 2889 455 2929 SV
620 2904 672 2940 23
703 2891 914 2943 οἶκτότερα
937 2893 970 2930 R
990 2892 1069 2930 SV
1179 2892 1312 2943 βραχὺ
1336 2892 1373 2929 R
1534 2901 1584 2938 25
1615 2890 1720 2940 οὐκὶ]
1744 2893 1813 2929 οὐκ
1838 2889 1875 2927 R
1891 2889 1973 2927 SV

317 2947 370 2982 26
401 2944 504 2994 ζόειν
526 2946 558 2983 C
581 2960 588 2983 :
621 2944 691 2994 ζῆν
716 2946 748 2983 Ρ
764 2946 800 2984 R
816 2946 897 2985 SV
1075 2960 1125 2995 27
1159 2946 1507 2999 συνταράσσουσαι
1533 2946 1586 2985 S:
1619 2944 1831 2997 -ρπίσσουσι
1856 2943 1970 2983 RV:

318 2999 554 3052 -ράττουσαι
579 3000 667 3040 rell.
