2112 3328
114 115 177 169 V.
203 132 295 167 120

213 431 292 467 121

0 498 176 541 ’Μ’ωςᾴ
197 490 288 528 «αι.

7 549 143 589 aiam
152 548 223 585 ῑῑν

203 1101 290 1137 122

203 1864 290 1911 123

207 2197 292 2245 ¹24

964 113 1395 161 ΗΡΟΔΟΤΟΤ

331 247 537 297 ἐπιοῦσί
573 266 627 297 τε
671 249 804 296 τοῖσι
848 243 1083 316 Πέρσῃσι
1129 242 1487 310 συμβάλλουσι
1533 244 1611 296 καὶ
1654 243 1997 312 μαχεσάμενοι

331 329 411 381 ἐπὶ
442 327 597 381 πλέον
620 324 649 392 ἢ
675 329 914 395 πρότερον
940 328 1261 392 ἑσσώθησαν·
1309 328 1571 380 πεσόντων
1593 330 1647 380 δὲ
1675 333 1774 380 τῶν
1796 328 1997 383 πάντων

330 418 536 465 πολλῶν
570 412 792 477 μάλιστα
825 411 1075 477 Μιλήσιοι
1111 410 1424 479 ἐπλήγησαν.
1511 414 1635 478 μετὰ
1671 415 1725 465 δὲ
1758 417 1904 465 τοῦτο
1940 414 2014 482 τρἶ

329 501 497 565 τρῶμα
527 495 781 562 ἀνέλαβόν
811 517 865 548 τε
897 495 976 547 καὶ
1008 495 1385 564 ἀνεμαχέσαντο
1416 499 1463 548 οἱ
1487 499 1660 563 Κᾶρες.
1728 497 1996 562 πυθόμενοι
2059 527 2062 530 ·

330 583 424 648 γὰρ
470 580 534 633 ὡς
579 580 941 647 στρατεύεσθαι
986 579 1220 647 ὁρμέαται
1264 582 1310 632 οἱ
1358 579 1555 647 Πέρσαι
1599 580 1681 632 ἐπὶ
1720 583 1808 634 τὰς
1848 582 1996 636 πόλις

331 663 520 731 σφέων,
554 665 812 732 ἐλόχησαν
843 664 932 728 τὴν
971 665 1024 716 ἐν
1057 662 1278 734 Πηδάσῳ
1315 664 1446 722 ὁδόν,
1480 665 1530 718 ἐς
1565 663 1656 728 τὴν
1693 666 1996 730 ἐμπεσόντες

331 751 377 800 οἱ
408 748 607 815 Πέρσαι
642 748 815 801 νυκτὸς
853 747 1198 815 διεφθάρησαν
1235 749 1314 800 καὶ
1351 747 1488 800 αὐτοὶ
1529 747 1606 807 καὶ
1642 751 1689 800 οἱ
1727 751 1995 818 στρατηγοὶ

330 833 506 891 αὐτῶν,
542 834 796 899 Δαυρίσης
836 833 912 883 καὶ
943 832 1192 899 Ἀμόργης
1232 832 1308 883 καὶ
1346 831 1636 898 Σισιμάκης·
1684 832 1777 884 σὺν
1808 833 1862 884 δέ
1897 841 1995 901 σφι

330 917 546 969 ἀπέθανε
571 917 648 968 καὶ
674 917 882 984 Μύρσος
913 918 939 966 ὁ
964 916 1149 983 Γύγεω.
1218 920 1304 968 τοῦ
1334 918 1385 985 δξ
1416 917 1575 984 λόχου
1597 917 1772 969 τούτου
1796 917 1995 984 ἡγεμὼν

329 1000 388 1065 ἦν
409 1000 740 1067 εΗρακλείδης
764 1001 1095 1066 Ἰβανώλλιος
1125 1000 1248 1067 ἀνὴρ
1275 1001 1562 1054 Μυλασεύς.
1629 1000 1763 1052 οὗτοι
1791 1000 1884 1066 μέν
1907 1023 1994 1054 νυν

329 1090 427 1137 τῶν
461 1084 701 1152 Περσέων
731 1086 856 1136 οὕτω
887 1084 1246 1152 διεφθάρησαν,
1280 1083 1486 1150 (Ὑμαίης
1516 1086 1570 1136 δὲ
1602 1084 1686 1136 ’καὶ
1722 1084 1866 1139 αὐτὸς
1897 1086 1993 1138 ἐὼν

329 1174 425 1220 τῶν
457 1168 822 1233 ἐπιδιωξάντων
852 1169 966 1222 τοὺς
1003 1170 1054 1222 ἐς
1090 1168 1267 1235 Σάρδις
1306 1168 1763 1236 στρατευσαμένους
1792 1168 1988 1228 Ἰώνων,

328 1254 636 1319 τραπόμενος
688 1255 737 1305 ἐς
787 1252 878 1317 τὴν
927 1253 1246 1320 Προποντίδα
1299 1253 1402 1305 εἷλε
1456 1254 1578 1304 Κίον
1629 1251 1719 1316 τὴν
1770 1254 1989 1318 Μυσίην.

328 1338 509 1402 ταύτην
546 1340 598 1389 δὲ
636 1336 837 1401 ἐξελών,
878 1336 941 1389 ὡς
981 1335 1189 1387 ἐπύθετο
1225 1335 1311 1388 τὸν
1340 1335 1729 1401 Ἑλλήσποντον
1765 1338 1987 1389 ἐκλελοι-

330 1421 476 1473 πέναι
518 1422 775 1487 Δαυρίσην
817 1422 895 1472 καὶ
937 1420 1296 1486 στρατεύεσθαι
1338 1421 1418 1472 ἐπὶ
1462 1422 1662 1487 Καρίης,
1705 1422 1992 1473 καταλιπὼν

328 1505 418 1569 τὴν
461 1505 779 1572 Προποντίδα
819 1505 899 1556 ἐπὶ
940 1503 1027 1555 τὸν
1067 1502 1452 1569 Ἑλλήσποντον
1492 1502 1583 1571 ἦγε
1626 1503 1712 1556 τὸν
1758 1505 1989 1571 στρατόν,

331 1591 409 1641 καὶ
435 1591 538 1641 ε’ἷλε
567 1592 657 1654 μὲν
683 1587 894 1642 Αἰολέας
917 1587 1106 1641 πάντας
1138 1589 1251 1639 ὅσοι
1282 1587 1371 1652 τὴν
1395 1587 1584 1650 Ἰλιάδα
1616 1587 1862 1653 νέμονται,
1888 1589 1993 1640 εἷλε

330 1676 383 1725 δὲ
432 1673 671 1740 Γέργιθας
722 1673 834 1725 τοὺς
883 1671 1279 1738 ὑπολειφθέντας
1333 1677 1430 1723 τῶν
1477 1672 1695 1739 ἀρχαίων
1743 1675 1989 1738 Τευκρῶν.

332 1758 474 1811 αὐτός
504 1779 557 1809 τε
587 1757 794 1823 Ὓμαίης
830 1756 1008 1824 αἱρέων
1039 1761 1191 1808 ταῦτα
1226 1758 1286 1807 τὰ
1325 1757 1469 1808 ἔθνεα
1507 1753 1670 1825 νοῦσῳ
1701 1762 1907 1826 τελευτᾷ
1938 1758 1992 1808 ἐν

329 1849 389 1914 τῇ
416 1841 630 1911 Τρῳάδι.
719 1841 858 1895 οὗτος
893 1843 985 1907 μὲν
1019 1840 1077 1905 δὴ
1115 1840 1269 1894 οὕτως
1309 1839 1619 1905 ἐτελεύτησε,
1651 1838 1993 1907 Ἀρταφρένης

329 1928 382 1977 δὲ
431 1927 457 1976 ὁ
502 1927 724 1992 Σαρδίων
770 1926 993 1993 ὕπαρχος
1042 1925 1120 1976 καὶ
1169 1923 1385 1989 Ὀτάνης
1433 1925 1460 1974 ὁ
1506 1924 1667 1991 τρίτος
1713 1928 1991 1991 στρατηγὸς

329 2009 617 2078 ἐτάχθησαν
649 2010 729 2061 ἐπὶ
761 2009 851 2074 τὴν
874 2009 1066 2074 Ἰωνίην
1099 2009 1177 2061 καὶ
1207 2008 1297 2073 τὴν
1319 2006 1575 2076 προσεχέα
1598 2009 1807 2060 Αἰολίδα
1837 2028 1988 2075 στρα-

329 2094 576 2146 τεύεσθαι.
663 2093 852 2158 Ἰωνίης
887 2092 979 2159 μέν
1015 2114 1101 2146 νυν
1140 2093 1461 2158 Κλαζομενὰς
1497 2090 1733 2159 αἱρέουσι,
1768 2091 1991 2144 Αἰολέων

331 2180 382 2229 δὲ
409 2179 596 2243 Κύμην.
671 2176 1016 2243 ἁλισκομένων
1037 2179 1091 2229 δὲ
1120 2181 1218 2230 τῶν
1241 2177 1448 2240 πολίων,
1473 2174 1533 2240 ἣν
1554 2174 1664 2243 γάρ,
1691 2176 1756 2230 ὡς
1785 2172 1987 2239 διέδεξε,

331 2261 692 2329 Ἀρισταγόρης
740 2263 766 2311 ὁ
815 2260 1070 2326 Μιλήσιος
1112 2260 1287 2328 ψυχὴν
1334 2261 1420 2311 οὐκ
1469 2259 1630 2333 ἄκρος,
1677 2259 1730 2314 ὃς
1776 2259 1991 2326 ταράξας

387 2410 411 2435 2
441 2400 570 2438 πλεῦν
592 2396 672 2436 SV
688 2397 725 2436 U
860 2402 943 2439 τῶν
962 2396 1124 2438 πάντων
1144 2410 1223 2436 om.
1251 2396 1284 2434 P
1298 2396 1377 2435 SV
1393 2397 1430 2434 U
1623 2409 1648 2446 3
1679 2395 1871 2446 Μιλήσιοι
1891 2396 1986 2447 μάλ.

333 2452 443 2491 SV:
473 2452 686 2501 Μιλησίων
704 2451 798 2503 μάλ.
826 2452 911 2490 PU
1133 2465 1157 2501 4
1189 2451 1444 2502 ἐμαχέσαντο
1467 2449 1598 2489 SVU
1792 2462 1817 2500 5
1846 2451 1990 2492 πόλιας

331 2507 369 2544 V
384 2506 422 2544 U
442 2522 450 2545 :
481 2506 631 2548 πόλεας
654 2506 683 2544 S
705 2522 713 2546 ε
743 2506 883 2547 πόλεις
905 2506 938 2544 C
1065 2507 1091 2543 6
1122 2509 1165 2546 ἐν
1185 2506 1356 2557 Πηδάσῳ
1379 2506 1433 2546 Η.
1460 2506 1728 2555 Stephanus:
1759 2508 1802 2546 ἐν
1820 2504 1989 2546 πιδάσωι

332 2561 370 2598 Α
387 2561 449 2600 B:
482 2561 701 2611 ἐμπιδάσωι
724 2561 756 2599 C
775 2590 784 2599 .
826 2563 889 2601 ἐπὶ
920 2560 1043 2601 δάσωι
1077 2559 1131 2600 P:
1174 2562 1237 2602 ἐπὶ
1268 2563 1458 2601 λασοῖσιν
1480 2560 1613 2598 SVU
1635 2574 1644 2599 ε
1675 2560 1737 2600 ἐπὶ
1759 2559 1989 2601 Μυλάσοισι

331 2615 582 2664 wesseling
721 2615 966 2656 ἐσπεσόντες
988 2614 1027 2652 U
1260 2617 1286 2653 8
1316 2614 1470 2655 αὐτέων
1491 2615 1571 2653 SV
1587 2614 1625 2652 U
1666 2611 1676 2621 ⁶
1761 2622 1876 2667 Λαυρ.
1900 2613 1990 2652 ΑΒ

335 2669 394 2721 (it.
429 2670 496 2720 15)
610 2669 808 2723 Ἀρμόγης
830 2670 910 2708 SV
927 2670 963 2707 U
1090 2675 1231 2719 Σισαμ.
1259 2670 1319 2708 P:
1350 2669 1603 2722 Σισαμᾶγκης
1630 2669 1692 2709 U:
1722 2669 1991 2721 Συσαμοίγκης

334 2724 364 2761 S
380 2724 416 2762 V
541 2738 568 2774 9
596 2724 742 2764 τούτου
762 2724 803 2764 δὲ
825 2727 897 2764 τοῦ
917 2723 1050 2775 λόχου
1072 2724 1152 2763 SV
1167 2725 1205 2762 U
1322 2737 1370 2761 10
1392 2725 1650 2770 Ἰβαλλώνιος
1668 2724 1700 2761 C
1718 2742 1726 2764 :
1759 2725 1991 2771 Ἰβανώλιος

336 2778 390 2815 P:
424 2779 686 2825 εἷβανωλαιος
709 2779 841 2818 SVU
957 2778 1201 2819 Μυλασσεύς
1224 2778 1257 2816 L
1391 2790 1437 2815 12
1469 2781 1511 2818 ἐν
1533 2778 1613 2817 SV
1722 2777 1841 2831 Σάρδι
1863 2777 1894 2816 S
1909 2777 1988 2828 [V]

339 2845 384 2880 17
418 2832 560 2873 ἑλιάδα
582 2833 662 2871 SV
822 2834 870 2871 18
901 2831 1221 2885 ἀπολειφθέντας
1244 2832 1375 2871 SVU
1547 2845 1596 2881 19
1625 2831 1689 2883 τε]
1713 2831 1786 2881 μὲν
1807 2831 1934 2870 PSV
1952 2830 1990 2869 U

335 2885 580 2935 ἐτελεύτησε
604 2887 685 2926 SV
700 2887 737 2925 U
961 2900 1012 2924 22
1044 2886 1277 2938 ἐτάχθησαν
1298 2899 1377 2924 om.
1405 2886 1486 2926 SV
1501 2886 1539 2923 U
1745 2898 1796 2934 24
1827 2885 1990 2927 ἁλισκο-

333 2940 484 2991 μενέων
507 2941 547 2979 Α
563 2941 596 2979 Β
614 2942 646 2978 C

2021 1019 2070 1048 10

2019 1443 2065 1484 15

2017 1859 2069 1886 20
