2132 3340
767 109 1140 159 ΙΣΤΟΡΙΩΝ
1201 111 1241 161 Ζ

170 242 479 306 συμβαλεῖν.
546 239 600 293 ἐν
631 236 668 311 ᾧ
697 235 765 293 ὦν
788 240 1062 308 Κορινθίων
1088 240 1285 295 ἐδέοντο
1315 246 1504 312 χρῆσαι
1528 245 1683 312 σφίσι
1706 243 1836 306 νέας,

179 325 234 376 ἐν
253 323 410 397 τούτῳ
442 323 684 392 διεφθάρη
708 326 769 376 τὰ
798 323 1077 393 πρήγματα.
1144 329 1190 379 οἱ
1222 330 1273 380 δὲ
1297 329 1563 394 Κορίνθιοι,
1590 327 1722 394 ἦσαν
1744 329 1840 398 γάρ

176 414 276 476 σφι
314 412 491 461 τοῦτον
529 409 616 461 τὸν
654 410 838 478 χρόνον
875 411 1019 477 φίλοι
1059 411 1110 465 ἐς
1150 413 1211 462 τὰ
1248 411 1488 477 μάλιστα,
1527 412 1836 478 Ἀθηναίοισι

175 495 367 546 διδοῦσι
412 492 691 560 δεομένοισι
731 495 891 547 εἴκοσι
933 494 1063 554 νέας,
1106 498 1297 550 διδοῦσι
1340 499 1392 550 δὲ
1432 497 1836 567 πενταδράχμους

62 592 74 598 “
126 602 150 643 5
174 577 489 643 ἀποδόμενοι·
521 579 731 643 δωτίνην
749 580 844 646 γὰρ
863 580 916 631 ἐν
935 583 1001 648 τῷ
1022 580 1153 650 νόμῳ
1173 580 1260 631 οὐκ
1280 578 1396 646 ἐξῆν
1415 585 1595 634 δοῦναι.
1658 584 1836 638 ταύτας

171 682 227 714 τε
258 661 315 727 δὴ
339 662 589 728 λαβόντες
613 664 658 715 οἱ
682 661 936 728 Ἀθηναῖοι
967 663 1046 715 καὶ
1069 665 1158 717 τὰς
1189 663 1457 731 σφετέρας,
1479 666 1836 732 πληρώσαντες

173 744 520 813 ἐβδομήκοντα
553 746 668 801 νέας
696 749 785 801 τᾶς
822 746 1038 807 ἁπάσας,
1072 746 1253 800 ἔπλεον
1282 749 1364 801 ἐπὶ
1393 747 1483 813 τὴν
1513 750 1724 816 Αἴγιναν
1755 752 1835 803 καὶ

170 829 458 900 ὑστέρησαν
487 830 645 903 ἡμέρῃ
674 838 763 905 μιῇ
791 834 878 896 τῆς
909 830 1251 899 συγκειμένης.
1327 833 1638 899 Νικόδρομος
1666 833 1737 893 δέ,
1770 835 1835 889 ὡς

171 916 220 968 οἱ
248 914 505 981 Ἀθηναῖοι
535 917 586 970 ἐς
615 914 703 968 τὸν
734 919 902 982 καιρὸν
932 914 989 967 οὐ
1017 917 1361 983 παρεγίνοντο,
1388 917 1439 970 ἐς
1460 921 1640 970 πλοῖον
1671 919 1835 986 ἐσβὰς

101 1022 151 1053 10
171 997 479 1068 ἐκδιδρήσκει
521 1001 576 1052 ἐκ
615 1002 702 1065 τῆς
743 1000 965 1067 Αἰγίνης·
1013 999 1108 1052 σὺν
1147 999 1202 1052 δέ
1239 1002 1286 1053 οἱ
1328 1000 1406 1052 καὶ
1446 999 1595 1053 ἄλλοι
1639 1003 1692 1054 ἐκ
1735 1006 1835 1054 τῶν

172 1083 477 1151 Αἰγινητέων
497 1084 732 1143 ἕσποντο,
753 1088 890 1136 τοῖσι
907 1082 1164 1149 Ἀθηναῖοι
1182 1084 1391 1138 Σούνιον
1408 1086 1608 1150 οἰκῆσαι
1630 1084 1831 1141 ἔδοσαν.

171 1169 399 1222 ἐνθεῦτεν
429 1171 484 1221 δὲ
514 1168 650 1220 οὗτοι
679 1167 956 1235 ὁρμώμενοι
985 1166 1171 1235 ἔφερόν
1198 1188 1254 1220 τε
1286 1169 1365 1220 καὶ
1395 1167 1519 1235 ἦγον
1547 1167 1661 1223 τοὺς
1691 1171 1747 1222 ἐν
1775 1177 1836 1243 τῇ

169 1251 308 1323 νήσῳ
332 1250 615 1321 Αἰγινήτας.
689 1256 844 1304 ταῦτα
863 1253 957 1317 μὲν
980 1250 1038 1316 δὴ
1060 1251 1272 1319 ὕστερον
1295 1253 1504 1320 ἐγίνετο,
1530 1251 1835 1319 Αἰγινητέων

168 1339 222 1389 δὲ
257 1339 305 1390 οἱ
334 1335 521 1406 παχέες
558 1334 931 1390 ἐπαναστάντος
967 1342 1065 1404 σφι
1100 1340 1186 1388 τοῦ
1219 1334 1374 1402 δήμου
1409 1335 1509 1402 ἅμα
1538 1337 1834 1408 Νικοδρόμῳ

95 1441 143 1485 15
169 1419 529 1489 ἐπεκράτησαν,
567 1422 647 1474 καὶ
683 1419 850 1474 ἔπειτέ
874 1426 1050 1493 ,σφεας
1084 1420 1450 1489 χειρωσάμενοι
1491 1418 1672 1489 ἐξῆγον
1707 1422 1830 1475 ἀπο-

165 1505 383 1562 λέοντες.
450 1507 548 1560 ἀπὸ
570 1506 820 1559 τούτουδὲ
844 1506 924 1559 καὶ
947 1504 1070 1572 ἄγος
1089 1511 1188 1572 σφι
1206 1504 1422 1573 ἐγένετο,
1443 1504 1501 1558 τὸ
1522 1506 1832 1559 ἐκθύσασθαι

166 1591 255 1643 οὐκ
291 1591 392 1644 οἶοί
422 1612 478 1645 τε
514 1589 744 1659 ἐγένοντο
780 1590 1230 1659 ἐπιμηχανώμενοι,
1269 1589 1385 1643 ἀλλ’
1417 1588 1648 1658 ἔφθησαν
1684 1592 1828 1644 ἐκπε-

167 1676 350 1742 σόντες4
381 1676 623 1744 πρότερον
658 1677 714 1727 ἐκ
752 1677 841 1740 τῆς
879 1673 1037 1739 νήσου
1075 1674 1107 1740 ἤ
1148 1680 1248 1742 σφι
1287 1675 1426 1727 ἵλεον
1464 1670 1702 1742 γενέσθαι
1735 1674 1831 1740 ’τὴν

166 1761 298 1815 θεόν.
386 1761 714 1814 ἑπτακοσίους
743 1761 837 1827 γὰρ
868 1758 926 1824 δὴ
958 1763 1044 1811 τοῦ
1080 1757 1232 1824 δήμου
1271 1757 1612 1826 ζωγρήσαντες
1648 1757 1830 1825 ἐξῆγον

91 1865 145 1895 20
167 1844 232 1899 ὡς
261 1844 579 1905 ἀπολέοντες,
613 1846 684 1898 εἷς
719 1842 775 1896 δέ
803 1864 878 1898 τις
907 1843 1093 1895 τούτων
1124 1843 1356 1910 ἐκφυγὼν
1384 1845 1446 1898 τὰ
1482 1844 1642 1908 δεσμὰ
1678 1864 1825 1895 κατα-

167 1929 344 1997 φεύγει
381 1928 504 1996 πρὸς
531 1929 754 1996 πρόθυρα
785 1925 1050 1994 Δήμητρος
1090 1927 1425 1999 θεσμοφόρου,
1458 1927 1827 1992 ἐπιλαβόμενος

0 2006 220 2070 *θυμςδέ
249 2018 348 2066 τῶν
379 2010 771 2080 ἐπισπαστήρων
803 2013 983 2081 εἴχετο.
1063 2013 1110 2063 οἱ
1139 2013 1193 2064 δὲ
1222 2012 1386 2064 ἐπείτε
1412 2031 1499 2077 μιν
1528 2010 1827 2064 ἀποσπάσαι

165 2098 252 2150 οὐκ
292 2098 393 2150 οἷοί
425 2118 481 2150 τε
524 2096 828 2151 ἀπέλκοντες
870 2097 1112 2163 ἐγίνοντο,
1155 2095 1505 2162 ἀποκόψαντες
1548 2094 1695 2146 αὐτοῦ
1738 2097 1827 2149 τὰς

163 2186 336 2250 χεῖρας
377 2181 503 2250 ἦγον
542 2181 685 2242 οὕτω,
727 2183 778 2233 αἱ
822 2185 986 2249 χεῖρες
1029 2182 1082 2232 δὲ
1123 2184 1277 2232 κεῖναι
1322 2181 1650 2247 ἐμπεφυκυῖαι
1694 2177 1826 2243 ἦσαν

91 2286 140 2328 25
163 2271 298 2319 τοῖσι
336 2268 742 2333 ἐπισπαστῆρσι.
828 2268 982 2316 ταῦτα
1037 2263 1129 2330 μέν
1180 2285 1266 2316 νυν
1323 2262 1487 2330 σφέας
1544 2262 1720 2316 αὐτοὺς
1777 2265 1823 2315 οἳ

165 2352 426 2419 Αἰγινῆται
470 2349 765 2418 ἐργάσαντο,
808 2348 1118 2414 Ἀθηναίοισι
1157 2350 1211 2401 δὲ
1250 2348 1427 2412 ἥκουσι
1471 2346 1822 2415 ἐναυμάχησαν

164 2436 311 2501 νηυσὶ
341 2433 701 2503 ἑβδομήκοντα,
728 2432 1039 2488 ἑσσωθέντες
1063 2435 1115 2485 δὲ
1138 2439 1200 2506 τῇ
1222 2432 1468 2504 ναυμαχίῃ
1493 2430 1821 2483 ἐπεκαλέοντο

224 2588 242 2615 1
275 2573 523 2627 συμβαλέειν
545 2573 579 2613 Ρ
593 2572 631 2612 R
647 2573 678 2613 S
690 2573 726 2612 V
839 2572 958 2626 σφίσι
980 2571 1100 2612 Stein
1116 2585 1126 2613 z
1158 2579 1231 2623 σφι
1254 2570 1287 2609 L
1415 2581 1440 2618 5
1470 2570 1618 2622 δωρεὴν
1636 2567 1674 2608 Α
1690 2567 1724 2607 Β
1739 2567 1774 2607 C
1787 2567 1822 2607 P

166 2632 210 2673 ἐν
229 2643 311 2670 om.
338 2629 378 2669 R
393 2630 424 2670 S
437 2629 475 2668 V
602 2632 731 2670 ταῦτα
755 2627 789 2667 C
970 2628 997 2666 8
1027 2626 1241 2677 ὕστέρισαν
1260 2624 1300 2663 Α
1315 2623 1349 2663 Β
1367 2623 1401 2663 C
1417 2623 1457 2662 R
1640 2636 1690 2663 10
1718 2626 1821 2663 ἐκδι·

163 2685 327 2739 δράσκει
350 2685 389 2724 R
404 2684 487 2725 SV
625 2684 690 2725 καὶ
711 2684 748 2723 οἱ
769 2682 808 2722 R
824 2680 905 2721 SV
1035 2683 1080 2722 ἐκ
1101 2693 1182 2720 om.
1207 2679 1240 2719 P
1256 2679 1293 2717 R
1311 2679 1340 2718 S
1354 2679 1391 2717 V
1585 2690 1628 2717 11
1660 2679 1822 2718 εἵποντο

162 2739 203 2780 Α
215 2739 251 2779 Β
265 2740 299 2779 C
313 2739 348 2779 P
469 2738 615 2781 οἰκίσαι
635 2737 675 2776 Α
690 2738 724 2776 Β
741 2738 775 2776 C
901 2749 948 2787 14
978 2739 1050 2778 τοῦ
1070 2736 1194 2786 δήμου
1216 2743 1288 2786 σφι
1308 2733 1347 2772 Α
1363 2733 1397 2771 Β
1415 2733 1447 2771 C
1463 2733 1496 2772 P
1610 2744 1655 2781 15
1686 2732 1821 2773 ἐπείτε

163 2793 204 2834 Α
216 2794 252 2834 Β
267 2795 302 2835 C
320 2808 330 2835 ε
370 2793 510 2836 ἔπειτά
540 2793 574 2832 Ρ
589 2794 629 2832 R
643 2793 674 2832 S
686 2793 725 2832 V
948 2795 1004 2841 17¹
1032 2790 1216 2843 ἐγίνοντο
1246 2789 1280 2826 C
1506 2789 1556 2827 18
1589 2788 1708 2829 ἵλεων
1735 2787 1770 2826 C
1788 2786 1822 2825 P

162 2849 344 2903 γινέσθαι
363 2849 398 2888 C
509 2850 582 2890 τὸν
603 2848 643 2887 R
659 2847 740 2888 SV
926 2859 976 2897 19
1004 2847 1050 2895 δὴ
1071 2858 1153 2885 om.
1179 2844 1212 2883 C
1229 2843 1262 2882 P
1426 2855 1479 2881 20
1507 2845 1558 2884 ὡς
1577 2854 1656 2881 om.
1683 2841 1722 2879 R
1738 2841 1767 2879 S
1782 2840 1822 2879 V

165 2916 212 2943 21
259 2903 629 2955 ἐπιλαμβανόμενος
664 2902 703 2941 Α
726 2903 760 2942 Β
784 2903 818 2941 C
991 2913 1044 2950 23
1086 2899 1276 2952 ἐγένοντο
1314 2897 1355 2936 Α
1379 2897 1415 2936 Β
1581 2909 1630 2946 24
1670 2898 1709 2938 αἱ
1737 2908 1818 2936 om.

168 2957 208 2997 R
221 2958 303 2999 SV
393 2961 427 3000 δ’
449 2961 596 3001 ἐκεῖναι
618 2958 648 2997 S
662 2959 701 2998 V
717 2971 725 2996 τ
757 2957 801 2999 δὲ
823 2959 969 2998 ἐκεῖναι
988 2955 1029 2995 Α
1043 2955 1077 2995 Β
1091 2955 1125 2996 C
1246 2965 1298 3004 25
1331 2952 1638 3004 ἐπισπάστροισι
1658 2950 1697 2988 Α
1712 2950 1746 2987 Β
1759 2949 1793 2989 C
1810 2962 1823 2988 τ

167 3016 435 3070 ἐπισπαρτῆσι
457 3014 488 3055 S
500 3014 539 3054 V
650 3014 792 3056 αὐτοὺς
812 3025 892 3053 om.
916 3011 949 3051 P
964 3010 1003 3050 R
1018 3010 1048 3050 S
1061 3010 1099 3049 V
1265 3021 1316 3058 27
1349 3007 1567 3050 ἐπεκάλεον
1588 3006 1626 3045 R
1640 3004 1678 3041 V

1881 115 1968 164 VI.
1997 117 2068 179 89

1871 846 1946 893 90

1872 1266 1944 1316 91-

1861 2274 1933 2324 92
