2132 3340
725 55 1101 105 ΙΣΤΟΡΙΩΝ
1163 55 1211 104 H
1843 57 1954 107 VII.
1985 57 2072 119 158

137 187 225 240 τὸν
267 184 487 254 Δωριέος
532 186 693 254 φόνον
734 185 1105 254 ἐκπρηξόμενοι,
1131 139 1462 240 ᾋΡτᾯηάῒ
1475 148 1589 253 ιὺῑέ
1585 208 1642 241 ας
1685 185 1802 249 τάδε
1826 192 2029 239 «μυ-*Εἰς
2055 201 2132 228 “⁰

138 271 302 342 Etim-a
341 270 438 324 ὑπὸ
484 270 798 340 βαρβάροισι
836 270 1053 342 νέμεται.
1142 273 1277 323 ἀλλὰ
1323 272 1375 324 εὖ
1419 274 1516 340 γὰρ
1557 271 1676 337 ἡμῖν
1720 271 1800 323 καὶ
1805 288 1969 379 &a
2035 276 2132 363 ὦ

1785 357 1797 375 C

138 356 219 410 ἐπὶ
270 356 328 408 τὸ
377 355 580 422 ἄμεινον
616 354 861 421 Δκατέστη.
949 361 1036 409 νῦν
1088 359 1141 408 δὲ
1193 356 1360 421 ἐπειδὴ
1406 355 1734 423 περιελήλυθε
1774 379 1800 406 ο
1980 393 1985 398 -
2062 372 2132 407 toa

136 442 356 506 πόλεμος
399 441 478 492 καὶ
519 440 719 492 ἀπῖκται
758 441 809 494 ἐς
848 439 1013 507 ὑμέας,
1048 432 1172 492 οὕτω
1212 441 1270 507 δὴ
1319 440 1546 495 Γέλωνος
1588 444 1800 507 μνῆστις

89 550 113 590 5
137 524 332 593 γέγονε.
421 525 616 590 ἀτιμίης
645 527 699 577 δὲ
738 524 862 591 πρὸς
899 524 1061 590 ὑμέων
1103 523 1321 592 κυρήσας
1360 527 1448 578 οὐκ
1489 526 1797 591 ὁμοιώσομαι
1832 540 1861 583 4

70 645 74 653 s
136 611 265 675 ὑμῖν,
300 608 415 660 ἀλλ’
446 609 641 674 ἕτοιμός
678 610 777 674 εἰμι
809 608 1429 678 βοηθέειν·παρεχόμενος
1459 610 1713 674 διηκοσίας
1742 632 1797 661 τε

135 691 362 760 τριήρεας
406 694 485 746 καὶ
526 687 809 761 δισμυρίους
854 694 1060 747 ὁπλίτας
1105 694 1185 745 καὶ
1226 695 1484 762 δισχιλίην
1523 696 1677 746 ἵππον
1718 693 1798 745 καὶ

137 779 418 845 δισχιλίους
436 776 643 842 τοξότας
663 779 741 830 καὶ
762 779 1044 846 δισχιλίους
1054 777 1399 846 σφενδονήτας
1418 778 1498 829 καὶ
1515 780 1798 846 δισχιλίους

0 837 470 932 τᾶν-ἱπποδρ-οῇιους
499 863 702 929 ψιλούς·
748 863 891 914 σῖτόν
920 884 975 915 τε
999 861 1171 934 ἁπάσῃ
1200 870 1261 935 τῇ
1278 856 1544 927 Ἑλλήνων
1570 870 1795 936 στρατιῇ,

0 931 29 967 ¹‘
65 969 115 998 10
136 945 242 998 ἔστ’
289 946 350 998 ἂν
403 944 868 1012 διαπολεμήσωμεν,
919 946 1223 1012 ὑποδέκομαι
1274 946 1520 1014 παρέξειν.
1610 947 1693 999 ἐπὶ
1744 950 1798 999 δὲ
1836 962 1860 1008 5

134 1031 273 1100 λόγῳ
313 1034 486 1100 τοιῷδε
525 1029 639 1082 τάδε
677 1032 972 1099 ὑπίσχομαι,
1017 1021 1168 1101 ἐπ’ῥῖ
1205 1053 1259 1083 τε
1304 1031 1581 1098 στρατηγός
1616 1053 1670 1083 τε
1717 1032 1797 1083 καὶ

134 1115 333 1183 ἡγεμὼν
355 1119 453 1167 τῶν
472 1113 738 1179 Ἑλλήνων
761 1116 941 1180 ἔσομαι
965 1114 1087 1181 πρὸς
1116 1115 1203 1167 τὸν
1226 1115 1507 1183 βάρβαρον·
1554 1114 1631 1168 ἐπ’
1655 1115 1795 1184 ἄλλῳ

135 1202 190 1252 δὲ
219 1200 356 1269 λόγῳ
396 1197 498 1250 οὔτ’
537 1198 599 1251 ἂν
639 1198 784 1253 αὐτὸς
827 1199 1021 1265 ἔλθοιμι
1062 1199 1162 1251 οὔτ’
1195 1199 1255 1251 ἂν
1297 1199 1484 1254 ἄλλους
1523 1199 1794 1267 πέμψαιμι.

134 1289 288 1336 ταῦτα
317 1284 536 1338 ἀκούσας
566 1284 679 1336 οὔτε
709 1282 956 1352 ἠνέσχετο
987 1286 1013 1334 ὁ
1044 1285 1267 1352 Σύαγρος
1307 1283 1417 1336 εἶπέ
1454 1306 1508 1337 τε
1547 1284 1681 1337 τάδε·
1719 1283 1793 1335 'H
1833 1296 1926 1346 159

62 1392 110 1436 ¹5
136 1390 191 1421 κε
218 1368 331 1437 μέγ’
356 1367 584 1435 οἰμώξειε
607 1369 634 1419 ὁ
659 1370 948 1433 Πελοπίδης
972 1367 1299 1436 Ἀγαμέμνων
1328 1371 1603 1435 πυθόμενος
1626 1373 1792 1436 Σπαρ-

134 1451 305 1518 τιήτας
369 1453 460 1518 τὴν
524 1453 795 1521 ἡγεμονίην
859 1454 1231 1520 ἀπαραιρῆσθαι
1295 1453 1389 1506 ὑπὸ
1455 1454 1683 1508 Γέλωνός
1739 1475 1795 1504 τε

135 1537 215 1590 καὶ
273 1538 608 1605 Συρηκοσίων.
700 1538 833 1589 ἀλλὰ
891 1538 1066 1590 τούτου
1122 1541 1215 1604 μὲν
1271 1542 1357 1589 τοῦ
1412 1539 1572 1605 λόγου
1621 1536 1794 1603 μηκέτι

131 1625 373 1695 μνησθῇς,
415 1624 541 1676 ὅκως
582 1622 673 1687 τὴν
712 1623 981 1689 ἡγεμονίην
1019 1644 1096 1674 τοι
1135 1623 1515 1690 παραδώσομεν.
1605 1622 1721 1673 ἀλλ’
1751 1625 1794 1674 εἰ

131 1708 223 1772 μὲν
272 1707 487 1773 βούλεαι
542 1706 778 1773 βοηθέειν
829 1715 890 1780 τῇ
939 1706 1168 1767 Ἑλλάδι,
1223 1710 1329 1759 ἴσθι
1382 1706 1648 1774 ἀρξόμενος
1672 1702 1795 1760 ’ὑπὸ

58 1812 111 1842 20
132 1792 552 1857 Λακεδαιμονίων·
600 1790 715 1843 εἶδ’
745 1790 840 1857 ἄρα
878 1791 945 1856 μὴ
987 1795 1190 1845 δικαιοῖς
1231 1791 1493 1859 ἄρχεσθαι,
1533 1792 1596 1843 σὺ
1638 1794 1690 1843 δὲ
1727 1791 1794 1857 μὴ

132 1874 383 1942 βοηθέειν.
457 1875 579 1943 πρὸς
600 1880 752 1927 ταῦτα
777 1877 803 1925 ὁ
827 1875 1013 1934 Γέλων,
1038 1876 1204 1940 ἐπειδὴ
1229 1877 1331 1943 ὥρα
1354 1875 1795 1949 ἀπεστρ-αμμένους
1832 1880 1931 1928 160
1952 1870 2132 1920 ΜΕΝ

132 1959 245 2012 τοὺς
274 1960 456 2027 λόγους
479 1964 566 2011 τοῦ
592 1959 828 2027 Συάγρου,
855 1959 940 2011 τὸν
963 1960 1250 2012 τελευταῖόν
1275 1967 1374 2028 σφι
1397 1961 1538 2012 τόνδε
1562 1960 1794 2028 ἐξέφαινε

131 2043 305 2111 λόγον·
329 2043 402 2095 ἦὨ
423 2042 554 2109 ξεῖνε
574 2047 873 2110 Σπαρτιῆτα,
896 2047 1087 2096 ὀνείδεα
1109 2046 1338 2096 κατιόντα
1361 2032 1602 2114 ἀνθρώπῳ
1628 2044 1795 2112 φιλέει

133 2127 399 2195 ἐπανάγειν
438 2127 526 2181 τὸν
563 2129 733 2194 θυμόν·
788 2128 852 2179 σὺ
891 2128 1061 2194 μέντοι
1102 2128 1469 2195 ἀποδεξάμενος
1507 2131 1795 2196 ὑβρίσματα

58 2234 107 2275 25
133 2213 185 2264 ἐν
215 2217 282 2282 τῷ
306 2213 441 2282 λόγῳ
464 2214 519 2264 οὔ
547 2235 609 2278 με
639 2212 844 2266 ἔπεισας
875 2212 1142 2281 ἀσχήμονα
1167 2215 1220 2265 ἐν
1242 2215 1304 2286 τῇ
1327 2214 1514 2285 ἀμοιβῇ
1539 2213 1792 2280 γενέσθαι.

130 2296 247 2348 ὅκου
276 2299 330 2348 δὲ
358 2298 498 2362 ὑμεῖς
528 2298 654 2348 οὕτω
686 2296 984 2365 περιέχεσθε
1014 2300 1102 2362 τῆς
1131 2297 1414 2364 ἡγεμονίης,
1441 2298 1573 2351 οἰκὸς
1599 2298 1677 2350 καὶ
1708 2300 1793 2363 ἐμὲ
1832 2312 1858 2344 2

128 2383 328 2446 μᾶλλον
345 2380 507 2446 ὑμέων
530 2380 868 2449 περιέχεσθαι,
897 2384 1133 2449 στρατιῆς
1158 2404 1211 2434 τε
1237 2383 1381 2434 ε’όντα
1405 2384 1794 2447 πολλαπλησίης

187 2533 203 2558 1
237 2519 416 2573 Δωριέως
437 2519 476 2557 Α
491 2520 526 2558 Β
652 2519 694 2560 δὲ
717 2520 751 2558 Ρ
766 2520 805 2559 R
821 2520 851 2559 S
865 2520 903 2559 V
1027 2523 1126 2571 ὑμᾶς
1148 2521 1187 2560 R
1201 2520 1238 2558 V
1423 2535 1448 2560 2
1478 2520 1635 2562 ἅπαντα
1656 2521 1695 2560 Α
1710 2521 1744 2560 Β
1759 2523 1792 2561 C

132 2587 176 2614 11
203 2573 263 2615 ἐπ’
281 2604 292 2615 .
313 2604 324 2615 .
342 2605 351 2613 .
373 2574 514 2626 ἔσομαι
530 2587 610 2614 om.
630 2575 668 2613 R
804 2588 866 2624 pr.
885 2592 931 2615 τε
949 2587 1031 2615 om.
1047 2575 1087 2613 A
1104 2575 1137 2613 B
1151 2575 1185 2614 C
1202 2575 1236 2614 P
1362 2580 1444 2616 τῶν
1461 2578 1574 2617 Ἐλλ.
1595 2578 1657 2617 καὶ
1675 2577 1741 2629 ἡγ.
1758 2578 1793 2616 C

133 2642 181 2679 13
209 2647 259 2670 τε
279 2629 317 2668 R
334 2628 415 2669 SV
537 2629 606 2669 alt.
630 2631 680 2670 ἂν
700 2642 779 2668 om.
807 2631 845 2668 R
864 2630 894 2668 S
908 2629 945 2667 V
1114 2632 1164 2668 16
1193 2632 1431 2683 ἆπαιρῆσθαι
1456 2631 1517 2670 O:
1547 2633 1791 2684 ὑπαιρεῖσθαι

130 2683 168 2722 R
184 2683 215 2724 S
227 2683 268 2724 V
377 2697 432 2722 20
464 2683 577 2734 δὲμὴ
594 2683 638 2725 δὲ
653 2683 692 2722 Α
707 2684 742 2722 Β
855 2697 902 2722 21
937 2685 1076 2734 βοήθει
1093 2684 1131 2723 Α
1148 2686 1182 2724 Β
1198 2685 1231 2723 C
1246 2685 1279 2723 Ρ
1390 2686 1740 2739 ἆπεστρεμμένους
1757 2687 1790 2725 C

128 2751 181 2778 22
209 2739 303 2780 τόδε
328 2738 417 2778 RV
545 2738 711 2791 ἐξέφηνε
736 2738 816 2777 SV
1009 2752 1061 2789 25
1091 2742 1139 2780 οὔ
1156 2757 1206 2791 με
1232 2741 1343 2791 (οὔτε
1363 2741 1430 2780 V:
1459 2743 1531 2781 οὐκ
1551 2740 1602 2792 S)
1629 2741 1792 2782 ἔπεισας

132 2792 288 2834 RSV:
320 2797 366 2834 οὕ
383 2811 433 2845 με
454 2793 607 2835 πείσεις
628 2792 668 2831 Α
684 2793 717 2832 Β
733 2794 766 2833 C
783 2793 837 2832 P:
869 2796 917 2834 οὔ
937 2794 981 2845 μ’
1004 2794 1166 2836 ἔπεισας
1188 2794 1306 2834 Stob.
1333 2796 1421 2835 ssor.
1449 2809 1510 2846 19,
1539 2808 1614 2845 193
1650 2809 1713 2843 20,
1739 2810 1791 2846 44

128 2861 179 2898 27
209 2847 486 2902 περιέχεσθαι]
513 2847 751 2903 περιέχεσθε
772 2851 845 2898 τῆς
866 2849 1082 2901 ἡγεμονίης
1107 2849 1145 2890 R
1245 2850 1341 2891 ὄντα
1365 2849 1455 2889 RV
1551 2860 1791 2893 πολλαπλα-

129 2903 218 2952 σίης
241 2904 273 2945 L

17 3298 39 3326 4
78 3207 187 3340 ⁵,
