2150 3320
766 57 1143 108 ΙΣΤΟΡΙΩΝ
1206 62 1246 110 Ζ
1874 66 2051 132 V1·7⁰

175 185 454 247 Ζακύνθιοι,
489 189 716 242 ἐνθεῦτεν
746 191 995 257 διαβαίνει
1034 192 1085 246 ἐς
1119 189 1210 257 τὴν
1238 190 1419 258 Ἀσίην
1449 195 1580 261 παρὰ
1614 194 1839 261 βασιλέα

176 275 408 340 Δαρεῖον.
496 273 523 323 6
552 275 606 326 δὲ
635 271 907 338 ὑπεδέξατό
935 297 990 328 τε
1024 274 1175 329 αὐτὸν
1209 278 1502 345 μεγαλωστὶ
1539 279 1618 331 καὶ
1654 282 1748 347 γῆν
1784 302 1839 333 τε

175 356 256 409 καὶ
285 357 466 412 πόλιας
495 357 662 411 ἔδωκε.
753 360 878 412 οὕτω
904 360 1107 413 ἀπίκετο
1138 362 1189 415 ἐς
1218 361 1309 427 τὴν
1334 361 1515 428 Ἀσίην
1540 362 1836 432 Δημάρητος
1857 382 1899 425 3

175 441 255 495 καὶ
300 441 502 515 τοιαύτῃ
549 442 867 512 χρησάμενος
914 445 1058 517 τύχῃ,
1109 445 1245 497 ἄλλα
1295 467 1348 499 τε
1400 443 1988 552 Λακεδαιμονίοισιῗῃ
1910 419 2150 534 (gum

124 541 148 589 ’5
175 527 340 597 συχνὰ
380 526 578 602 ἔργοισί
613 549 668 581 τε
707 530 788 581 καὶ
828 530 1060 602 γνώμῃσι
1100 530 1550 599 ἀπολαμπρυνθείς,
1591 534 1645 585 ἐν
1684 535 1737 586 δὲ
1776 533 1835 598 δὴ

122 635 125 638 ’
174 611 256 664 καὶ
312 610 629 678 Ὀλυμπιάδα
690 619 787 680 σφι
845 614 1147 679 ἀνελόμενος
1211 616 1462 685 τεθρίππῳ
1520 615 1834 682 προσέβαλε,

170 699 352 762 μοῦνος
374 701 518 750 τοῦτο
542 696 743 751 πάντων
765 697 823 764 δὴ
847 704 945 752 τῶν
969 698 1250 767 γενομένων
1273 698 1535 766 βασιλέων
1559 701 1613 753 ἐν
1636 701 1836 775 Σπάρτῃ

172 779 402 847 ποιήσας.

255 868 561 936 Λευτυχίδης
601 870 654 921 δὲ
694 870 720 920 6
763 867 1022 937 Μενάρεος
1063 867 1361 937 Δημαρήτου
1402 869 1834 924 καταπαυσθέντος
1870 880 1924 930 71

96 950 424 1016 ιοδιεδέξατο
463 951 554 1017 τὴν
594 955 892 1019 βασιληίην,
927 954 1010 1006 καί
1048 956 1095 1007 οἳ
1133 956 1325 1022 γίνεται
1365 958 1480 1008 παῖς
1515 953 1831 1021 Ζευξίδημος,
1868 1015 1870 1017 ,
1916 975 1918 977 ’

160 1039 257 1088 τὸν
293 1035 351 1101 δὴ
386 1037 636 1091 Κυνίσκον
665 1036 975 1105 μετεξέτεροι
1006 1037 1353 1106 Σπαρτιητέων
1385 1037 1610 1091 ἐκάλεον.
1693 1039 1836 1093 οὗτος

170 1121 198 1172 6
240 1119 543 1187 Ζευξίδημος
585 1123 672 1176 οὐκ
718 1123 1030 1189 ἐβασίλευσε
1074 1121 1319 1190 Σπάρτης·
1383 1122 1479 1190 πρὸ
1525 1124 1836 1191 Λευτυχίδεω

169 1206 266 1273 γὰρ
322 1211 546 1278 τελευτᾷ,
598 1207 761 1260 λιπὼν
819 1210 972 1259 παῖδα
1021 1206 1340 1276 Ἀρχίδημον.
1428 1209 1733 1275 Λευτυχίδης
1783 1210 1837 1260 δὲ
1873 1226 1899 1258 2

171 1291 429 1357 στερηθεὶς
465 1289 770 1358 Ζευξιδήμου
805 1290 980 1359 γαμέει
1017 1291 1248 1360 δευτέρην
1282 1296 1490 1360 γυναῖκα
1527 1291 1832 1358 Εὐρυδάμην,

95 1391 144 1433 15
168 1375 353 1428 ἐοῦσαν
369 1371 496 1443 [τὴν]
515 1377 704 1429 Μενίου
722 1371 852 1443 [μὲν]
872 1376 1142 1443 ἀδελφεήν,
1156 1372 1490 1443 Διακτορίδεω
1499 1379 1552 1430 δὲ
1572 1376 1832 1444 θυγατέρα,

167 1461 224 1512 ἐκ
263 1462 351 1525 τῆς
391 1462 438 1512 οἱ
478 1460 629 1528 ἔρσεν
665 1463 760 1527 μὲν
798 1452 990 1529 γίνεται
1030 1459 1188 1520 οὐδέν,
1224 1459 1440 1528 θυγάτηρ
1480 1463 1534 1513 δὲ
1573 1461 1831 1527 Λαμπιτώ,

166 1543 258 1609 τὴν
276 1543 578 1614 Ἀρχίδημος
595 1546 621 1596 6
641 1543 945 1612 Ζευξιδήμου
967 1544 1143 1613 γαμέει
1162 1545 1335 1599 δόντος
1355 1544 1482 1615 αὐτῷ
1503 1546 1830 1612 Λευτυχίδεω.

167 1628 225 1680 οὗ
261 1631 355 1694 μὲν
393 1629 506 1683 οὐδὲ
545 1631 849 1698 Λευτυχίδης
890 1628 1138 1697 κατεγήρα
1178 1631 1232 1681 ἐν
1271 1628 1490 1701 Σπάρτῃ,
1524 1629 1658 1683 ἀλλὰ
1697 1630 1832 1685 τίσιν
1868 1642 1933 1692 72

165 1711 363 1778 τοιήνδε
406 1716 516 1767 τινὰ
564 1713 844 1785 Δημαρήτῳ
892 1713 1130 1780 ἐξέτεισε·
1195 1712 1541 1781 ἐστρατήγησε
1586 1716 1828 1765 Λακεδαι-

90 1817 143 1845 20
165 1799 388 1863 μονίοισι
438 1801 488 1853 ἐς
541 1797 863 1863 Θεσσαλίην,
913 1802 1101 1866 παρεὸν
1148 1797 1204 1850 δέ
1254 1800 1301 1850 οἱ
1351 1796 1514 1851 πάντα
1568 1798 1831 1865 ὑποχείρια

165 1880 477 1947 ποιήσασθαι
507 1883 846 1950 ἐδωροδόκησε
882 1883 1116 1951 ἀργύριον
1146 1882 1357 1935 πολλόν.
1448 1881 1524 1934 ἐπ’
1545 1882 1827 1951 αὐτοφώρῳ
1866 1902 1891 1932 2

165 1968 220 2019 δὲ
242 1966 396 2022 ἁλοὺς
417 1967 566 2019 αὐτοῦ
589 1969 644 2020 ἐν
666 1972 734 2038 τῷ
759 1965 1459 2071 στρατοπέδῳ-ἐπικατήμενος
1488 1967 1669 2034 χειρίδι
1697 1965 1827 2037 πλέῃ
1847 1960 2084 2036 guum*-

165 2052 414 2157 ἀργυρίου,
446 2052 606 2120 ἔφυγε
634 2054 688 2104 ἐκ
725 2050 953 2120 Σπάρτης
985 2050 1081 2103 ὑπὸ
1112 2049 1430 2119 δικαστήριον
1457 2051 1715 2118 ὑπαχθείς,
1748 2050 1826 2101 καὶ

163 2138 227 2188 τὰ
255 2138 386 2189 οἷκία
413 2140 460 2190 οἱ
494 2135 802 2205 κατεσκάφη·
850 2137 1007 2204 ἔφυγε
1031 2138 1085 2188 δε
1115 2137 1165 2190 ἐς
1194 2134 1389 2239 Τεγέην
1420 2135 1498 2186 καὶ
1531 2134 1826 2220 ἐτελεύτησε

89 2239 139 2281 ²5
164 2221 219 2272 ἐν
248 2220 415 2294 ταύτῃ.
504 2226 656 2274 ταῦτα
693 2243 800 2287 μεν
825 2221 882 2286 δὴ
924 2219 1124 2288 ἐγένετο
1159 2220 1325 2291 χρόνῳ
1353 2220 1581 2286 ὕστερον·
1626 2219 1739 2270 τότε
1772 2221 1824 2269 δὲ
1862 2233 1926 2283 73

163 2304 229 2359 ὡς
272 2306 338 2377 τῷ
384 2305 660 2372 Κλεομένεϊ
704 2306 876 2374 ὡδώθη
923 2304 981 2357 τὸ
1028 2307 1080 2359 ἐς
1125 2304 1212 2356 τ’ὸν
1258 2302 1559 2371 Δημάρητον
1603 2305 1823 2369 πρῆγμα,
1835 2302 2150 2349 ωδωό

162 2359 336 2443 αὗτίκά
352 2392 668 2459 παραλαβὼν
688 2391 991 2459 Λευτυχίδεα
1013 2388 1091 2454 ἤιε
1115 2389 1196 2441 ἐπὶ
1219 2385 1639 2454 τοὺςΑἰγινήτας,
1663 2387 1826 2439 δεινόν

217 2540 243 2566 2
271 2544 320 2569 τε
344 2540 426 2569 om.
459 2527 596 2568 RSV
730 2526 919 2597 μεγάλως
950 2526 990 2565 R
1008 2526 1090 2567 SV
1282 2537 1308 2575 3
1337 2523 1478 2565 πόλεις
1507 2523 1624 2563 RV:
1653 2523 1770 2565 πόλις
1791 2523 1823 2563 S

159 2584 189 2622 6
216 2582 488 2635 Ὀλυμπιάδας
506 2582 545 2622 R
655 2579 889 2637 προσέλαβε
911 2581 962 2622 Ρ1
977 2581 1017 2621 R
1032 2581 1115 2622 SV
1280 2594 1302 2631 7
1332 2595 1470 2632 γενομ.
1495 2583 1590 2626 βασ.
1614 2595 1752 2631 γενομ.
1778 2578 1817 2617 R

162 2641 205 2680 ἐν
236 2650 319 2679 om.
359 2638 395 2676 Β
576 2651 625 2678 12
657 2646 805 2681 Λευτ..
854 2640 995 2691 .Ἀρχ.
1029 2649 1112 2676 om.
1150 2636 1190 2675 R
1370 2646 1419 2684 13
1462 2634 1694 2675 καταλιπὼν
1728 2632 1760 2671 S
1780 2632 1819 2671 V

164 2704 213 2744 15
241 2693 319 2743 τὴν
348 2705 428 2733 om.
462 2692 649 2732 PRSV
757 2692 832 2744 μὲν
861 2705 943 2733 om.
978 2691 1069 2731 AB
1088 2690 1123 2730 C
1233 2688 1456 2742 Διακτορίω
1487 2688 1526 2726 R
1547 2688 1613 2726 V:
1651 2687 1759 2741 ·ρίεω
1790 2687 1820 2726 S

165 2743 217 2844 ΪΞ
233 2747 504 2843 Δημὲρέτὲυν
496 2747 528 2787 S
543 2748 620 2801 [V]
735 2746 927 2800 ἐξέτησεν
948 2746 1014 2841 {t
1048 2744 1268 2799 ἐξέτισε<ν)
1290 2743 1380 2784 rell.
1452 2798 1486 2836 C
1532 2755 1586 2780 20
1615 2742 1823 2837 ὑποχείριδα

161 2819 191 2843 π
219 2819 295 2844 ντα
736 2815 785 2842 21
818 2801 923 2843 πολύ
1063 2831 1066 2834 «
1219 2812 1271 2838 22
1303 2801 1424 2840 αὐτῶι
1679 2813 1822 2865 χειριι

161 2855 266 2911 πλέῃ
287 2857 568 2909 Wesseling:
597 2859 704 2912 χειρὶ
726 2858 905 2910 διπλῆ<ι)
930 2857 964 2895 L
1130 2854 1266 2906 2401‘]
1293 2856 1338 2895 οὐ
1359 2853 1393 2891 C
1407 2853 1487 2892 SV
1630 2854 1673 2893 ἐν
1691 2849 1821 2903 Τεγέη

147 2910 300 2951 ·RSV
494 2925 545 2963 25
577 2916 620 2954 ἐν
639 2913 720 2952 del.
752 2912 948 2962 Krueger
1141 2911 1197 2949 26
1225 2909 1406 2957 ευωδῶθη
1435 2906 1488 2946 C¹
1518 2906 1639 2960 (ευοδ.
1670 2905 1720 2945 Cc
1724 2905 1741 2957 )
1761 2905 1826 2944 P:

162 2967 319 3022 ὦρθώθη
340 2968 370 3007 S
538 2981 587 3018 27
615 2969 866 3021 Λευτυχιδην
888 2969 921 3006 Ρ
936 2967 974 3005 R
990 2967 1021 3006 S
1035 2965 1115 3019 [V]

1610 3004 1659 3048 7*
