2132 3340
101 44 287 104 1X96

223 1196 292 1246 97

946 45 990 91 H
1009 38 1371 94 POAOTOT

320 173 534 241 ''l-lpaum
556 174 610 224 τὸ
629 175 781 244 ταύτῃ
807 174 1231 240 παρεσκευάζοντο
1256 177 1306 229 ἐς
1325 177 1619 243 ναυμαχίην,
1647 178 1692 228 οἱ
1717 179 1767 229 δὲ
1796 176 1991 245 Πέρσαι

328 259 600 323 πυθόμενοί
621 264 784 324 σφεας
803 258 1110 324 προσπλέειν
1131 260 1316 326 ἀνῆγον
1338 261 1416 312 καὶ
1439 260 1577 311 αὐτοὶ
1601 260 1721 327 πρὸς
1741 261 1829 325 τὴν
1849 261 1988 327 ἤπει-

329 363 416 408 ρον
439 345 525 394 τὰς
549 341 662 394 νέας
694 345 780 395 τὰς
811 342 987 401 ἄλλας,
1013 345 1100 395 τὰς
1130 345 1183 394 δὲ
1207 345 1453 395 Φοινίκων
1478 345 1670 408 ἀπῆκαν
1701 345 1990 398 ἀποπλέειν.

329 425 742 490 βουλευομένοισι
774 426 868 492 γάρ
892 434 989 493 σφι
1020 428 1184 479 ἐδόκεε
1214 429 1490 496 ναυμαχίην
1519 427 1584 493 μῆ
1618 423 1889 480 ποιέεσθαι·
1936 430 1992 481 οὐ

330 512 423 576 γὰρ
455 508 522 561 ὧν
558 510 754 561 ἐδόκεον
792 512 952 575 ὅμοιοι
991 510 1132 562 εἶναι·
1180 513 1231 565 ἐς
1267 515 1319 563 δὲ
1356 512 1446 576 τὴν
1482 512 1684 578 ἤπειρον
1719 512 1987 574 ἀπέπλεον,

329 595 453 647 ὅκως
485 593 606 645 ἔωσι
636 594 730 645 ὑπὸ
761 594 847 646 τὸν
879 595 1029 658 πεζὸν
1054 595 1267 662 στρατὸν
1290 596 1377 647 τὸν
1402 596 1650 663 σφέτερον
1681 597 1826 648 ἐόντα
1855 599 1909 649 ἐν
1930 605 1992 671 τῇ

331 678 561 750 Μυκάλῃ,
589 677 642 731 ὃς
676 679 1006 733 κελεύσαντος
1031 679 1230 746 Ξέρξεω
1258 680 1704 745 καταλελειμμένος
1727 686 1811 732 τοῦ
1832 681 1993 734 ἄλλου

329 768 544 829 στρατοῦ
566 763 759 827 Ἰωνίην
789 764 1071 830 ἐφύλασσε·
1117 769 1202 814 τοῦ
1233 768 1422 828 πλῆθος
1452 767 1542 829 μὲν
1575 763 1634 828 ἧν
1665 763 1722 829 ἓξ
1746 765 1989 832 μυριάδες,

329 845 631 914 ἐστρατήγεε
655 851 707 899 δὲ
732 848 879 898 αὐτοῦ
900 847 1167 915 Τιγράνης,
1197 848 1375 900 κάλλεΐ
1394 846 1495 914 <τε>
1519 849 1595 900 καὶ
1616 848 1822 915 μεγάθεϊ
1842 851 1988 917 ὑπερ-

330 931 498 999 φέρων
531 931 786 998 Περσέων.
860 932 956 984 ὑπὸ
985 937 1160 984 τοῦτον
1190 936 1281 998 μὲν
1312 933 1370 997 δὴ
1394 933 1479 984 τὸν
1510 933 1721 999 στρατὸν
1753 935 1989 999 ἐβουλεύ-

330 1038 486 1067 σαντο
529 1017 899 1083 καταφυγόντες
939 1019 985 1068 οἱ
1025 1022 1110 1068 τοῦ
1150 1022 1379 1069 ναυτικοῦ
1423 1018 1692 1084 στρατηγοὶ
1736 1018 1992 1084 ἀνειρύσαι

328 1103 416 1154 τὰς
467 1099 580 1152 νέας
634 1102 712 1152 καὶ
762 1100 1132 1167 περιβαλέσθαι
1190 1102 1330 1168 ἕρκος
1383 1102 1536 1168 ἔρυμα
1591 1107 1688 1153 τῶν
1739 1107 1863 1154 νεῶν
1887 1134 1895 1139 ·
1915 1102 1993 1154 καὶ

330 1184 505 1252 σφέων
558 1185 716 1236 αὐτῶν
770 1186 1132 1252 κρησφύγετον.
1221 1191 1375 1238 ταῦτα
1424 1184 1823 1251 βουλευσάμενοι
1873 1185 1990 1251 ἀνή-

330 1290 495 1335 γοντο.
583 1270 874 1334 ἀπικόμενοι
920 1272 973 1321 δὲ
1019 1273 1152 1337 παρὰ
1197 1269 1254 1321 τὸ
1305 1275 1402 1322 τῶν
1452 1269 1707 1341 Ποτνιέων
1755 1269 1860 1336 ἱρὸν
1906 1274 1994 1335 τῆς

333 1352 575 1417 Μυκάλης
619 1355 669 1406 ἐς
716 1353 946 1404 Γαίσωνά
989 1376 1044 1406 τε
1091 1355 1170 1405 καὶ
1215 1355 1578 1414 Σκολοπόεντα,
1625 1361 1685 1426 τῇ
1731 1353 1993 1421 Δήμητρος

329 1437 644 1502 Ἐλευσινίης
674 1434 821 1504 [ἐστὶ]
852 1439 973 1504 ἱρόν,
1006 1438 1063 1490 τὸ
1093 1439 1337 1490 Φίλιστος
1376 1440 1402 1488 ὁ
1434 1437 1722 1491 Πασικλέος
1759 1438 1993 1505 ἱδρύσατο

331 1523 527 1591 Νείλεῳ
581 1527 647 1592 τῷ
703 1523 895 1587 Κόδρου
954 1523 1291 1587 ἐπισπόμενος
1350 1523 1431 1574 ἐπὶ
1484 1521 1713 1587 Μιλήτου
1773 1522 1991 1582 κτιστύν,

331 1607 541 1657 ἐνθαῦτα
576 1605 663 1658 τάς
699 1627 753 1656 τε
790 1605 903 1658 νέας
940 1607 1207 1674 ἀνείρυσαν
1239 1606 1317 1657 καὶ
1346 1605 1709 1673 περιεβάλοντο
1741 1606 1880 1673 ἕρκος
1916 1605 1995 1657 καὶ

330 1691 486 1741 λίθων
519 1692 597 1742 καὶ
635 1690 815 1754 ξύλων,
848 1689 1051 1758 δένδρεα
1087 1691 1392 1757 ἐκκόψαντες
1423 1690 1593 1757 ἥμερα,
1627 1689 1706 1741 καὶ
1738 1690 1994 1743 σκόλοπας

332 1774 443 1840 περὶ
475 1774 531 1825 τὸ
561 1775 700 1840 ἕρκος
732 1774 1026 1838 κατέπηξαν.
1095 1774 1175 1826 καὶ
1199 1773 1600 1838 παρεσκευάδατο
1632 1774 1695 1827 ὡς
1726 1780 1990 1840 πολιορκη-

333 1860 536 1923 σόμενοι
559 1854 655 1923 [καὶ
687 1858 751 1911 ὡς
781 1857 1088 1922 νικήσοντες·
1134 1858 1210 1909 ἐπ’
1236 1859 1495 1926 ἀμφότερα
1525 1859 1871 1925 ἐπιλεγόμενοι
1900 1859 1995 1924 γὰρ

331 1939 794 2008 παρεσκευάζοντο].Δ

415 2029 482 2078 Οἱ
519 2025 844 2090 δὲ“Έλληνες
882 2026 947 2079 ὡς
977 2026 1217 2078 ἐπύθοντο
1253 2027 1526 2095 οἰχωκότας
1554 2026 1668 2079 τοὺς
1704 2024 1995 2093 βαρβάρους

334 2111 384 2163 ἐς
425 2110 515 2173 τὴν
557 2109 775 2177 ἤπειρον,
822 2109 1040 2177 ἤχθοντο
1086 2110 1151 2164 ὣς
1194 2083 1628 2246 ἐκπεφευγότωνί
1619 2112 1673 2161 ἐν
1717 2111 1895 2180 ἀπορίῃ
1939 2130 1994 2161 τε

334 2195 530 2261 εἴχοντο
561 2195 590 2244 ὅ
618 2216 665 2245 τι
696 2193 917 2251 ποιέωσι,
946 2195 1043 2245 εἴτε
1068 2193 1501 2246 ἀπαλλάσσωνται
1523 2195 1548 2245 ὅ
1592 2195 1684 2245 ίσω
1717 2195 1814 2245 εἴτε
1845 2214 1990 2244 κατα-

333 2277 529 2329 πλέωσι
556 2274 653 2337 {e'vr’
697 2268 1141 2341 ἙλλησπόντουᾸ
1183 2277 1329 2331 τέλος
1380 2281 1433 2329 δὲ
1484 2276 1625 2342 ἔδοξε
1671 2278 1858 2328 τούτων
1903 2279 1994 2342 μὲν

332 2360 585 2428 μηδέ-,φά
619 2361 821 2419 ποιέειν,
870 2358 1126 2466 ἐπιφτλέειν
1174 2365 1226 2414 δὲ
1272 2363 1353 2414 ἐπὶ
1398 2361 1485 2426 τὴν
1529 2361 1747 2428 ἤπειρον.
1837 2381 1990 2427 παρα-

392 2513 410 2539 1
443 2502 602 2553 Ἡραῖον
625 2499 663 2537 R
677 2499 716 2537 V
919 2511 943 2548 5
975 2498 1178 2540 ἀπέπλεον
1199 2512 1279 2540 om.
1303 2499 1344 2538 A
1359 2500 1394 2538 B
1409 2499 1442 2538 C
1653 2501 1680 2538 8
1709 2499 1865 2548 Ἰωνίην
1882 2516 1930 2540 τε
1952 2499 1991 2538 R

334 2554 508 2603 πλήθεος
530 2554 569 2591 R
585 2553 615 2592 S
631 2554 667 2592 V
857 2567 885 2604 9
913 2571 959 2595 τε
980 2555 1074 2594 add.
1098 2554 1236 2594 Aldus
1345 2554 1506 2607 μεγέθει
1526 2553 1615 2592 ΑΒ
1809 2566 1856 2592 12
1885 2570 1993 2601 περι-

334 2607 561 2656 βαλλέσθαι
579 2608 618 2646 V
728 2607 776 2649 κε’
799 2608 837 2646 R
1028 2620 1074 2658 15
1106 2607 1267 2650 Γέσωνά
1290 2609 1328 2648 R
1514 2610 1564 2648 16
1593 2609 1683 2650 ἐστὶ
1705 2621 1785 2648 om.
1809 2607 1846 2645 A
1860 2607 1894 2646 B
1912 2607 1945 2646 C
1961 2607 1994 2647 P

339 2676 385 2712 17
416 2662 570 2703 Νειλέω
592 2662 631 2700 R
645 2662 684 2701 V
822 2663 1090 2712 ἐπισπομένου
1110 2662 1150 2700 Α
1165 2663 1200 2701 Β
1345 2663 1518 2712 κτιστήν
1542 2663 1581 2701 R
1680 2704 1683 2707 ,
1786 2664 1835 2701 18
1864 2679 1993 2715 περιε-

335 2717 545 2765 βάλλοντο
568 2717 597 2755 S
611 2717 650 2755 V
732 2717 736 2721 ’
826 2731 880 2756 20
909 2716 1137 2769 κατέκοψαν
1159 2717 1214 2755 Rt
1379 2731 1427 2756 21
1460 2720 1523 2758 καὶ
1546 2747 1556 2757 .
1583 2748 1594 2758 .
1617 2747 1627 2758 .
1650 2715 1993 2770 παρεσκευάζοντο

338 2771 638 2824 (ἐπιλεγόμενοι
660 2771 693 2809 L
714 2773 882 2822 omnes)
907 2773 988 2810 del.
1018 2771 1218 2821 Krueger
1381 2785 1433 2821 24
1465 2775 1508 2813 ἐν
1530 2785 1611 2810 orn.
1634 2771 1674 2809 A
1688 2771 1722 2809 B
1741 2771 1773 2809 C
1789 2770 1824 2808 P
1949 2769 1991 2810 δὲ

337 2825 428 2864 RV
623 2838 675 2875 25
705 2829 858 2878 ἤχοντο
889 2827 929 2865 R
1069 2827 1090 2866 ὅ
1110 2825 1170 2878 τι]
1203 2827 1244 2867 τί
1265 2827 1304 2866 R
1321 2826 1403 2866 SV
1539 2824 1798 2879 παραπλέωσι
1830 2825 1990 2863 conieci

336 2881 390 2917 26
416 2879 511 2932 μὲν]
535 2880 578 2921 δὲ
602 2881 639 2918 R

626 2976 1048 3061 ἒέχῲεμωιμ
1084 2981 1253 3030 :mul

2015 539 2039 581 5

2019 958 2070 987 10

2021 1378 2066 1419 ¹5

2020 1800 2070 1827 20
