2132 3340
740 99 1116 146 ΙΣΤΟΡΙΩΝ
1179 100 1199 146 Ι

90 296 96 302 .
196 208 230 293 ί
222 228 412 282 Τούτου
435 232 487 282 δὲ
512 235 597 282 τοῦ
617 229 923 298 Ἀρταΰκτεω
945 236 1032 282 τοῦ
1055 213 1806 301 ἆνακρεμασθέντοςῇροπάτωρ

139 313 482 381 Ἀρτεμβάρης
505 315 614 366 ἐστὶ
635 317 660 366 ὁ
682 315 917 387 Πέρσῃσι
941 314 1315 383 ἐξηγησάμενος
1338 316 1494 383 λόγον
1517 320 1602 366 τόν
1628 317 1806 366 ε’κεῖνοι

137 399 483 464 ὑπολαβόντες
515 400 658 469 Κύρῳ
691 400 1027 467 προσήνεικαν
1056 400 1274 467 λέγοντα
1314 399 1447 452 τάδε·
1495 400 1638 452 Ἐπεὶ
1679 398 1805 452 Ζεὺς

139 481 375 554 Πέρσῃσι
418 484 685 551 ἡγεμονίην
730 489 869 544 διδοῖ,
913 487 1104 552 ἀνδρῶν
1149 487 1348 543 ὃὲσοί,
1396 489 1539 551 Κῦρε,
1584 484 1805 535 κατελὼν

91 588 114 628 5
138 565 442 635 Ἀστυάγην,
490 567 628 635 φέρε,
677 572 771 636 γῆν
819 572 913 636 γὰρ
967 562 1212 704 Ϋτήμεθα
1262 570 1440 636 ὀλίγην
1474 569 1571 634 ,καὶ
1622 569 1805 633 ταύτην

137 650 371 720 τρηχέαν,
409 646 809 762 μεηόναστάντες
847 656 901 705 ἐκ
939 676 966 706 τ
1001 654 1119 718 ύτης
1154 653 1318 718 ἄλλην
1355 659 1563 722 σχῶμεν
1599 655 1802 718 ἀμείνω.

137 736 237 788 εἰσὶ
268 738 320 788 δὲ
351 738 538 789 πολλαὶ
567 741 659 803 μὲν
698 740 1065 806 ἀστυγείτονες,
1099 738 1287 791 πολλαὶ
1324 742 1377 791 δὲ
1416 739 1493 790 καὶ
1531 737 1801 805 ἑκαστέρω,

134 825 233 872 τῶν
261 823 379 887 μίαν
411 823 1093 916 σχόντεςίχπλέοσιξέσόμεθα
1123 825 1508 915 θωμαὶστότεροι.
1585 823 1720 876 οἰκὸς
1751 825 1803 875 δὲ

134 904 314 972 ἄνδρας
345 905 594 974 ἄρχοντας
624 912 824 959 τοιαῦτα
855 907 1058 960 ποιέειν·
1106 893 1443 976 ndrF'yffp‘Bh
1486 909 1564 960 καὶ
1602 906 1804 975 παρέξει

62 1014 112 1044 10
135 989 346 1044 κάλλιον
376 988 405 1056 ἢ
439 994 521 1044 ὅτε
552 997 630 1063 γε(
642 993 915 1055 ἀνθρώπων
950 1014 1004 1045 τε
1042 987 1272 1068 πολλῶν)
1287 992 1507 1062 ἄρχομεν
1536 977 1712 1058 (πάσης
1748 1014 1804 1044 τε

133 1077 221 1140 τῆς
253 1064 475 1148 Ἀσίης)
499 1081 659 1144 Κῦρος
696 1080 749 1129 δὲ
785 1082 939 1130 ταῦτα
973 1078 1192 1132 ἀκούσας
1229 1078 1306 1130 καὶ
1344 1078 1400 1129 οὐ
1443 1077 1679 1144 θωμάσας
1715 1076 1803 1129 τὸν

132 1160 291 1228 λόγον
345 1161 543 1214 ἐκέλευε
591 1162 779 1215 ποιέειν
830 1168 998 1223 ταῦτα,
1049 1164 1174 1215 οὕτω
1223 1166 1277 1215 δὲ
1325 1163 1520 1215 αὐτοῖσι
1567 1164 1803 1230 παραίνεε

137 1245 353 1298 κελεύων
395 1246 860 1314 παρασκευάζεσθαι
903 1249 968 1303 ὡς
1009 1246 1173 1300 οὐκέτι
1213 1245 1454 1316 ἄρξοντας
1495 1247 1611 1300 ἀλλ’
1652 1245 1800 1315 ἀρξο-

131 1330 323 1396 μένους·
388 1325 586 1399 φιλέειν
633 1335 729 1400 γὰρ
753 1326 834 1413 (ἐκ
885 1338 983 1385 τῶν
1033 1338 1270 1437 μρὸλακῶν
1321 1308 1521 1414 χώρωιῶ
1547 1332 1802 1399 μαλακοὺς

61 1436 73 1464 ι
84 1437 105 1477 5
133 1414 313 1484 ἄνδρας
343 1419 590 1484 γίνεσθαι·
616 1414 989 1503 ,ςῖῦὟγάρῘρζ-ῬᾲτΛ
1111 1421 1168 1470 rs
1175 1440 1196 1486 ς
1267 1407 1488 1486 ᾍἮνῖρ
1521 1418 1708 1485 καρπόν
1745 1439 1800 1470 τε

122 1495 397 1568 (θωμαστὸν
442 1502 607 1570 φύειν
634 1492 936 1570 καῖ’ἅνδρας
981 1500 1302 1574 ἀγαθοὺςὶτὰ
1395 1564 1399 1571 ,
1450 1493 1607 1579 effla]
1667 1503 1801 1555 ὥστε

133 1587 436 1654 συγγνόντες
487 1586 685 1654 Πέρσαι
735 1589 936 1656 οἴχοντο
987 1589 1048 1680 ἀί
1091 1587 1313 1649 στάντες,
1370 1578 1681 1642 ἑσσωθέντες
1739 1588 1799 1660 τῇ

130 1672 301 1743 γνώμῃ
353 1671 475 1740 πρὸς
525 1673 702 1740 Κύρου,
750 1671 923 1741 ἄρχειν
968 1690 1033 1725 τε’
1067 1674 1262 1726 εἵλοντο
1312 1673 1508 1741 ijm
1555 1672 1799 1727 οἰκέοντες

129 1759 328 1820 μᾶλλον
357 1753 388 1823 ἢ
411 1756 630 1823 ,πεδιάδ-οι
660 1758 951 1824 σπείροντες
982 1752 1188 1811 ἄλλοισι
1218 1759 1485 1811 δουλεύειν.

186 1907 213 1934 2
242 1893 404 1949 Ἀρτεβ.
430 1894 512 1936 SV
624 1897 697 1938 τὸν
717 1895 846 1949 λόγον
867 1898 940 1938 τὸν
962 1897 1001 1936 R
1199 1910 1224 1947 3
1254 1896 1380 1950 λέγον
1402 1897 1442 1935 R
1636 1910 1661 1947 4
1693 1897 1744 1938 σὺ
1766 1897 1797 1937 S

131 1951 349 1992 κατελόντι
370 1951 532 1991 conieci
734 1953 761 1990 6
790 1956 987 2005 τρηχεῖαν
1009 1951 1047 1990 R
1065 1951 1094 1991 S
1108 1952 1168 2005 V·
1198 1951 1382 2006 τρηχέην
1403 1953 1490 1993 rell.
1638 1949 1798 2005 ἔχωμεν

129 2005 170 2044 Α
184 2005 218 2044 Β
231 2005 265 2045 C
281 2006 314 2044 P
447 2020 468 2056 7
499 2008 564 2049 καὶ
589 2020 669 2047 om.
696 2007 736 2046 R
753 2007 834 2047 SV
945 2007 1120 2061 ἑκατέρω
1143 2008 1175 2046 C
1191 2010 1246 2059 (3)
1263 2008 1293 2048 S
1306 2006 1343 2046 V
1473 2009 1499 2047 8
1529 2012 1713 2059 σχῶντες
1734 2009 1798 2048 C:

131 2060 300 2112 ἔχοντες
321 2061 360 2100 R
375 2061 405 2101 S
418 2061 457 2100 V
622 2063 783 2104 πλείοσι
806 2063 846 2102 Α
859 2063 893 2101 Β
910 2063 943 2102 C
1111 2068 1313 2114 θωυμαστ.
1340 2062 1374 2101 Ρ
1387 2062 1418 2103 S
1431 2063 1470 2102 V
1489 2079 1497 2103 :
1528 2069 1729 2110 θωμαυστ.
1757 2063 1796 2102 R

131 2117 236 2158 εἰκὸς
266 2116 306 2155 Α
322 2117 357 2155 Β
373 2117 406 2156 C
582 2132 609 2169 9
639 2119 781 2172 ἄνδρας
812 2119 1012 2171 ἄρχοντας
1041 2118 1080 2157 Α
1096 2118 1203 2157 BC:
1250 2120 1393 2171 ἄνδρας
1428 2119 1602 2170 ἔχοντας
1634 2109 1672 2156 R
1688 2118 1797 2159 SV:

130 2171 331 2225 ἄρχοντας
353 2173 495 2226 ἄνδρας
518 2172 552 2211 Ρ
693 2172 840 2227 κότερα
864 2175 903 2213 R
918 2174 1000 2213 SV
1222 2186 1271 2213 10
1300 2176 1394 2214 οὔτε
1418 2174 1456 2212 R
1605 2175 1739 2226 ἁγνῶν
1760 2174 1798 2214 V

133 2239 179 2265 11
212 2226 419 2278 θωυμάσας
441 2227 474 2267 Ρ
489 2227 527 2266 R
542 2229 580 2267 V
726 2241 774 2267 12
804 2229 992 2281 παραίνεε
1015 2229 1071 2270 S:
1103 2230 1335 2283 παρήΟδνεε
1359 2229 1449 2268 rell.
1605 2242 1652 2279 13
1683 2230 1797 2282 ἀρξα-

126 2279 269 2332 μένους
291 2282 324 2321 C
514 2296 560 2333 15
592 2284 734 2337 ἄνδρας
756 2297 838 2324 om.
864 2283 903 2322 A
919 2284 953 2323 B
971 2284 1005 2323 C
1020 2284 1053 2323 P
1194 2283 1256 2337 τι]
1279 2301 1342 2325 τοι
1365 2284 1395 2323 S
1411 2284 1447 2323 V
1621 2286 1670 2324 16
1700 2289 1794 2326 θωυ-

126 2337 285 2387 μαστὸν
306 2337 339 2376 Ρ
355 2337 394 2377 R
410 2337 439 2377 S
454 2337 492 2377 V

1845 99 1930 148 IX.
1957 112 2047 148 122

1843 243 1932 281 122

1843 419 1870 449 2

1840 1095 1866 1139 3
