2132 3340
734 117 1110 176 ΙΣΤΟΡΙΩΝ
1172 116 1190 163 Ι

129 259 190 325 τῇ
230 255 467 324 συμβολῇ
507 251 578 305 εἷς
615 250 695 302 καὶ
740 247 1051 314 ἐνενήκοντα,
1084 245 1375 315 Τεγεητέων
1420 249 1474 299 δὲ
1520 247 1793 304 ἑκκαίδεκα,

111 335 405 400 “Ἀθηναίων
436 339 489 387 δὲ
519 335 604 386 δύο
636 328 713 386 καὶ
746 333 1068 399 πεντήκοντα.

213 420 518 487 Ἠρίστευσε
538 423 590 470 δὲ
609 425 708 471 τῶν
727 418 1008 485 βαρβάρων
1029 416 1173 480 πεζὸς
1196 419 1288 481 μὲν
1314 418 1339 466 ὁ
1364 415 1623 482 Περσέων,
1645 415 1795 468 ἵππος

128 507 182 556 δὲ
222 505 251 569 ἡ
293 503 508 561 Σακέων,
548 503 672 570 ἀνὴρ
715 506 767 555 δὲ
813 502 1015 570 λέγεται
1062 502 1360 569 Μαρδόνιος·
1413 499 1678 564 Ἑλλήνων
1722 498 1790 556 δέ,

81 611 104 652 5
129 589 326 657 ἀγαθῶν
357 587 638 655 γενομένων
671 589 749 639 κιιὶ
779 586 1070 654 Τεγεητέων
1104 586 1183 637 καὶ
1212 585 1510 650 Ἀθηναίων,
1543 582 1791 651 ὑπερεβά-

127 679 280 725 λοντο
309 674 457 746 ἀρετῇ
488 672 882 737 Λακεδαιμόνιοι.
957 670 1098 740 ἄλλῳ
1134 672 1226 736 μὲν
1261 669 1423 721 οὐδενὶ
1459 669 1560 736 ἔχω
1597 669 1791 743 ἀποσ-η-

126 756 380 823 μήνασθαι
422 756 655 822 (ἅπαντες
699 757 795 824 γὰρ
839 756 974 807 οὗτοι
1018 755 1131 808 τοὺς
1179 754 1282 806 κατ’
1329 753 1538 807 ἑωυτοὺς
1583 749 1792 815 ἐνίκων),

128 843 204 893 ὅτι
247 844 300 893 δὲ
347 843 468 892 κατὰ
511 845 566 893 τὸ
613 841 947 908 ἰσχυρότατον
992 840 1439 907 προσηνείχθησαν
1484 838 1562 889 καὶ
1606 836 1794 889 τούτων

129 925 423 994 ἐκράτησαν.
500 926 577 977 καὶ
614 924 816 992 ἄριστος
847 923 1047 992 ἐγένετο
1082 928 1250 993 μακρῷ
1281 923 1640 990 Ἀριστόδημος
1673 923 1793 973 κατὰ

59 1030 105 1058 ¹0
127 1011 325 1078 γνώμας
376 1012 465 1063 τὰς
514 1008 768 1076 ἡμετέρας,
824 1008 878 1062 ὃς
930 1011 985 1060 ἐκ
1038 1006 1411 1075 Θερμοπυλέων
1461 1012 1643 1072 μοῦνος
1692 1011 1793 1058 τῶν

125 1096 423 1161 τριηκοσίων
455 1094 635 1148 σωθεὶς
659 1093 765 1162 εἶχε
789 1096 980 1147 ὄνειδος
1005 1093 1084 1144 καὶ
1109 1093 1323 1157 ἀτιμίην.
1396 1095 1520 1157 μετὰ
1544 1094 1596 1143 δὲ
1616 1095 1792 1142 τοῦτον

126 1179 430 1246 ἠρίστευσαν
453 1179 794 1232 Ποσειδώνιός
824 1200 879 1230 τε
903 1179 983 1230 καὶ
1014 1177 1276 1229 Φιλοκύων
1309 1177 1388 1228 καὶ
1412 1175 1792 1243 Ἀμομφάρετος

128 1266 444 1330 Σπαρτιῆται.
534 1264 692 1315 καίτοι
735 1261 1007 1330 γενομένης
1049 1261 1246 1330 λέσχης
1291 1260 1344 1314 ὃς
1388 1260 1586 1328 γένοιτο
1631 1260 1792 1312 αὐτῶν

125 1346 345 1414 ἄριστος,
385 1348 616 1415 ἔγνωσαν
651 1349 698 1398 οἱ
734 1347 1130 1414 παραγενόμενοι
1167 1344 1519 1412 Σπαρτιητέων
1555 1344 1786 1411 Ἀριστό-

54 1448 100 1490 15
126 1434 282 1497 δημον
309 1434 401 1497 μὲν
424 1432 741 1499 βουλόμενον
763 1436 992 1498 φανερῶς
1023 1431 1291 1483 ἀποθανεῖν
1317 1431 1370 1481 ἐκ
1394 1432 1480 1493 τῆς
1510 1430 1791 1496 παρεούσης

126 1517 173 1568 οἱ
219 1517 396 1580 αἰτίης,
444 1514 716 1568 λυσσῶντά
763 1537 818 1567 τε
867 1516 944 1566 καὶ
995 1516 1292 1567 ἐκλείποντα
1341 1514 1433 1578 τὴν
1481 1513 1623 1578 τάξιν
1669 1514 1790 1580 ἔργα

125 1599 464 1672 ἀποδέξασθαι
497 1599 710 1667 μεγάλα,
747 1600 1090 1651 Ποσειδώνιον
1129 1602 1181 1650 δὲ
1219 1599 1274 1650 οὐ
1311 1599 1628 1664 βουλόμενον
1665 1598 1786 1648 ἀπο-

79 1747 86 1752 .
126 1682 362 1756 θνῄσκειν
413 1684 565 1752 ἄνδρα
616 1684 853 1751 γενέσθαι
901 1684 1105 1751 ἀγαθόν·
1167 1684 1391 1753 τοσούτῳ
1440 1688 1616 1734 τοῦτον
1663 1682 1788 1734 εἶναι

126 1770 325 1835 ἀμείνω.
401 1770 535 1838 ἀλλὰ
568 1774 720 1821 ταῦτα
759 1772 850 1835 μὲν
882 1770 960 1820 καὶ
1002 1769 1174 1838 φθόνῳ
1214 1767 1276 1819 ἂν
1312 1770 1514 1820 εἴποιεν·
1561 1767 1696 1818 οὗτοι
1735 1770 1787 1819 δὲ

53 1875 103 1903 20
125 1854 238 1908 τοὺς
269 1853 507 1919 κατέλεξα
530 1853 728 1913 πάντες,
755 1853 889 1917 πλὴν
912 1852 1290 1920 Ἀριστοδήμου,
1316 1858 1413 1904 τῶν
1439 1852 1790 1904 ἀποθανόντων

127 1940 180 1991 ἐν
211 1939 362 2011 ταύτῃ
393 1946 453 2011 τῇ
475 1937 619 2010 μάχῃ
648 1940 802 2004 τίμιοι
833 1936 1078 2005 ἐγένοντο,
1113 1937 1474 2004 Ἀριστόδημος
1511 1939 1563 1988 δὲ
1599 1937 1787 2002 βουλό-

125 2044 273 2088 μενος
302 2025 571 2075 ἀποθανεῖν
607 2026 687 2075 διὰ
722 2022 814 2087 τὴν
849 2021 1208 2090 προειρημένην
1244 2022 1405 2085 αἰτίην
1444 2021 1529 2072 οὐκ
1567 2019 1788 2086 ἐτιμήθη.

127 2107 260 2159 οὗτοι
316 2111 407 2174 μὲν
465 2113 564 2161 τῶν
624 2110 678 2160 ἐν
738 2108 1031 2179 Πλαταιῇσι
1087 2107 1482 2172 ὀνομαστότατοι
1537 2104 1788 2171 ἐγένοντο.

130 2191 478 2260 Καλλικράτης
529 2195 625 2260 γὰρ
678 2190 774 2255 ἔξω
820 2196 907 2257 τῆς
958 2191 1124 2260 μάχης
1169 2190 1402 2250 ἀπέθανε,
1453 2190 1616 2242 ἐλθὼν
1668 2189 1791 2255 ἀνὴρ

55 2292 102 2333 25
129 2275 399 2330 κάλλιστος
430 2279 480 2330 ἐς
511 2277 568 2328 τὸ
600 2278 940 2344 στρατόπεδον
970 2282 1069 2328 τῶν
1092 2277 1204 2327 τότε
1227 2273 1507 2339 Ἑλλήνων,
1532 2274 1589 2326 οὐ
1611 2279 1791 2340 μοῦνον

127 2361 287 2413 αὐτῶν
327 2362 729 2427 Λακεδαιμονίων
768 2363 903 2413 ἀλλὰ
940 2361 1018 2412 καὶ
1055 2366 1153 2413 τῶν
1190 2359 1362 2412 ἄλλων
1391 2357 1672 2423 Ἑλλήνων·
1717 2359 1788 2416 ὅς,

128 2445 294 2509 ἐπειδὴ
329 2445 666 2513 ἐσφαγιάζετο
699 2446 1008 2510 Παυσανίης,
1044 2443 1314 2510 κατήμενος
1338 2446 1393 2495 ἐν
1415 2451 1474 2517 τῇ
1505 2440 1617 2507 τάξι
1640 2445 1789 2509 ἐτρω-

186 2595 205 2622 1
238 2585 450 2636 συμβουλῇ
472 2582 506 2621 C
617 2583 683 2624 καὶ
705 2595 786 2623 om.
815 2582 854 2621 R
871 2582 952 2621 SV
1081 2584 1204 2622 ἐννεν.
1231 2580 1321 2619 RV
1488 2595 1513 2630 4
1542 2581 1586 2633 ἢ]
1614 2584 1635 2622 ὁ
1658 2582 1696 2620 R
1711 2581 1794 2620 SV

130 2649 152 2687 7
183 2636 331 2678 πάντες
355 2637 392 2676 R
414 2637 445 2676 S
460 2636 498 2676 V
720 2639 745 2676 8
776 2636 1039 2690 ἰσχυρότερον
1059 2635 1099 2673 Α
1117 2636 1150 2673 Β
1169 2635 1203 2673 C
1392 2637 1734 2689 προσηνέχθησαν
1755 2636 1791 2674 Β

133 2705 149 2731 1
161 2704 177 2730 1
210 2690 367 2733 τούτων
385 2690 423 2730 Α
439 2692 475 2730 Β
671 2705 719 2742 13
748 2695 995 2744 Σπαρτιῆται
1030 2690 1227 2740 Krueger
1244 2704 1253 2729 t
1294 2691 1551 2743 Σπαρτιήτης
1582 2690 1615 2728 Ρ
1629 2691 1667 2730 R
1683 2692 1714 2730 S
1726 2691 1765 2729 V
1783 2705 1793 2730 τ

129 2750 151 2787 ὁ
170 2747 425 2799 Σπαρτιήτης
444 2746 485 2785 Α
501 2746 534 2784 Β
549 2746 583 2785 C
602 2759 611 2785 ε
641 2750 663 2788 ὅ
682 2746 913 2795 Πιτανήτης
937 2745 1058 2784 Stein
1244 2756 1291 2794 15
1322 2744 1550 2796 βολόμενον
1572 2745 1611 2784 R
1633 2745 1697 2797 (it.
1722 2745 1791 2797 17)

133 2802 182 2839 16
212 2800 435 2842 ἐκλιπόντα
456 2802 494 2841 R
511 2800 541 2840 S
554 2800 592 2838 V
707 2814 754 2850 17
783 2800 944 2852 μεγάλα
966 2799 1231 2851 ἀποδέξασθαι
1250 2799 1289 2838 R
1305 2799 1335 2838 S
1349 2799 1387 2838 V
1502 2812 1551 2850 19
1581 2800 1740 2850 ἀμείνω-ι
1757 2801 1791 2839 C

129 2858 306 2901 εἴποιμεν
321 2855 362 2894 Α
378 2855 413 2895 Β
426 2855 460 2895 C
572 2868 627 2894 20
651 2855 805 2896 πάντας
821 2854 860 2892 Α
876 2855 909 2892 Β
926 2854 958 2893 Ρ
971 2854 1048 2907 [C]
1161 2867 1214 2904 23
1242 2855 1291 2894 τὸ
1307 2854 1341 2892 C
1440 2854 1792 2907 Πλαταίη(ι)ῦ“ι(ν)

129 2909 169 2948 Α
186 2910 218 2948 Β
235 2909 324 2947 RV
514 2921 566 2959 25
596 2911 641 2950 οὗ
661 2939 671 2949 .
697 2939 707 2950 .
734 2939 744 2949 .
771 2910 976 2959 Ἑλλήνων
997 2920 1076 2948 om.
1104 2908 1139 2947 B
1281 2907 1400 2962 μόνον
1420 2907 1471 2947 V¹
1492 2923 1502 2949 :
1529 2909 1662 2960 μόνων
1683 2909 1723 2948 R
1738 2910 1793 2948 Ve

130 2976 180 3014 27
211 2963 319 3016 τάξει
339 2963 631 3003 ABCRSV

1552 3033 1629 3073 24*

1836 114 1926 163 IX.
1954 126 2021 176 70
2073 106 2075 108 ’

1831 429 1884 478 71

1831 687 1858 719 2
1884 688 2064 743 ΡΜ.

1827 2116 1892 2164 72
