2132 3340
0 77 124 125 VIII.
152 89 246 139 135

218 313 245 356 3

151 802 245 861 136

159 2406 246 2456 137

911 73 1336 122 ΗΡΟΔΟΤΟΤ

281 203 461 269 μένους
510 205 571 255 τὰ
623 207 850 255 θεσπιεῖν
900 205 1099 269 ἔμελλε,
1151 205 1228 256 καὶ
1275 207 1489 272 πρόκατε
1540 205 1626 258 τὸν
1674 207 1947 272 πρόμαντιν

282 287 528 357 βαρβάρῳ
560 288 773 359 γλώσσῃ
804 292 948 356 χρᾶν.
1037 289 1116 340 καὶ
1147 289 1260 343 τοὺς
1287 292 1378 355 μὲν
1410 289 1679 355 ἑπομένους
1709 295 1807 342 τῶν
1837 295 1943 356 Θη-

281 374 444 438 βαίων
490 375 543 424 ἐν
588 373 776 438 θώματι
823 372 1031 441 ἔχεσθαι
1079 374 1348 428 ἀκούοντας
1398 373 1947 442 βαρβάρουέγλώσσης

282 458 391 509 ἀντὶ
434 455 699 516 Ἑλλάδος,
747 457 860 509 οὐδὲ
910 457 1048 526 ἔχειν
1092 459 1120 508 ὅ
1163 480 1210 510 τι
1257 457 1545 526 χρήσωνται
1595 465 1662 529 τῷ
1713 460 1947 526 παρεόντι

283 540 547 608 πρήγματι·
589 540 675 593 τὸν
700 543 752 594 δὲ
773 540 1017 608 Εὐρωπέα
1040 546 1154 595 Μῦν
1174 542 1524 609 ἐξαρπάσαντα
1546 543 1660 610 παρ’
1681 542 1838 595 αὐτῶν
1857 543 1948 608 τὴν

283 624 523 693 ἐφέροντο
548 625 740 686 δέλτον,
765 627 826 677 τὰ
853 627 1102 694 λεγόμενα
1131 627 1226 679 ὑπὸ
1249 632 1333 679 τοῦ
1357 626 1621 695 προφήτεω
1653 626 1867 695 γράφειν
1897 630 1948 682 ἐς

284 708 450 774 αὐτήν,
490 709 646 778 φάναι
681 713 734 762 δὲ
773 712 930 782 Καρίῃ
967 732 1051 776 μιν
1087 712 1302 784 γλώσσῃ
1337 716 1481 780 χρᾶν,
1522 712 1947 780 συγγραψάμενον

283 798 336 847 δὲ
367 797 599 862 οἴχεσθαι
630 796 841 847 ἀπιόντα
870 797 921 849 ἐς
947 797 1263 861 Θεσσαλίην.
1333 797 1615 863 Μαρδόνιος
1639 801 1691 850 δὲ
1715 795 1944 861 ἐπιλεξά-

282 901 429 944 μενος
461 881 489 930 ὅ
518 901 564 931 τι
595 879 651 944 δὴ
676 879 891 947 λέγοντα
915 879 974 944 ἤν
996 882 1058 931 τὰ
1086 879 1382 948 χρηστήρια,
1413 883 1536 946 μετὰ
1565 886 1719 933 ταῦτα
1749 881 1947 949 ἔπεμψε

283 963 502 1031 ἄγγελον
535 965 585 1018 ἐς
609 962 824 1028 Ἀθήνας
846 961 1183 1032 Ἀλέξανδρον
1205 965 1293 1017 τὸν
1316 965 1568 1030 Ἀμύντεω
1599 965 1752 1034 ἄνδρα
1776 970 1943 1018 Μακε-

283 1049 418 1108 δόνα,
453 1048 554 1114 ἅμα
582 1051 674 1114 μὲν
705 1050 781 1101 ὅτι
811 1051 858 1101 οἱ
888 1049 1194 1116 προσκηδέες
1223 1053 1269 1102 οἱ
1300 1049 1498 1117 Πέρσαι
1528 1049 1658 1114 ἦσαν
1687 1049 1944 1116 (Ἀλεξάν-

283 1137 399 1199 δρου
419 1135 512 1200 γὰρ
535 1133 789 1201 ἀδελφεὴν
810 1135 1043 1201 Γυγαίην,
1065 1134 1317 1199 Ἀμύντεω
1338 1137 1390 1187 δὲ
1410 1133 1668 1201 θυγατέρα,
1689 1133 1948 1201 Βουβάρης

284 1217 408 1284 ἀνὴρ
444 1217 648 1284 Πέρσης
688 1218 829 1286 ἔσχε,
869 1220 921 1270 ἐκ
963 1222 1049 1283 τῆς
1088 1221 1135 1271 οἱ
1177 1220 1407 1286 ἐγεγόνεε
1443 1219 1689 1285 Ἀμύντης
1729 1220 1755 1269 ὁ
1796 1221 1850 1271 ἐν
1889 1226 1948 1291 τῇ

283 1302 447 1375 Ἀσίῃ,
475 1303 608 1371 ἔχων
629 1302 686 1354 τὸ
709 1304 895 1368 οὔνομα
917 1308 1003 1355 τοῦ
1031 1303 1416 1371 μητροπάτορος,
1443 1309 1510 1373 τῷ
1535 1303 1592 1368 δὴ
1618 1305 1671 1356 ἐκ
1702 1303 1949 1369 βασιλέος

284 1390 372 1452 τῆς
395 1388 616 1454 Φρυγίης
646 1388 790 1451 ἐδόθη
817 1386 1112 1453 Ἀλάβανδα
1143 1389 1288 1442 πόλις
1317 1387 1511 1455 μεγάλη
1542 1387 1812 1456 νέμεσθαι),
1848 1387 1949 1453 ἅμα

285 1474 336 1523 δὲ
369 1473 394 1522 ὁ
428 1472 709 1538 Μαρδόνιος
732 1473 1006 1537 πυθόμενος
1027 1474 1103 1524 ὅτι
1125 1471 1381 1539 πρόξεινός
1404 1494 1459 1525 τε
1488 1474 1562 1537 εἴη
1588 1473 1667 1525 καὶ
1692 1470 1948 1539 εὐεργέτης

285 1557 311 1606 ὁ
347 1555 682 1623 Ἀλέξανδρος
718 1556 923 1622 ἔπεμπε.
1011 1557 1125 1610 τοὺς
1162 1559 1257 1624 γὰρ
1292 1556 1583 1621 Ἀθηναίους
1618 1558 1744 1608 οὕτω
1781 1557 1947 1609 ἐδόκεε

283 1639 506 1705 μάλιστα
541 1639 969 1706 προσκτήσεσθαι,
1001 1642 1133 1693 λεών
1163 1663 1217 1693 τε
1247 1641 1440 1692 πολλὸν
1471 1640 1565 1708 ἄρα
1599 1641 1790 1693 ἀκούων
1820 1641 1947 1693 εἶναι

285 1724 364 1775 καὶ
408 1724 631 1790 ἄλκιμον,
679 1724 740 1777 τά
782 1746 836 1777 τε
881 1726 1004 1776 κατὰ
1047 1725 1136 1789 τὴν
1183 1724 1449 1777 θάλασσαν
1496 1726 1806 1794 συντυχόντα
1849 1733 1948 1793 σφι

285 1807 550 1873 παθήματα
594 1808 1054 1876 κατεργασαμένους
1092 1808 1316 1874 μάλιστα
1355 1809 1647 1874 Ἀθηναίους
1690 1810 1943 1862 ἐπίστατο.

285 1893 468 1945 τούτων
490 1896 543 1945 δὲ
567 1893 985 1961 προσγενομένων
1017 1892 1287 1958 κατήλπιζε
1309 1893 1549 1947 εὐπετέως
1572 1896 1658 1958 τῆς
1681 1892 1946 1958 θαλάσσης

287 1976 565 2043 κρατήσειν,
605 1977 666 2029 τά
702 1999 792 2044 περ
829 1977 891 2030 ἂν
924 1978 1005 2029 καὶ
1041 1977 1116 2043 ἦν,
1159 1978 1280 2050 πεζῇ
1317 2000 1372 2030 τε
1407 1978 1572 2030 ἐδόκεε
1608 1982 1782 2047 πολλῷ
1820 1977 1947 2030 εἶναι

288 2060 532 2127 κρέσσων·
593 2062 721 2113 οὕτω
767 2084 822 2114 τε
869 2063 1121 2129 ἐλογίζετο
1170 2061 1442 2128 κατύπερθέ
1487 2064 1534 2114 οἱ
1576 2064 1637 2113 τὰ
1683 2059 1948 2129 πρήγματα

285 2146 493 2197 ἔσεσθαι
537 2151 635 2198 τῶν
672 2146 1001 2211 Ἑλληνικῶν.
1089 2146 1221 2214 τάχα
1263 2146 1305 2197 δ’
1341 2145 1402 2198 ἂν
1444 2146 1523 2197 καὶ
1566 2147 1626 2197 τὰ
1669 2144 1948 2214 χρηστήρια

283 2229 435 2281 ταῦτά
465 2233 510 2282 οἱ
540 2229 794 2297 προλέγοι,
829 2231 1242 2296 συμβουλεύοντα
1272 2231 1534 2298 σύμμαχον
1564 2230 1651 2282 τὸν
1681 2229 1947 2294 Ἀθηναῖον

285 2313 559 2366 ποιέεσθαι·
605 2320 740 2367 τοῖσι
768 2314 825 2379 δὴ
858 2316 1149 2380 πειθόμενος
1179 2316 1382 2379 ἔπεμπε.

1971 565 1994 606 5

1975 986 2023 1016 10

1972 1828 2022 1856 20

1972 2247 2021 2286 25

367 2401 469 2449 Τοῦ
508 2400 562 2451 δὲ
597 2397 927 2466 Ἀλεξάνδρου
968 2398 1141 2451 τούτου
1177 2399 1390 2464 ἕβδομος
1422 2397 1637 2466 γενέτωρ
1672 2398 1945 2464 Περδίκκης
1989 2438 1991 2440 -

343 2549 362 2576 1
413 2536 613 2579 θεσπιέειν
652 2538 692 2577 R
717 2538 747 2577 S
768 2538 807 2576 V
972 2537 1118 2590 μάντιν
1158 2537 1206 2577 Ρ1
1228 2538 1259 2577 S
1450 2551 1476 2588 3
1527 2542 1699 2588 θωυματι
1739 2536 1774 2575 Ρ
1795 2536 1833 2575 R
1855 2536 1887 2576 S
1906 2536 1946 2575 V

285 2605 310 2641 4
339 2592 565 2645 χρήσονται
586 2593 620 2631 C
636 2592 684 2630 P¹
702 2593 739 2631 R
757 2593 787 2632 S
800 2593 839 2632 V
976 2605 1001 2642 5
1031 2593 1210 2646 χρήματι
1231 2593 1266 2632 C
1403 2604 1425 2640 7
1453 2591 1650 2644 γλώσσῃ]
1673 2595 1783 2643 φωνῆ
1806 2591 1845 2630 R
1862 2590 1893 2630 S
1906 2591 1944 2629 V

284 2646 391 2696 9·ἧν
410 2645 588 2699 λέγοντα
610 2647 644 2685 Ρ
858 2661 906 2696 14
936 2648 985 2688 τὸ
1003 2661 1086 2687 om.
1109 2647 1142 2685 C
1281 2647 1374 2700 τοῦ]
1397 2648 1444 2687 τὸ
1466 2647 1552 2685 PR
1567 2646 1649 2686 SV
1717 2683 1723 2693 ‚
1783 2646 1832 2686 τὸ
1853 2645 1890 2684 R
1905 2645 1944 2685 V

289 2713 338 2751 15
382 2701 644 2754 Ἀλάβαστρα
687 2702 841 2752 Steph.
885 2702 988 2751 Byz.
1027 2715 1060 2742 S.
1085 2715 1124 2752 v.
1387 2702 1436 2738 16
1479 2700 1523 2742 δὲ
1557 2700 1753 2741 Cantabr.
1773 2715 1783 2739 ε
1822 2717 1869 2740 τε
1910 2699 1944 2738 L

285 2755 473 2808 πρόξενός
508 2755 542 2794 L
666 2755 790 2810 ,(σφι)
825 2760 884 2806 εἴη
919 2756 1039 2796 Stein
1272 2758 1320 2795 18
1361 2757 1692 2809 προσκτήσασθαι
1733 2754 1783 2793 P1
1802 2754 1841 2793 R
1859 2754 1944 2794 SV

290 2822 341 2860 19
369 2812 433 2852 καὶ
453 2823 534 2849 om.
561 2810 610 2850 Pl
777 2824 831 2850 20
861 2809 1078 2852 ἐπιστέατο
1102 2810 1140 2848 R
1157 2810 1239 2849 SV
1404 2823 1452 2849 21
1484 2808 1787 2864 προγενομένων
1807 2810 1847 2848 R
1861 2809 1944 2849 SV

286 2878 340 2904 22
369 2867 526 2906 πολλὸν
547 2866 578 2905 S
733 2878 785 2916 23
815 2866 1012 2918 κρείσσων
1033 2865 1074 2904 R
1089 2865 1119 2904 S
1132 2865 1171 2904 V
1301 2878 1353 2914 24
1382 2869 1463 2907 τῶν
1481 2878 1563 2905 om.
1588 2865 1624 2904 C
1736 2864 1941 2913 Ἑλλήνων

288 2919 328 2959 R
344 2920 375 2960 S
388 2919 427 2958 V
545 2920 657 2973 τάχα
680 2919 726 2962 δὲ
745 2921 799 2962 τὰ
819 2919 859 2958 R
874 2920 956 2960 SV
1150 2931 1203 2970 25
1232 2919 1477 2972 προλέγουσι
1499 2919 1538 2958 R
1554 2919 1636 2960 SV
1825 2920 1878 2958 26
1906 2920 1942 2960 οἱ

288 2974 529 3024 ποιήσασθαι
551 2974 591 3013 R
606 2975 635 3014 S
647 2975 686 3014 V
851 2988 902 3025 27
932 2974 1126 3029 Περδίκης
1147 2973 1183 3014 Β
1199 2975 1234 3014 C
1247 2975 1287 3014 R
1300 2974 1331 3014 S
1343 2973 1383 3015 V
