<?xml version="1.0" encoding="UTF-8"?>
<!DOCTYPE html PUBLIC "-//W3C//DTD XHTML 1.0 Transitional//EN"
    "http://www.w3.org/TR/xhtml1/DTD/xhtml1-transitional.dtd">
<html xmlns="http://www.w3.org/1999/xhtml" xml:lang="en" lang="en">
 <head>
  <title>
</title>
<meta http-equiv="Content-Type" content="text/html;charset=utf-8" />
  <meta name='ocr-system' content='tesseract 3.04.00' />
  <meta name='ocr-capabilities' content='ocr_page ocr_carea ocr_par ocr_line ocrx_word'/>
</head>
<body>
  <div class='ocr_page' id='page_1' title='image "./herodotihistoria02herouoft_0053.png"; bbox 0 0 2034 3328; ppageno 0'>
   <div class='ocr_carea' id='block_1_1' title="bbox 670 118 1148 166">
    <p class='ocr_par' dir='ltr' id='par_1_1' title="bbox 670 118 1148 166">
     <span class='ocr_line' id='line_1_1' title="bbox 670 118 1148 166; baseline 0 -1"><span class='ocrx_word' id='word_1_1' title='bbox 670 118 1045 166; x_wconf 82' lang='grc' dir='ltr'>ΙΣΤΟΡΙΩΝ</span> <span class='ocrx_word' id='word_1_2' title='bbox 1108 119 1148 165; x_wconf 90' lang='grc' dir='ltr'>Ε</span> 
     </span>
    </p>
   </div>
   <div class='ocr_carea' id='block_1_2' title="bbox 0 247 1746 1509">
    <p class='ocr_par' dir='ltr' id='par_1_2' title="bbox 0 247 1746 1509">
     <span class='ocr_line' id='line_1_2' title="bbox 71 247 1745 316; baseline 0.001 -16"><span class='ocrx_word' id='word_1_3' title='bbox 71 247 380 315; x_wconf 78' lang='grc' dir='ltr'>βοηθέοντας</span> <span class='ocrx_word' id='word_1_4' title='bbox 406 249 560 316; x_wconf 89' lang='grc' dir='ltr'>σφίσι</span> <span class='ocrx_word' id='word_1_5' title='bbox 580 247 695 303; x_wconf 85' lang='grc' dir='ltr'>τοὺς</span> <span class='ocrx_word' id='word_1_6' title='bbox 718 247 975 316; x_wconf 85' lang='grc' dir='ltr'>Ἀργείους</span> <span class='ocrx_word' id='word_1_7' title='bbox 1001 249 1080 301; x_wconf 88' lang='grc' dir='ltr'>καὶ</span> <span class='ocrx_word' id='word_1_8' title='bbox 1103 252 1280 301; x_wconf 83' lang='grc' dir='ltr'>λαθεῖν</span> <span class='ocrx_word' id='word_1_9' title='bbox 1299 270 1353 301; x_wconf 92' lang='grc' dir='ltr'>τε</span> <span class='ocrx_word' id='word_1_10' title='bbox 1372 248 1433 314; x_wconf 73' lang='grc' dir='ltr'>ἐξ</span> <span class='ocrx_word' id='word_1_11' title='bbox 1446 247 1745 316; x_wconf 85' lang='grc' dir='ltr'>Ἐπιδαύρου</span> 
     </span>
     <span class='ocr_line' id='line_1_3' title="bbox 72 331 1744 400; baseline 0.001 -15"><span class='ocrx_word' id='word_1_12' title='bbox 72 331 346 400; x_wconf 79' lang='grc' dir='ltr'>διαβάντας</span> <span class='ocrx_word' id='word_1_13' title='bbox 372 334 426 388; x_wconf 77' lang='grc' dir='ltr'>ἐς·</span> <span class='ocrx_word' id='word_1_14' title='bbox 445 332 536 398; x_wconf 74' lang='grc' dir='ltr'>τὴν</span> <span class='ocrx_word' id='word_1_15' title='bbox 556 337 715 400; x_wconf 90' lang='grc' dir='ltr'>νῆσον</span> <span class='ocrx_word' id='word_1_16' title='bbox 742 333 820 385; x_wconf 89' lang='grc' dir='ltr'>καὶ</span> <span class='ocrx_word' id='word_1_17' title='bbox 840 333 897 386; x_wconf 87' lang='grc' dir='ltr'>οὐ</span> <span class='ocrx_word' id='word_1_18' title='bbox 921 334 1259 400; x_wconf 87' lang='grc' dir='ltr'>προακηκοόσι</span> <span class='ocrx_word' id='word_1_19' title='bbox 1279 338 1414 386; x_wconf 85' lang='grc' dir='ltr'>τοῖσι</span> <span class='ocrx_word' id='word_1_20' title='bbox 1433 332 1744 399; x_wconf 86' lang='grc' dir='ltr'>Ἀθηναίοισι</span> 
     </span>
     <span class='ocr_line' id='line_1_4' title="bbox 73 417 1743 488; baseline 0 -18"><span class='ocrx_word' id='word_1_21' title='bbox 73 419 332 471; x_wconf 82' lang='grc' dir='ltr'>ἐπιπεσεῖν</span> <span class='ocrx_word' id='word_1_22' title='bbox 363 417 769 485; x_wconf 85' lang='grc' dir='ltr'>ὑποταμομένους</span> <span class='ocrx_word' id='word_1_23' title='bbox 794 417 850 470; x_wconf 88' lang='grc' dir='ltr'>τὸ</span> <span class='ocrx_word' id='word_1_24' title='bbox 882 417 980 471; x_wconf 85' lang='grc' dir='ltr'>ἀπὸ</span> <span class='ocrx_word' id='word_1_25' title='bbox 1010 423 1109 471; x_wconf 85' lang='grc' dir='ltr'>τῶν</span> <span class='ocrx_word' id='word_1_26' title='bbox 1139 423 1280 478; x_wconf 85' lang='grc' dir='ltr'>νεῶν,</span> <span class='ocrx_word' id='word_1_27' title='bbox 1309 417 1409 483; x_wconf 81' lang='grc' dir='ltr'>ἅμα</span> <span class='ocrx_word' id='word_1_28' title='bbox 1432 419 1564 471; x_wconf 82' lang='grc' dir='ltr'>τεέν</span> <span class='ocrx_word' id='word_1_29' title='bbox 1587 418 1743 488; x_wconf 82' lang='grc' dir='ltr'>τούτῳ</span> 
     </span>
     <span class='ocr_line' id='line_1_5' title="bbox 71 501 1745 571; baseline 0.001 -17"><span class='ocrx_word' id='word_1_30' title='bbox 71 501 163 567; x_wconf 78' lang='grc' dir='ltr'>τὴν</span> <span class='ocrx_word' id='word_1_31' title='bbox 190 501 412 571; x_wconf 87' lang='grc' dir='ltr'>βροντήν</span> <span class='ocrx_word' id='word_1_32' title='bbox 440 524 494 556; x_wconf 90' lang='grc' dir='ltr'>τε</span> <span class='ocrx_word' id='word_1_33' title='bbox 526 501 766 571; x_wconf 90' lang='grc' dir='ltr'>γενέσθαι</span> <span class='ocrx_word' id='word_1_34' title='bbox 799 503 877 555; x_wconf 92' lang='grc' dir='ltr'>καὶ</span> <span class='ocrx_word' id='word_1_35' title='bbox 908 507 996 556; x_wconf 86' lang='grc' dir='ltr'>τὸν</span> <span class='ocrx_word' id='word_1_36' title='bbox 1020 502 1232 569; x_wconf 88' lang='grc' dir='ltr'>σεισμὸν</span> <span class='ocrx_word' id='word_1_37' title='bbox 1257 504 1466 556; x_wconf 81' lang='grc' dir='ltr'>αὐτοῖσι.</span> <span class='ocrx_word' id='word_1_38' title='bbox 1542 502 1745 571; x_wconf 87' lang='grc' dir='ltr'>λέγεται</span> 
     </span>
     <span class='ocr_line' id='line_1_6' title="bbox 24 586 1745 656; baseline 0.001 -16"><span class='ocrx_word' id='word_1_39' title='bbox 24 614 47 655; x_wconf 83' lang='lat'>5</span> <span class='ocrx_word' id='word_1_40' title='bbox 71 586 175 654; x_wconf 78' lang='grc' dir='ltr'>μέν’</span> <span class='ocrx_word' id='word_1_41' title='bbox 194 609 281 641; x_wconf 93' lang='grc' dir='ltr'>νυν</span> <span class='ocrx_word' id='word_1_42' title='bbox 316 587 399 641; x_wconf 81' lang='grc' dir='ltr'>ὑπ’</span> <span class='ocrx_word' id='word_1_43' title='bbox 432 587 676 656; x_wconf 81' lang='grc' dir='ltr'>Ἀργείων</span> <span class='ocrx_word' id='word_1_44' title='bbox 712 609 766 640; x_wconf 93' lang='grc' dir='ltr'>τε</span> <span class='ocrx_word' id='word_1_45' title='bbox 797 587 877 640; x_wconf 89' lang='grc' dir='ltr'>καὶ</span> <span class='ocrx_word' id='word_1_46' title='bbox 914 587 1220 655; x_wconf 83' lang='grc' dir='ltr'>Αἰγινητέων</span> <span class='ocrx_word' id='word_1_47' title='bbox 1251 586 1383 646; x_wconf 88' lang='grc' dir='ltr'>τάδε,</span> <span class='ocrx_word' id='word_1_48' title='bbox 1418 587 1745 655; x_wconf 71' lang='grc' dir='ltr'>ὁμολογέεται</span> 
     </span>
     <span class='ocr_line' id='line_1_7' title="bbox 73 671 1745 738; baseline 0.001 -14"><span class='ocrx_word' id='word_1_49' title='bbox 73 675 127 725; x_wconf 82' lang='grc' dir='ltr'>δὲ</span> <span class='ocrx_word' id='word_1_50' title='bbox 159 672 238 724; x_wconf 85' lang='grc' dir='ltr'>καὶ</span> <span class='ocrx_word' id='word_1_51' title='bbox 269 671 351 725; x_wconf 83' lang='grc' dir='ltr'>ὑπ’</span> <span class='ocrx_word' id='word_1_52' title='bbox 382 672 659 738; x_wconf 89' lang='grc' dir='ltr'>Ἀθηναίων</span> <span class='ocrx_word' id='word_1_53' title='bbox 691 673 778 725; x_wconf 83' lang='grc' dir='ltr'>ἕνα</span> <span class='ocrx_word' id='word_1_54' title='bbox 811 677 993 738; x_wconf 84' lang='grc' dir='ltr'>μοῦνον</span> <span class='ocrx_word' id='word_1_55' title='bbox 1024 671 1110 724; x_wconf 84' lang='grc' dir='ltr'>τὸν</span> <span class='ocrx_word' id='word_1_56' title='bbox 1141 671 1471 725; x_wconf 85' lang='grc' dir='ltr'>ἀποσωθέντα</span> <span class='ocrx_word' id='word_1_57' title='bbox 1501 672 1662 725; x_wconf 82' lang='grc' dir='ltr'>αὐτῶν</span> <span class='ocrx_word' id='word_1_58' title='bbox 1695 675 1745 727; x_wconf 82' lang='grc' dir='ltr'>ἐς</span> 
     </span>
     <span class='ocr_line' id='line_1_8' title="bbox 72 756 1745 830; baseline 0 -22"><span class='ocrx_word' id='word_1_59' title='bbox 72 756 164 822; x_wconf 76' lang='grc' dir='ltr'>τὴν</span> <span class='ocrx_word' id='word_1_60' title='bbox 202 756 435 822; x_wconf 81' lang='grc' dir='ltr'>Ἀττικὴν</span> <span class='ocrx_word' id='word_1_61' title='bbox 473 756 729 830; x_wconf 89' lang='grc' dir='ltr'>γενέσθαι·</span> <span class='ocrx_word' id='word_1_62' title='bbox 779 756 914 822; x_wconf 79' lang='grc' dir='ltr'>πλὴν</span> <span class='ocrx_word' id='word_1_63' title='bbox 950 757 1169 824; x_wconf 82' lang='grc' dir='ltr'>Ἀργεῖοι</span> <span class='ocrx_word' id='word_1_64' title='bbox 1204 759 1297 822; x_wconf 78' lang='grc' dir='ltr'>μὲν</span> <span class='ocrx_word' id='word_1_65' title='bbox 1332 756 1545 824; x_wconf 91' lang='grc' dir='ltr'>λέγουσι</span> <span class='ocrx_word' id='word_1_66' title='bbox 1582 757 1745 809; x_wconf 85' lang='grc' dir='ltr'>αὐτῶν</span> 
     </span>
     <span class='ocr_line' id='line_1_9' title="bbox 73 840 1744 910; baseline 0.001 -17"><span class='ocrx_word' id='word_1_67' title='bbox 73 841 131 893; x_wconf 86' lang='grc' dir='ltr'>τὸ</span> <span class='ocrx_word' id='word_1_68' title='bbox 174 841 402 895; x_wconf 88' lang='grc' dir='ltr'>Ἀττικὸν</span> <span class='ocrx_word' id='word_1_69' title='bbox 457 843 796 910; x_wconf 90' lang='grc' dir='ltr'>στρατόπεδον</span> <span class='ocrx_word' id='word_1_70' title='bbox 847 840 1241 910; x_wconf 83' lang='grc' dir='ltr'>διαφθειράντων</span> <span class='ocrx_word' id='word_1_71' title='bbox 1293 840 1379 894; x_wconf 87' lang='grc' dir='ltr'>τὸν</span> <span class='ocrx_word' id='word_1_72' title='bbox 1431 842 1518 894; x_wconf 82' lang='grc' dir='ltr'>ἕνα</span> <span class='ocrx_word' id='word_1_73' title='bbox 1569 846 1744 894; x_wconf 83' lang='grc' dir='ltr'>τοῦτον</span> 
     </span>
     <span class='ocr_line' id='line_1_10' title="bbox 74 925 1743 995; baseline -0.001 -16"><span class='ocrx_word' id='word_1_74' title='bbox 74 926 440 995; x_wconf 82' lang='grc' dir='ltr'>περιγενέσθαι,</span> <span class='ocrx_word' id='word_1_75' title='bbox 499 927 757 993; x_wconf 84' lang='grc' dir='ltr'>Ἀθηναῖοι</span> <span class='ocrx_word' id='word_1_76' title='bbox 809 929 862 979; x_wconf 81' lang='grc' dir='ltr'>δὲ</span> <span class='ocrx_word' id='word_1_77' title='bbox 913 931 1002 979; x_wconf 85' lang='grc' dir='ltr'>τοῦ</span> <span class='ocrx_word' id='word_1_78' title='bbox 1052 928 1323 992; x_wconf 86' lang='grc' dir='ltr'>δαιμονίου·</span> <span class='ocrx_word' id='word_1_79' title='bbox 1393 925 1743 993; x_wconf 89' lang='grc' dir='ltr'>περιγενέσθαι</span> 
     </span>
     <span class='ocr_line' id='line_1_11' title="bbox 0 1006 1740 1081; baseline -0.002 -15"><span class='ocrx_word' id='word_1_80' title='bbox 0 1037 48 1066; x_wconf 81' lang='grc' dir='ltr'>ιο</span> <span class='ocrx_word' id='word_1_81' title='bbox 72 1010 243 1077; x_wconf 90' lang='grc' dir='ltr'>μέντοι</span> <span class='ocrx_word' id='word_1_82' title='bbox 274 1011 386 1066; x_wconf 79' lang='grc' dir='ltr'>οὐδὲ</span> <span class='ocrx_word' id='word_1_83' title='bbox 419 1017 594 1065; x_wconf 83' lang='grc' dir='ltr'>τοῦτον</span> <span class='ocrx_word' id='word_1_84' title='bbox 627 1011 715 1064; x_wconf 88' lang='grc' dir='ltr'>τὸν</span> <span class='ocrx_word' id='word_1_85' title='bbox 753 1012 855 1072; x_wconf 80' lang='grc' dir='ltr'>ἕνα,</span> <span class='ocrx_word' id='word_1_86' title='bbox 890 1010 1007 1064; x_wconf 84' lang='grc' dir='ltr'>ἀλλ’</span> <span class='ocrx_word' id='word_1_87' title='bbox 1039 1010 1323 1063; x_wconf 84' lang='grc' dir='ltr'>ἀπολέσθαι</span> <span class='ocrx_word' id='word_1_88' title='bbox 1351 1012 1516 1080; x_wconf 80' lang='grc' dir='ltr'>τρόπῳ</span> <span class='ocrx_word' id='word_1_89' title='bbox 1551 1006 1740 1081; x_wconf 75' lang='grc' dir='ltr'>τοιῷδε·</span> 
     </span>
     <span class='ocr_line' id='line_1_12' title="bbox 75 1094 1743 1165; baseline 0.002 -18"><span class='ocrx_word' id='word_1_90' title='bbox 75 1096 330 1162; x_wconf 88' lang='grc' dir='ltr'>κομισθεὶς</span> <span class='ocrx_word' id='word_1_91' title='bbox 351 1096 446 1165; x_wconf 85' lang='grc' dir='ltr'>ἄρα</span> <span class='ocrx_word' id='word_1_92' title='bbox 464 1099 515 1151; x_wconf 79' lang='grc' dir='ltr'>ἐς</span> <span class='ocrx_word' id='word_1_93' title='bbox 535 1098 622 1151; x_wconf 78' lang='grc' dir='ltr'>τὰς</span> <span class='ocrx_word' id='word_1_94' title='bbox 641 1095 856 1161; x_wconf 88' lang='grc' dir='ltr'>Ἀθήνας</span> <span class='ocrx_word' id='word_1_95' title='bbox 874 1094 1168 1164; x_wconf 80' lang='grc' dir='ltr'>ἀπήγγελλε</span> <span class='ocrx_word' id='word_1_96' title='bbox 1185 1099 1239 1147; x_wconf 87' lang='grc' dir='ltr'>τὸ</span> <span class='ocrx_word' id='word_1_97' title='bbox 1260 1094 1433 1150; x_wconf 85' lang='grc' dir='ltr'>πάθος·</span> <span class='ocrx_word' id='word_1_98' title='bbox 1466 1095 1743 1161; x_wconf 87' lang='grc' dir='ltr'>πυθομένας</span> 
     </span>
     <span class='ocr_line' id='line_1_13' title="bbox 74 1178 1742 1250; baseline -0.001 -17"><span class='ocrx_word' id='word_1_99' title='bbox 74 1183 128 1234; x_wconf 77' lang='grc' dir='ltr'>δὲ</span> <span class='ocrx_word' id='word_1_100' title='bbox 164 1182 254 1236; x_wconf 81' lang='grc' dir='ltr'>τὰς</span> <span class='ocrx_word' id='word_1_101' title='bbox 289 1186 526 1250; x_wconf 82' lang='grc' dir='ltr'>γυναῖκας</span> <span class='ocrx_word' id='word_1_102' title='bbox 561 1185 660 1234; x_wconf 81' lang='grc' dir='ltr'>τῶν</span> <span class='ocrx_word' id='word_1_103' title='bbox 691 1180 769 1233; x_wconf 82' lang='grc' dir='ltr'>ἐπ’</span> <span class='ocrx_word' id='word_1_104' title='bbox 805 1182 1016 1249; x_wconf 79' lang='grc' dir='ltr'>Αἴγιναν</span> <span class='ocrx_word' id='word_1_105' title='bbox 1053 1178 1498 1248; x_wconf 87' lang='grc' dir='ltr'>στρατευσαμένων</span> <span class='ocrx_word' id='word_1_106' title='bbox 1534 1181 1742 1246; x_wconf 81' lang='grc' dir='ltr'>ἀνδρῶν,</span> 
     </span>
     <span class='ocr_line' id='line_1_14' title="bbox 73 1263 1742 1333; baseline -0.001 -16"><span class='ocrx_word' id='word_1_107' title='bbox 73 1266 237 1319; x_wconf 89' lang='grc' dir='ltr'>δεινόν</span> <span class='ocrx_word' id='word_1_108' title='bbox 266 1288 316 1319; x_wconf 89' lang='grc' dir='ltr'>τι</span> <span class='ocrx_word' id='word_1_109' title='bbox 355 1265 697 1333; x_wconf 89' lang='grc' dir='ltr'>ποιησαμένας</span> <span class='ocrx_word' id='word_1_110' title='bbox 737 1269 898 1318; x_wconf 83' lang='grc' dir='ltr'>κεῖνον</span> <span class='ocrx_word' id='word_1_111' title='bbox 932 1269 1117 1332; x_wconf 84' lang='grc' dir='ltr'>μοῦνον</span> <span class='ocrx_word' id='word_1_112' title='bbox 1148 1263 1207 1329; x_wconf 79' lang='grc' dir='ltr'>ἐξ</span> <span class='ocrx_word' id='word_1_113' title='bbox 1240 1263 1472 1317; x_wconf 82' lang='grc' dir='ltr'>ἁπάντων</span> <span class='ocrx_word' id='word_1_114' title='bbox 1504 1267 1742 1330; x_wconf 81' lang='grc' dir='ltr'>σωθῆναι,</span> 
     </span>
     <span class='ocr_line' id='line_1_15' title="bbox 0 1349 1746 1421; baseline -0.001 -19"><span class='ocrx_word' id='word_1_115' title='bbox 0 1349 14 1372; x_wconf 73' lang='grc'><strong>”</strong></span> <span class='ocrx_word' id='word_1_116' title='bbox 75 1349 222 1418; x_wconf 80' lang='grc' dir='ltr'>πέριξ</span> <span class='ocrx_word' id='word_1_117' title='bbox 260 1351 348 1404; x_wconf 86' lang='grc' dir='ltr'>τὸν</span> <span class='ocrx_word' id='word_1_118' title='bbox 389 1351 650 1419; x_wconf 85' lang='grc' dir='ltr'>ἄνθρωπον</span> <span class='ocrx_word' id='word_1_119' title='bbox 689 1355 864 1403; x_wconf 83' lang='grc' dir='ltr'>τοῦτον</span> <span class='ocrx_word' id='word_1_120' title='bbox 903 1349 1168 1416; x_wconf 86' lang='grc' dir='ltr'>λαβούσας</span> <span class='ocrx_word' id='word_1_121' title='bbox 1207 1350 1286 1402; x_wconf 86' lang='grc' dir='ltr'>καὶ</span> <span class='ocrx_word' id='word_1_122' title='bbox 1324 1349 1591 1403; x_wconf 85' lang='grc' dir='ltr'>κεντεύσας</span> <span class='ocrx_word' id='word_1_123' title='bbox 1628 1350 1746 1421; x_wconf 81' lang='grc' dir='ltr'>τῇσι</span> 
     </span>
     <span class='ocr_line' id='line_1_16' title="bbox 0 1433 1743 1509; baseline -0.001 -22"><span class='ocrx_word' id='word_1_124' title='bbox 0 1458 45 1499; x_wconf 88' lang='lat'>15</span> <span class='ocrx_word' id='word_1_125' title='bbox 75 1436 315 1509; x_wconf 88' lang='grc' dir='ltr'>περόνῃσι</span> <span class='ocrx_word' id='word_1_126' title='bbox 363 1441 462 1488; x_wconf 85' lang='grc' dir='ltr'>τῶν</span> <span class='ocrx_word' id='word_1_127' title='bbox 508 1437 714 1502; x_wconf 83' lang='grc' dir='ltr'>ἱματίων</span> <span class='ocrx_word' id='word_1_128' title='bbox 759 1437 966 1502; x_wconf 81' lang='grc' dir='ltr'>εἰρωτᾶν</span> <span class='ocrx_word' id='word_1_129' title='bbox 1012 1433 1230 1499; x_wconf 86' lang='grc' dir='ltr'>ἑκάστην</span> <span class='ocrx_word' id='word_1_130' title='bbox 1275 1433 1464 1487; x_wconf 85' lang='grc' dir='ltr'>αὐτέων</span> <span class='ocrx_word' id='word_1_131' title='bbox 1507 1435 1623 1486; x_wconf 86' lang='grc' dir='ltr'>ὅκου</span> <span class='ocrx_word' id='word_1_132' title='bbox 1670 1436 1743 1498; x_wconf 83' lang='grc' dir='ltr'>εἴη</span> 
     </span>
    </p>
   </div>
   <div class='ocr_carea' id='block_1_3' title="bbox 1782 120 1932 169">
    <p class='ocr_par' dir='ltr' id='par_1_3' title="bbox 1782 120 1932 169">
     <span class='ocr_line' id='line_1_17' title="bbox 1782 120 1932 169; baseline 0.02 -3"><span class='ocrx_word' id='word_1_133' title='bbox 1782 120 1841 167; x_wconf 91' lang='lat' dir='ltr'>V.</span> <span class='ocrx_word' id='word_1_134' title='bbox 1861 121 1932 169; x_wconf 87' lang='grc'>86</span> 
     </span>
    </p>
   </div>
   <div class='ocr_carea' id='block_1_4' title="bbox 1783 512 1845 572">
    <p class='ocr_par' dir='ltr' id='par_1_4' title="bbox 1783 512 1845 572">
     <span class='ocr_line' id='line_1_18' title="bbox 1783 512 1845 572; baseline 0 0"><span class='ocrx_word' id='word_1_135' title='bbox 1783 512 1845 572; x_wconf 88' lang='grc'>87</span> 
     </span>
    </p>
   </div>
   <div class='ocr_carea' id='block_1_5' title="bbox 1783 775 1808 807">
    <p class='ocr_par' dir='ltr' id='par_1_5' title="bbox 1783 775 1808 807">
     <span class='ocr_line' id='line_1_19' title="bbox 1783 775 1808 807; baseline 0 0"><span class='ocrx_word' id='word_1_136' title='bbox 1783 775 1808 807; x_wconf 87' lang='grc'><strong>2</strong></span> 
     </span>
    </p>
   </div>
   <div class='ocr_carea' id='block_1_6' title="bbox 76 1520 1806 1588">
    <p class='ocr_par' dir='ltr' id='par_1_6' title="bbox 76 1520 1806 1588">
     <span class='ocr_line' id='line_1_20' title="bbox 76 1520 1806 1588; baseline 0 -18"><span class='ocrx_word' id='word_1_137' title='bbox 76 1521 103 1570; x_wconf 85' lang='grc' dir='ltr'><em>ὃ</em></span> <span class='ocrx_word' id='word_1_138' title='bbox 161 1523 345 1586; x_wconf 85' lang='grc' dir='ltr'>ἑωυτῆς</span> <span class='ocrx_word' id='word_1_139' title='bbox 410 1520 550 1588; x_wconf 87' lang='grc' dir='ltr'>ἀνήρ.</span> <span class='ocrx_word' id='word_1_140' title='bbox 670 1520 749 1572; x_wconf 89' lang='grc' dir='ltr'>καὶ</span> <span class='ocrx_word' id='word_1_141' title='bbox 811 1524 990 1572; x_wconf 84' lang='grc' dir='ltr'>τοῦτον</span> <span class='ocrx_word' id='word_1_142' title='bbox 1054 1522 1145 1585; x_wconf 81' lang='grc' dir='ltr'>μὲν</span> <span class='ocrx_word' id='word_1_143' title='bbox 1203 1520 1326 1571; x_wconf 83' lang='grc' dir='ltr'>οὕτω</span> <span class='ocrx_word' id='word_1_144' title='bbox 1393 1521 1741 1586; x_wconf 86' lang='grc' dir='ltr'>διαφθαρῆναι,</span> <span class='ocrx_word' id='word_1_145' title='bbox 1780 1530 1806 1574; x_wconf 89' lang='grc'>3</span> 
     </span>
    </p>
   </div>
   <div class='ocr_carea' id='block_1_7' title="bbox 0 1602 1744 2519">
    <p class='ocr_par' dir='ltr' id='par_1_7' title="bbox 0 1602 1744 2519">
     <span class='ocr_line' id='line_1_21' title="bbox 77 1602 1744 1670; baseline -0.001 -14"><span class='ocrx_word' id='word_1_146' title='bbox 77 1604 391 1670; x_wconf 90' lang='grc' dir='ltr'>Ἀθηναίοισι</span> <span class='ocrx_word' id='word_1_147' title='bbox 423 1608 476 1658; x_wconf 82' lang='grc' dir='ltr'>δὲ</span> <span class='ocrx_word' id='word_1_148' title='bbox 506 1605 578 1658; x_wconf 85' lang='grc' dir='ltr'>ἔτι</span> <span class='ocrx_word' id='word_1_149' title='bbox 610 1610 698 1657; x_wconf 85' lang='grc' dir='ltr'>τοῦ</span> <span class='ocrx_word' id='word_1_150' title='bbox 734 1604 918 1658; x_wconf 86' lang='grc' dir='ltr'>πάθεος</span> <span class='ocrx_word' id='word_1_151' title='bbox 949 1604 1226 1670; x_wconf 90' lang='grc' dir='ltr'>δεινότερόν</span> <span class='ocrx_word' id='word_1_152' title='bbox 1260 1625 1307 1655; x_wconf 94' lang='grc' dir='ltr'>τι</span> <span class='ocrx_word' id='word_1_153' title='bbox 1343 1602 1484 1668; x_wconf 78' lang='grc' dir='ltr'>δόξαι</span> <span class='ocrx_word' id='word_1_154' title='bbox 1520 1602 1646 1655; x_wconf 81' lang='grc' dir='ltr'>εἶναι</span> <span class='ocrx_word' id='word_1_155' title='bbox 1686 1602 1744 1654; x_wconf 90' lang='grc' dir='ltr'>τὸ</span> 
     </span>
     <span class='ocr_line' id='line_1_22' title="bbox 76 1687 1743 1759; baseline -0.001 -18"><span class='ocrx_word' id='word_1_156' title='bbox 76 1694 175 1742; x_wconf 83' lang='grc' dir='ltr'>τῶν</span> <span class='ocrx_word' id='word_1_157' title='bbox 193 1695 439 1757; x_wconf 82' lang='grc' dir='ltr'>γυναικῶν</span> <span class='ocrx_word' id='word_1_158' title='bbox 459 1691 624 1758; x_wconf 85' lang='grc' dir='ltr'>ἔργον.</span> <span class='ocrx_word' id='word_1_159' title='bbox 688 1688 828 1759; x_wconf 80' lang='grc' dir='ltr'>ἄλλῳ</span> <span class='ocrx_word' id='word_1_160' title='bbox 847 1691 938 1754; x_wconf 79' lang='grc' dir='ltr'>μὲν</span> <span class='ocrx_word' id='word_1_161' title='bbox 959 1687 1015 1752; x_wconf 77' lang='grc' dir='ltr'>δὴ</span> <span class='ocrx_word' id='word_1_162' title='bbox 1038 1688 1124 1740; x_wconf 84' lang='grc' dir='ltr'>οὐκ</span> <span class='ocrx_word' id='word_1_163' title='bbox 1148 1688 1285 1756; x_wconf 84' lang='grc' dir='ltr'>ἔχειν</span> <span class='ocrx_word' id='word_1_164' title='bbox 1308 1689 1429 1757; x_wconf 80' lang='grc' dir='ltr'>ὅτεῳ</span> <span class='ocrx_word' id='word_1_165' title='bbox 1456 1687 1743 1753; x_wconf 77' lang='grc' dir='ltr'>ζημιώσωσι</span> 
     </span>
     <span class='ocr_line' id='line_1_23' title="bbox 72 1771 1741 1842; baseline -0.001 -17"><span class='ocrx_word' id='word_1_166' title='bbox 72 1776 160 1828; x_wconf 82' lang='grc' dir='ltr'>τὰς</span> <span class='ocrx_word' id='word_1_167' title='bbox 185 1780 436 1842; x_wconf 85' lang='grc' dir='ltr'>γυναῖκας,</span> <span class='ocrx_word' id='word_1_168' title='bbox 462 1774 553 1840; x_wconf 82' lang='grc' dir='ltr'>τὴν</span> <span class='ocrx_word' id='word_1_169' title='bbox 583 1776 637 1827; x_wconf 81' lang='grc' dir='ltr'>δὲ</span> <span class='ocrx_word' id='word_1_170' title='bbox 660 1776 850 1839; x_wconf 86' lang='grc' dir='ltr'>ἐσθῆτα</span> <span class='ocrx_word' id='word_1_171' title='bbox 878 1772 1164 1839; x_wconf 85' lang='grc' dir='ltr'>μετέβαλον</span> <span class='ocrx_word' id='word_1_172' title='bbox 1188 1771 1375 1824; x_wconf 86' lang='grc' dir='ltr'>αὐτέων</span> <span class='ocrx_word' id='word_1_173' title='bbox 1400 1774 1451 1826; x_wconf 84' lang='grc' dir='ltr'>ἐς</span> <span class='ocrx_word' id='word_1_174' title='bbox 1474 1771 1564 1837; x_wconf 82' lang='grc' dir='ltr'>τὴν</span> <span class='ocrx_word' id='word_1_175' title='bbox 1589 1771 1741 1824; x_wconf 87' lang='grc' dir='ltr'>Ἰάδα·</span> 
     </span>
     <span class='ocr_line' id='line_1_24' title="bbox 0 1857 1743 1927; baseline -0.001 -19"><span class='ocrx_word' id='word_1_176' title='bbox 0 1879 47 1908; x_wconf 86' lang='lat'>20</span> <span class='ocrx_word' id='word_1_177' title='bbox 72 1860 285 1927; x_wconf 80' lang='grc' dir='ltr'>ἐφόρεον</span> <span class='ocrx_word' id='word_1_178' title='bbox 318 1861 414 1927; x_wconf 82' lang='grc' dir='ltr'>γὰρ</span> <span class='ocrx_word' id='word_1_179' title='bbox 447 1859 505 1924; x_wconf 81' lang='grc' dir='ltr'>δὴ</span> <span class='ocrx_word' id='word_1_180' title='bbox 537 1858 633 1926; x_wconf 86' lang='grc' dir='ltr'>πρὸ</span> <span class='ocrx_word' id='word_1_181' title='bbox 665 1863 751 1911; x_wconf 82' lang='grc' dir='ltr'>τοῦ</span> <span class='ocrx_word' id='word_1_182' title='bbox 781 1860 831 1910; x_wconf 84' lang='grc' dir='ltr'>αἱ</span> <span class='ocrx_word' id='word_1_183' title='bbox 862 1863 959 1910; x_wconf 83' lang='grc' dir='ltr'>τῶν</span> <span class='ocrx_word' id='word_1_184' title='bbox 984 1857 1264 1922; x_wconf 85' lang='grc' dir='ltr'>Ἀθηναίων</span> <span class='ocrx_word' id='word_1_185' title='bbox 1294 1862 1522 1924; x_wconf 83' lang='grc' dir='ltr'>γυναῖκες</span> <span class='ocrx_word' id='word_1_186' title='bbox 1554 1859 1743 1921; x_wconf 85' lang='grc' dir='ltr'>ἐσθῆτα</span> 
     </span>
     <span class='ocr_line' id='line_1_25' title="bbox 75 1939 1742 2016; baseline 0.001 -22"><span class='ocrx_word' id='word_1_187' title='bbox 75 1944 290 2010; x_wconf 88' lang='grc' dir='ltr'>Δωρίδα,</span> <span class='ocrx_word' id='word_1_188' title='bbox 333 1946 392 2016; x_wconf 84' lang='grc' dir='ltr'>τῇ</span> <span class='ocrx_word' id='word_1_189' title='bbox 432 1944 669 2016; x_wconf 86' lang='grc' dir='ltr'>Κορινθίῃ</span> <span class='ocrx_word' id='word_1_190' title='bbox 706 1940 1214 2010; x_wconf 83' lang='grc' dir='ltr'>παραπλησιωτάτην·</span> <span class='ocrx_word' id='word_1_191' title='bbox 1259 1941 1546 2007; x_wconf 88' lang='grc' dir='ltr'>μετέβαλον</span> <span class='ocrx_word' id='word_1_192' title='bbox 1582 1939 1649 1993; x_wconf 71' lang='grc' dir='ltr'>ὧν</span> <span class='ocrx_word' id='word_1_193' title='bbox 1691 1943 1742 1995; x_wconf 84' lang='grc' dir='ltr'>ἐς</span> 
     </span>
     <span class='ocr_line' id='line_1_26' title="bbox 69 2025 1738 2099; baseline -0.002 -19"><span class='ocrx_word' id='word_1_194' title='bbox 69 2027 157 2080; x_wconf 87' lang='grc' dir='ltr'>τὸν</span> <span class='ocrx_word' id='word_1_195' title='bbox 188 2029 358 2099; x_wconf 87' lang='grc' dir='ltr'>λίνεον</span> <span class='ocrx_word' id='word_1_196' title='bbox 389 2032 588 2088; x_wconf 82' lang='grc' dir='ltr'>κιθῶνα,</span> <span class='ocrx_word' id='word_1_197' title='bbox 622 2029 704 2081; x_wconf 84' lang='grc' dir='ltr'>ἵνα</span> <span class='ocrx_word' id='word_1_198' title='bbox 739 2027 796 2092; x_wconf 79' lang='grc' dir='ltr'>δὴ</span> <span class='ocrx_word' id='word_1_199' title='bbox 834 2027 1077 2098; x_wconf 86' lang='grc' dir='ltr'>περόνῃσι</span> <span class='ocrx_word' id='word_1_200' title='bbox 1105 2026 1172 2093; x_wconf 80' lang='grc' dir='ltr'>μὴ</span> <span class='ocrx_word' id='word_1_201' title='bbox 1209 2025 1464 2094; x_wconf 90' lang='grc' dir='ltr'>χρέωνται.</span> <span class='ocrx_word' id='word_1_202' title='bbox 1540 2025 1650 2077; x_wconf 84' lang='grc' dir='ltr'>ἔστι</span> <span class='ocrx_word' id='word_1_203' title='bbox 1687 2028 1738 2077; x_wconf 82' lang='grc' dir='ltr'>δὲ</span> 
     </span>
     <span class='ocr_line' id='line_1_27' title="bbox 70 2109 1739 2184; baseline -0.001 -20"><span class='ocrx_word' id='word_1_204' title='bbox 70 2112 248 2178; x_wconf 86' lang='grc' dir='ltr'>ἆληθέϊ</span> <span class='ocrx_word' id='word_1_205' title='bbox 275 2114 412 2184; x_wconf 82' lang='grc' dir='ltr'>λόγῳ</span> <span class='ocrx_word' id='word_1_206' title='bbox 450 2111 784 2182; x_wconf 86' lang='grc' dir='ltr'>χρεωμένοισι</span> <span class='ocrx_word' id='word_1_207' title='bbox 814 2111 900 2163; x_wconf 84' lang='grc' dir='ltr'>οὐκ</span> <span class='ocrx_word' id='word_1_208' title='bbox 932 2111 1031 2165; x_wconf 82' lang='grc' dir='ltr'>Ἰὰς</span> <span class='ocrx_word' id='word_1_209' title='bbox 1062 2112 1181 2175; x_wconf 82' lang='grc' dir='ltr'>αὕτη</span> <span class='ocrx_word' id='word_1_210' title='bbox 1206 2111 1235 2176; x_wconf 88' lang='grc' dir='ltr'>ἡ</span> <span class='ocrx_word' id='word_1_211' title='bbox 1262 2109 1414 2175; x_wconf 78' lang='grc' dir='ltr'>ἐσθὴς</span> <span class='ocrx_word' id='word_1_212' title='bbox 1443 2109 1500 2162; x_wconf 87' lang='grc' dir='ltr'>τὸ</span> <span class='ocrx_word' id='word_1_213' title='bbox 1524 2109 1739 2163; x_wconf 85' lang='grc' dir='ltr'>παλαιὸν</span> 
     </span>
     <span class='ocr_line' id='line_1_28' title="bbox 70 2194 1736 2267; baseline -0.002 -18"><span class='ocrx_word' id='word_1_214' title='bbox 70 2199 206 2249; x_wconf 83' lang='grc' dir='ltr'>ἀλλὰ</span> <span class='ocrx_word' id='word_1_215' title='bbox 248 2197 452 2267; x_wconf 88' lang='grc' dir='ltr'>Κάειρα,</span> <span class='ocrx_word' id='word_1_216' title='bbox 493 2199 603 2252; x_wconf 83' lang='grc' dir='ltr'>ἐπεὶ</span> <span class='ocrx_word' id='word_1_217' title='bbox 638 2198 671 2263; x_wconf 89' lang='grc' dir='ltr'>ἥ</span> <span class='ocrx_word' id='word_1_218' title='bbox 706 2219 765 2265; x_wconf 92' lang='grc' dir='ltr'>γε</span> <span class='ocrx_word' id='word_1_219' title='bbox 800 2194 1076 2262; x_wconf 78' lang='grc' dir='ltr'>Ἑλληνικὴ</span> <span class='ocrx_word' id='word_1_220' title='bbox 1118 2195 1272 2260; x_wconf 82' lang='grc' dir='ltr'>ἐσθὴς</span> <span class='ocrx_word' id='word_1_221' title='bbox 1312 2198 1453 2246; x_wconf 81' lang='grc' dir='ltr'>πᾶσα</span> <span class='ocrx_word' id='word_1_222' title='bbox 1487 2195 1516 2260; x_wconf 85' lang='grc' dir='ltr'>ἡ</span> <span class='ocrx_word' id='word_1_223' title='bbox 1555 2196 1736 2263; x_wconf 84' lang='grc' dir='ltr'>ἀρχαίη</span> 
     </span>
     <span class='ocr_line' id='line_1_29' title="bbox 0 2274 1739 2350; baseline -0.002 -16"><span class='ocrx_word' id='word_1_224' title='bbox 0 2300 44 2343; x_wconf 85' lang='lat'>25</span> <span class='ocrx_word' id='word_1_225' title='bbox 69 2288 168 2334; x_wconf 82' lang='grc' dir='ltr'>τῶν</span> <span class='ocrx_word' id='word_1_226' title='bbox 197 2289 442 2350; x_wconf 81' lang='grc' dir='ltr'>γυναικῶν</span> <span class='ocrx_word' id='word_1_227' title='bbox 471 2283 501 2349; x_wconf 87' lang='grc' dir='ltr'>ἡ</span> <span class='ocrx_word' id='word_1_228' title='bbox 534 2282 654 2347; x_wconf 81' lang='grc' dir='ltr'>αὐτὴ</span> <span class='ocrx_word' id='word_1_229' title='bbox 685 2281 746 2347; x_wconf 84' lang='grc' dir='ltr'>ἧν</span> <span class='ocrx_word' id='word_1_230' title='bbox 770 2281 859 2347; x_wconf 78' lang='grc' dir='ltr'>τὴν</span> <span class='ocrx_word' id='word_1_231' title='bbox 889 2285 976 2334; x_wconf 85' lang='grc' dir='ltr'>νῦν</span> <span class='ocrx_word' id='word_1_232' title='bbox 1009 2281 1208 2348; x_wconf 90' lang='grc' dir='ltr'>Δωρίδα</span> <span class='ocrx_word' id='word_1_233' title='bbox 1239 2278 1501 2345; x_wconf 90' lang='grc' dir='ltr'>καλέομεν.</span> <span class='ocrx_word' id='word_1_234' title='bbox 1574 2274 1739 2331; x_wconf 67' lang='grc' dir='ltr'>Ττοῖσι</span> 
     </span>
     <span class='ocr_line' id='line_1_30' title="bbox 70 2359 1737 2438; baseline -0.002 -20"><span class='ocrx_word' id='word_1_235' title='bbox 70 2369 124 2420; x_wconf 81' lang='grc' dir='ltr'>δὲ</span> <span class='ocrx_word' id='word_1_236' title='bbox 153 2366 431 2436; x_wconf 89' lang='grc' dir='ltr'>Ἀργείοισι</span> <span class='ocrx_word' id='word_1_237' title='bbox 463 2369 542 2421; x_wconf 85' lang='grc' dir='ltr'>καὶ</span> <span class='ocrx_word' id='word_1_238' title='bbox 574 2373 708 2420; x_wconf 86' lang='grc' dir='ltr'>τοῖσι</span> <span class='ocrx_word' id='word_1_239' title='bbox 733 2359 1074 2438; x_wconf 49' lang='grc' dir='ltr'>Αἰγινήτῃσιῗ</span> <span class='ocrx_word' id='word_1_240' title='bbox 1098 2366 1178 2417; x_wconf 90' lang='grc' dir='ltr'>καὶ</span> <span class='ocrx_word' id='word_1_241' title='bbox 1208 2364 1329 2432; x_wconf 84' lang='grc' dir='ltr'>πρὸς</span> <span class='ocrx_word' id='word_1_242' title='bbox 1352 2369 1505 2416; x_wconf 85' lang='grc' dir='ltr'>ταῦτα</span> <span class='ocrx_word' id='word_1_243' title='bbox 1529 2364 1602 2416; x_wconf 86' lang='grc' dir='ltr'>ἔτι</span> <span class='ocrx_word' id='word_1_244' title='bbox 1624 2365 1737 2416; x_wconf 88' lang='grc' dir='ltr'>τόδε</span> 
     </span>
     <span class='ocr_line' id='line_1_31' title="bbox 70 2448 1737 2519; baseline -0.001 -15"><span class='ocrx_word' id='word_1_245' title='bbox 70 2455 277 2517; x_wconf 88' lang='grc' dir='ltr'>ποιῆσαι</span> <span class='ocrx_word' id='word_1_246' title='bbox 320 2454 475 2518; x_wconf 91' lang='grc' dir='ltr'>νόμον</span> <span class='ocrx_word' id='word_1_247' title='bbox 517 2452 659 2514; x_wconf 79' lang='grc' dir='ltr'>εἶναι,</span> <span class='ocrx_word' id='word_1_248' title='bbox 703 2453 837 2518; x_wconf 79' lang='grc' dir='ltr'>παρὰ</span> <span class='ocrx_word' id='word_1_249' title='bbox 879 2452 1036 2519; x_wconf 91' lang='grc' dir='ltr'>σφίσι</span> <span class='ocrx_word' id='word_1_250' title='bbox 1077 2448 1356 2516; x_wconf 82' lang='grc' dir='ltr'>ἑκατέροισι</span> <span class='ocrx_word' id='word_1_251' title='bbox 1397 2450 1485 2503; x_wconf 77' lang='grc' dir='ltr'>τὰς</span> <span class='ocrx_word' id='word_1_252' title='bbox 1525 2449 1737 2515; x_wconf 89' lang='grc' dir='ltr'>περόνας</span> 
     </span>
    </p>
   </div>
   <div class='ocr_carea' id='block_1_8' title="bbox 68 2589 1736 2974">
    <p class='ocr_par' dir='ltr' id='par_1_8' title="bbox 68 2589 1736 2974">
     <span class='ocr_line' id='line_1_32' title="bbox 128 2589 1736 2646; baseline -0.002 -15"><span class='ocrx_word' id='word_1_253' title='bbox 128 2605 145 2631; x_wconf 94' lang='lat'>1</span> <span class='ocrx_word' id='word_1_254' title='bbox 181 2601 254 2646; x_wconf 85' lang='grc' dir='ltr'>σφι</span> <span class='ocrx_word' id='word_1_255' title='bbox 277 2592 310 2632; x_wconf 89' lang='grc' dir='ltr'>Ρ</span> <span class='ocrx_word' id='word_1_256' title='bbox 324 2593 354 2633; x_wconf 88' lang='lat' dir='ltr'>S</span> <span class='ocrx_word' id='word_1_257' title='bbox 367 2594 405 2632; x_wconf 93' lang='lat' dir='ltr'>V</span> <span class='ocrx_word' id='word_1_258' title='bbox 418 2593 457 2632; x_wconf 92' lang='lat' dir='ltr'><strong>U</strong></span> <span class='ocrx_word' id='word_1_259' title='bbox 694 2605 720 2642; x_wconf 82' lang='lat'><strong>3</strong></span> <span class='ocrx_word' id='word_1_260' title='bbox 750 2590 980 2633; x_wconf 83' lang='grc' dir='ltr'>ἐπιπεσέειν</span> <span class='ocrx_word' id='word_1_261' title='bbox 1004 2591 1037 2629; x_wconf 87' lang='grc' dir='ltr'>Ρ</span> <span class='ocrx_word' id='word_1_262' title='bbox 1051 2590 1080 2628; x_wconf 84' lang='lat' dir='ltr'>S</span> <span class='ocrx_word' id='word_1_263' title='bbox 1094 2590 1132 2628; x_wconf 95' lang='lat' dir='ltr'>V</span> <span class='ocrx_word' id='word_1_264' title='bbox 1147 2590 1183 2628; x_wconf 91' lang='lat' dir='ltr'><strong>U</strong></span> <span class='ocrx_word' id='word_1_265' title='bbox 1427 2602 1451 2638; x_wconf 89' lang='grc'>5</span> <span class='ocrx_word' id='word_1_266' title='bbox 1481 2607 1527 2629; x_wconf 84' lang='grc' dir='ltr'>τε</span> <span class='ocrx_word' id='word_1_267' title='bbox 1548 2603 1630 2628; x_wconf 88' lang='lat' dir='ltr'>om.</span> <span class='ocrx_word' id='word_1_268' title='bbox 1653 2589 1683 2629; x_wconf 90' lang='lat' dir='ltr'>S</span> <span class='ocrx_word' id='word_1_269' title='bbox 1698 2590 1736 2629; x_wconf 95' lang='lat' dir='ltr'>V</span> 
     </span>
     <span class='ocr_line' id='line_1_33' title="bbox 68 2643 1735 2699; baseline 0 -13"><span class='ocrx_word' id='word_1_270' title='bbox 68 2649 96 2686; x_wconf 89' lang='lat'><strong>6</strong></span> <span class='ocrx_word' id='word_1_271' title='bbox 125 2647 278 2689; x_wconf 84' lang='grc' dir='ltr'>αὐτέων</span> <span class='ocrx_word' id='word_1_272' title='bbox 298 2649 329 2688; x_wconf 88' lang='lat' dir='ltr'>S</span> <span class='ocrx_word' id='word_1_273' title='bbox 342 2649 379 2687; x_wconf 94' lang='lat' dir='ltr'>V</span> <span class='ocrx_word' id='word_1_274' title='bbox 395 2649 434 2688; x_wconf 91' lang='lat' dir='ltr'>U</span> <span class='ocrx_word' id='word_1_275' title='bbox 589 2660 630 2686; x_wconf 87' lang='lat'>11</span> <span class='ocrx_word' id='word_1_276' title='bbox 665 2646 758 2699; x_wconf 79' lang='grc' dir='ltr'>ἄρα]</span> <span class='ocrx_word' id='word_1_277' title='bbox 782 2647 860 2699; x_wconf 78' lang='grc' dir='ltr'>γὰρ</span> <span class='ocrx_word' id='word_1_278' title='bbox 884 2647 916 2685; x_wconf 85' lang='lat' dir='ltr'>P</span> <span class='ocrx_word' id='word_1_279' title='bbox 929 2646 1009 2685; x_wconf 89' lang='lat' dir='ltr'>SV</span> <span class='ocrx_word' id='word_1_280' title='bbox 1025 2646 1063 2684; x_wconf 94' lang='lat' dir='ltr'><strong>U</strong></span> <span class='ocrx_word' id='word_1_281' title='bbox 1176 2643 1390 2695; x_wconf 77' lang='grc' dir='ltr'>ἀπήγγελε</span> <span class='ocrx_word' id='word_1_282' title='bbox 1412 2645 1470 2684; x_wconf 88' lang='lat' dir='ltr'>C:</span> <span class='ocrx_word' id='word_1_283' title='bbox 1503 2645 1735 2698; x_wconf 78' lang='grc' dir='ltr'>ἀπήγγειλε</span> 
     </span>
     <span class='ocr_line' id='line_1_34' title="bbox 71 2698 1735 2755; baseline -0.003 -10"><span class='ocrx_word' id='word_1_284' title='bbox 71 2701 101 2741; x_wconf 90' lang='lat' dir='ltr'>S</span> <span class='ocrx_word' id='word_1_285' title='bbox 115 2702 154 2740; x_wconf 95' lang='lat' dir='ltr'>V</span> <span class='ocrx_word' id='word_1_286' title='bbox 290 2702 511 2755; x_wconf 81' lang='grc' dir='ltr'>πυθομένας</span> <span class='ocrx_word' id='word_1_287' title='bbox 531 2716 616 2742; x_wconf 91' lang='lat' dir='ltr'>om.</span> <span class='ocrx_word' id='word_1_288' title='bbox 641 2702 721 2741; x_wconf 89' lang='lat' dir='ltr'>SV</span> <span class='ocrx_word' id='word_1_289' title='bbox 738 2701 776 2740; x_wconf 95' lang='lat' dir='ltr'>U</span> <span class='ocrx_word' id='word_1_290' title='bbox 965 2714 1014 2739; x_wconf 86' lang='lat'>12</span> <span class='ocrx_word' id='word_1_291' title='bbox 1043 2700 1116 2741; x_wconf 81' lang='grc' dir='ltr'>τὰς</span> <span class='ocrx_word' id='word_1_292' title='bbox 1137 2698 1182 2740; x_wconf 85' lang='grc' dir='ltr'>δὲ</span> <span class='ocrx_word' id='word_1_293' title='bbox 1204 2699 1233 2738; x_wconf 89' lang='lat' dir='ltr'>S</span> <span class='ocrx_word' id='word_1_294' title='bbox 1248 2699 1286 2737; x_wconf 94' lang='lat' dir='ltr'>V</span> <span class='ocrx_word' id='word_1_295' title='bbox 1300 2699 1338 2737; x_wconf 95' lang='lat' dir='ltr'><strong>U</strong></span> <span class='ocrx_word' id='word_1_296' title='bbox 1479 2700 1631 2751; x_wconf 82' lang='grc' dir='ltr'>ἀνδρῶν</span> <span class='ocrx_word' id='word_1_297' title='bbox 1652 2712 1735 2740; x_wconf 90' lang='lat' dir='ltr'>om.</span> 
     </span>
     <span class='ocr_line' id='line_1_35' title="bbox 71 2753 1736 2811; baseline -0.002 -15"><span class='ocrx_word' id='word_1_298' title='bbox 71 2757 102 2796; x_wconf 91' lang='lat' dir='ltr'>S</span> <span class='ocrx_word' id='word_1_299' title='bbox 115 2757 153 2796; x_wconf 93' lang='lat' dir='ltr'>V</span> <span class='ocrx_word' id='word_1_300' title='bbox 167 2757 206 2796; x_wconf 94' lang='lat' dir='ltr'>U</span> <span class='ocrx_word' id='word_1_301' title='bbox 348 2770 396 2807; x_wconf 92' lang='lat'>14</span> <span class='ocrx_word' id='word_1_302' title='bbox 417 2759 490 2799; x_wconf 78' lang='grc' dir='ltr'>τὸν</span> <span class='ocrx_word' id='word_1_303' title='bbox 506 2759 708 2811; x_wconf 77' lang='grc' dir='ltr'>ἄνθρωπον</span> <span class='ocrx_word' id='word_1_304' title='bbox 720 2768 801 2797; x_wconf 86' lang='lat' dir='ltr'>om.</span> <span class='ocrx_word' id='word_1_305' title='bbox 825 2757 854 2795; x_wconf 89' lang='lat' dir='ltr'>S</span> <span class='ocrx_word' id='word_1_306' title='bbox 959 2756 1024 2796; x_wconf 78' lang='grc' dir='ltr'>καὶ</span> <span class='ocrx_word' id='word_1_307' title='bbox 1046 2768 1128 2794; x_wconf 90' lang='lat' dir='ltr'>om.</span> <span class='ocrx_word' id='word_1_308' title='bbox 1147 2755 1177 2794; x_wconf 87' lang='lat' dir='ltr'>S</span> <span class='ocrx_word' id='word_1_309' title='bbox 1191 2754 1229 2792; x_wconf 94' lang='lat' dir='ltr'>V</span> <span class='ocrx_word' id='word_1_310' title='bbox 1246 2754 1283 2792; x_wconf 93' lang='lat' dir='ltr'><strong>U</strong></span> <span class='ocrx_word' id='word_1_311' title='bbox 1389 2753 1631 2796; x_wconf 80' lang='grc' dir='ltr'>κεντεούσας</span> <span class='ocrx_word' id='word_1_312' title='bbox 1653 2755 1684 2794; x_wconf 92' lang='lat' dir='ltr'>S</span> <span class='ocrx_word' id='word_1_313' title='bbox 1698 2755 1736 2792; x_wconf 92' lang='lat' dir='ltr'>V</span> 
     </span>
     <span class='ocr_line' id='line_1_36' title="bbox 74 2810 1734 2883; baseline -0.004 -30"><span class='ocrx_word' id='word_1_314' title='bbox 74 2823 122 2861; x_wconf 68' lang='lat'>15</span> <span class='ocrx_word' id='word_1_315' title='bbox 153 2811 307 2883; x_wconf 53' lang='grc' dir='ltr'>ἑκάστη</span> <span class='ocrx_word' id='word_1_316' title='bbox 339 2813 372 2852; x_wconf 94' lang='lat' dir='ltr'>C</span> <span class='ocrx_word' id='word_1_317' title='bbox 391 2813 467 2866; x_wconf 89' lang='lat' dir='ltr'>[V]</span> <span class='ocrx_word' id='word_1_318' title='bbox 517 2868 525 2876; x_wconf 49' lang='grc'><strong>.</strong></span> <span class='ocrx_word' id='word_1_319' title='bbox 634 2811 764 2863; x_wconf 60' lang='grc' dir='ltr'>ὅκηζι)</span> <span class='ocrx_word' id='word_1_320' title='bbox 799 2811 833 2849; x_wconf 93' lang='grc' dir='ltr'><em>Ρ</em></span> <span class='ocrx_word' id='word_1_321' title='bbox 847 2810 876 2849; x_wconf 89' lang='lat' dir='ltr'>S</span> <span class='ocrx_word' id='word_1_322' title='bbox 894 2810 931 2849; x_wconf 93' lang='lat' dir='ltr'>U</span> <span class='ocrx_word' id='word_1_323' title='bbox 945 2811 983 2850; x_wconf 96' lang='lat' dir='ltr'>V</span> <span class='ocrx_word' id='word_1_324' title='bbox 1013 2811 1110 2860; x_wconf 82' lang='lat' dir='ltr'><em>(o‘l-)</em></span> <span class='ocrx_word' id='word_1_325' title='bbox 1336 2821 1382 2858; x_wconf 92' lang='lat'>17</span> <span class='ocrx_word' id='word_1_326' title='bbox 1413 2826 1454 2849; x_wconf 82' lang='grc' dir='ltr'>τι</span> <span class='ocrx_word' id='word_1_327' title='bbox 1484 2822 1566 2848; x_wconf 91' lang='lat' dir='ltr'>om.</span> <span class='ocrx_word' id='word_1_328' title='bbox 1599 2810 1680 2848; x_wconf 90' lang='lat' dir='ltr'>SV</span> <span class='ocrx_word' id='word_1_329' title='bbox 1696 2810 1734 2881; x_wconf 55' lang='lat' dir='ltr'>p</span> 
     </span>
     <span class='ocr_line' id='line_1_37' title="bbox 71 2863 1736 2974; baseline 0.001 -15"><span class='ocrx_word' id='word_1_330' title='bbox 71 2868 704 2973; x_wconf 48' lang='grc' dir='ltr'>189νῖε1ἷεβαλλοέ5οᾶξίῒτῗὺῖδὲ</span> <span class='ocrx_word' id='word_1_331' title='bbox 725 2878 930 2974; x_wconf 60' lang='grc' dir='ltr'>Ἀργείοῗῗ</span> <span class='ocrx_word' id='word_1_332' title='bbox 951 2863 1367 2970; x_wconf 49' lang='grc' dir='ltr'>’Ξῖἷῖθὲςίὶζγῖήτας</span> <span class='ocrx_word' id='word_1_333' title='bbox 1382 2921 1395 2959; x_wconf 74' lang='grc' dir='ltr'>’ἒ</span> <span class='ocrx_word' id='word_1_334' title='bbox 1485 2877 1537 2914; x_wconf 69' lang='grc'>23</span> <span class='ocrx_word' id='word_1_335' title='bbox 1553 2865 1736 2972; x_wconf 42' lang='grc' dir='ltr'>εἳηέιῑῖἶ</span> 
     </span>
    </p>
   </div>
   <div class='ocr_carea' id='block_1_9' title="bbox 72 2976 207 3016">
    <p class='ocr_par' dir='ltr' id='par_1_9' title="bbox 72 2976 207 3016">
     <span class='ocr_line' id='line_1_38' title="bbox 72 2976 207 3016; baseline -0.007 0"><span class='ocrx_word' id='word_1_336' title='bbox 72 2976 207 3016; x_wconf 93' lang='lat' dir='ltr'>SVU</span> 
     </span>
    </p>
   </div>
   <div class='ocr_carea' id='block_1_10' title="bbox 1781 2028 1846 2075">
    <p class='ocr_par' dir='ltr' id='par_1_10' title="bbox 1781 2028 1846 2075">
     <span class='ocr_line' id='line_1_39' title="bbox 1781 2028 1846 2075; baseline 0 0"><span class='ocrx_word' id='word_1_337' title='bbox 1781 2028 1846 2075; x_wconf 90' lang='lat'>88</span> 
     </span>
    </p>
   </div>
  </div>
 </body>
</html>
