2132 3340
74 59 214 110 VIII.
235 72 307 123 79

972 59 1019 105 H
1038 58 1410 107 POAOTOT·

279 206 305 251 3
341 171 444 242 (amb
477 185 1111 256 Πελοποννήσουῖἀνάγειν
1139 190 1228 243 τὰς
1259 188 1373 243 νέας
1401 188 1524 257 πρὸς
1554 187 1641 263 τὸν
1662 189 1884 257 Ἰσθμόν.
1947 191 2012 247 ὧς

232 959 303 1004 80

231 2469 298 2515 82

346 277 400 327 δὲ
431 272 610 338 ἐξῆλθέ
640 275 686 325 οἱ
719 273 1114 339 Θεμιστοκλέης,
1142 275 1287 341 ἔλεγε
1310 274 1626 345 Ἀριστείδης
1645 273 1778 337 τάδε·
1822 274 2012 342 ςΗμέας

347 357 635 422 στασιάζειν
666 358 817 426 χρεόν
849 355 1049 418 ἐστιίέν
1086 381 1140 411 τε
1176 363 1242 429 τῷ
1279 358 1441 447 ἄλλαῤζ
1460 339 1726 428 μέάἲρῷἿκαὶ
1757 359 1815 424 δὴ
1849 361 1926 413 καὶ
1957 362 2013 413 ἐν

344 446 468 512 τῷδε
494 443 618 510 ἔπερὶ
659 447 745 493 τοῦ
790 443 1017 510 ὁκότερος
1059 442 1223 508 ἡμέων
1265 430 1402 513 πὶὲζω
1448 444 1610 510 ἀγαθὰ
1660 437 1749 508 τὴν
1801 446 2012 512 πατρίδα

346 525 627 594 ἐργάσεται.
720 526 853 594 λέγω
885 527 940 579 δέ
968 549 1045 579 τοι
1076 529 1152 580 ὅτι
1181 530 1296 580 ἴσον
1328 527 1437 579 ἐστὶ
1469 526 1636 579 πολλά
1668 549 1723 580 τε
1753 529 1834 580 καὶ
1863 529 2012 596 ὀλίγα
2035 553 2058 594 5

343 610 512 678 λέγειν
543 613 653 678 περὶ
686 613 944 664 ἀποπλόου
973 618 1059 663 τοῦ
1092 614 1319 664 ἐνθεῦτεν
1354 613 1835 676 Πελοποννησίοισι.
1912 614 2010 680 ἐγὼ

344 698 437 762 γὰρ
479 696 724 788 αὐτφόπτης
759 718 835 748 τοι
871 695 1006 763 λέγω
1048 698 1314 763 γενόμενος
1354 698 1430 748 ὅτι
1471 701 1557 748 νῦν
1593 695 1691 747 οὐδ’
1724 692 1786 761 ἢν
1824 694 2010 749 θέλωσι

345 781 603 846 Κορίνθιοί
620 802 675 832 τε
701 781 779 832 καὶ
803 780 947 834 αὐτὸς
975 780 1287 847 Εὐρυβιάδης
1312 781 1412 832 οἶοί
1430 802 1484 832 τε
1507 779 1708 832 ἔσονται
1733 781 1756 832 ε’
1825 786 2007 833 λῶσαι·

343 866 674 933 περιεχόμεθα
704 860 835 932 γὰρ(
828 865 923 917 ὑπὸ
953 871 1051 917 τῶν
1084 857 1355 942 πολεμίων)
1373 865 1552 934 κύκλῳ.
1636 864 1753 917 ἀλλ’
1785 866 2010 918 ἐσελθών

342 956 441 1016 σφι
471 948 917 1022 ταῦταῆσήμηνον.
943 945 946 947 Δ
1006 951 1032 1000 6
1086 949 1127 1000 δ’
1178 944 1418 1014 ἀμείβετο
1471 950 1674 1000 τοισίδε·
1744 948 1913 1016 Κάρτα
1955 971 2008 1002 τε
2038 972 2086 1000 10

340 1035 537 1101 χρηστὰ
573 1013 877 1085 διόκέλεόεῖαι
919 1034 998 1085 καὶ
1036 1034 1089 1085 εὖ
1126 1033 1381 1101 ἤγγειλας·
1442 1035 1503 1084 τὰ
1540 1035 1632 1100 γὰρ
1671 1033 1769 1099 ἐγὼ
1800 1006 2008 1099 &Euty

341 1116 591 1183 γενέσθαι,
638 1118 781 1172 αὐτὸς
827 1118 1073 1182 αὐτόπτης
1120 1119 1386 1185 γενόμενος
1431 1117 1581 1182 ἥκεις.
1669 1119 1776 1169 ἴσθι
1815 1119 1910 1184 γὰρ
1953 1117 2021 1183 ἐξ,

341 1200 456 1266 ἐμέο
486 1201 600 1254 τάδε
631 1203 895 1268 ποιεύμενα
924 1202 1020 1253 ὑπὸ
1048 1201 1251 1269 Μήδων.
1320 1202 1426 1254 ἔδεε
1456 1200 1566 1269 γάρ,
1594 1203 1677 1253 ὅτε
1701 1202 1787 1253 οὐκ
1811 1202 2007 1256 ἑκόντες

340 1270 605 1358 ἥθελονῷς
635 1278 1167 1357 μάχηνλῇατίστασθαι
1207 1289 1252 1338 οἱ
1274 1285 1544 1351 “Ελληνες,
1581 1284 1817 1339 ἀέκοντας
1846 1307 2003 1353 παρα,-

340 1369 644 1436 στήσασθαι.
734 1371 799 1422 σὺ
842 1373 896 1423 δὲ
942 1372 1054 1423 ε’πεί
1094 1393 1183 1436 περ
1228 1371 1363 1435 ἥκεις
1406 1372 1605 1438 χρηστὰ
1649 1367 2002 1437 ἀπαγγέλλων,
2035 1391 2079 1432 ¹5

340 1454 486 1509 αὐτός
518 1462 615 1522 σφι
645 1454 900 1522 ἄγγειλον.
967 1451 1029 1519 ἢν
1059 1456 1153 1522 γὰρ
1187 1455 1285 1521 ἐγὼ
1316 1454 1438 1505 αὐτὰ
1467 1453 1617 1521 λέγω,
1644 1452 1770 1518 δόξω
1802 1453 2004 1513 πλάσας
2021 1461 2132 1494 “200⁷

338 1538 507 1606 λέγειν
540 1541 619 1592 καὶ
648 1540 704 1591 οὐ
727 1540 886 1592 πείσω
919 1540 983 1592 ὡς
1014 1539 1069 1591 οὐ
1081 1525 1371 1592 (ποιεύντων
1402 1543 1499 1590 τῶν
1529 1532 1805 1607 βαρβάρωι)
1833 1543 2001 1590 ταῦτα.

338 1623 472 1675 ἀλλά
517 1631 615 1692 σφι
660 1622 886 1689 σήμηνον
933 1624 1079 1678 αὐτὸς
1126 1625 1388 1691 παρελθὼν
1433 1623 1498 1676 ὡς
1543 1623 1665 1691 ἔχει.
1753 1624 1905 1675 ἐπεὰν
1949 1625 2003 1675 δὲ

339 1708 576 1781 σημήνῃς,
617 1704 676 1773 ἢν
719 1711 811 1773 μὲν
851 1710 1131 1767 πείθωνται,
1165 1713 1319 1759 ταῦτα
1356 1707 1414 1772 δὴ
1455 1709 1516 1758 τὰ
1558 1706 1819 1766 κάλλιστα,
1851 1702 1912 1771 ἢν
1948 1709 2002 1783 δὲ

337 1793 536 1844 αὐτοῖσι
569 1786 634 1859 μὴ
676 1795 833 1844 πιστὰ
871 1792 1087 1860 γένηται,
1127 1793 1297 1858 ὅμοιον
1332 1792 1448 1857 ἡμῖν
1489 1790 1648 1843 ἔσται·
1706 1791 1763 1842 οὐ
1799 1793 1893 1858 γὰρ
1929 1791 2002 1843 ἔτι
2027 1813 2103 1840 20f

336 1877 701 1943 διαδρήσονται,
729 1879 775 1930 εἴ
802 1899 893 1944 περ
924 1878 1254 1945 περιεχόμεθα
1277 1876 1606 1944 πανταχόθεν,
1635 1875 1700 1929 ὡς
1724 1875 1787 1927 σὺ
1816 1873 1998 1942 λέγεις.

336 1966 487 2013 ταῦτα
522 1961 667 2028 ἔλεγε
709 1962 970 2028 παρελθὼν
1015 1963 1041 2012 6
1076 1959 1667 2028 ’Apcffrecbnffispduevos
1705 1958 1763 2024 ἐξ
1795 1960 1998 2026 Αἰγίνης

334 2067 389 2098 τε
410 2046 548 2111 ἥκειν
572 2047 650 2098 καὶ
673 2047 819 2113 μόγις
843 2047 1100 2098 ἐκπλῶσαι
1123 2046 1293 2096 λαθὼν
1323 2044 1435 2098 τοὺς
1467 2039 1814 2180 ε’)τῖίπριέοντας·
1860 2065 1994 2110 περι-

335 2129 547 2197 έχεσθαι
586 2132 680 2197 γὰρ
723 2135 821 2182 πᾶν
865 2130 922 2181 τὸ
959 2130 1296 2196 στρατόπεδον
1331 2128 1390 2183 ,τὸ
1427 2128 1484 2179 Ἑ
1522 2127 1726 2193 ληνικὸν
1765 2126 1860 2179 ὑπὸ
1899 2132 1996 2179 τῶν

335 2220 460 2266 νεῶν
489 2220 589 2266 τῶν
620 2213 859 2281 Ξέρξεω.
885 2213 1256 2281 παραρτέεσθαί
1274 2234 1327 2265 τε
1353 2213 1688 2277 συνεβούλευε
1719 2212 1783 2265 ὡς
1813 2210 1991 2276 ἀλεξη-
2022 2231 2071 2286 ²5

335 2297 593 2363 σομένους.
667 2298 745 2349 καὶ
776 2299 802 2349 ὁ
831 2301 922 2364 μὲν
951 2303 1103 2349 ταῦτα
1134 2299 1273 2349 εἴπας
1303 2295 1615 2361 μετεστήκεε,
1648 2301 1746 2352 τῶν
1776 2298 1830 2347 δὲ
1860 2296 1995 2349 αὖτις

336 2383 528 2448 ἐγίνετο
559 2383 725 2449 λόγων
757 2383 1103 2449 ἀμφισβασίη·
1151 2384 1196 2432 οἱ
1220 2383 1314 2448 γὰρ
1340 2385 1546 2433 πλεῦνες
1576 2385 1675 2431 τῶν
1705 2385 1995 2446 στρατηγῶν

334 2467 420 2518 οὐκ
457 2469 712 2519 ἐπείθοντο
748 2468 808 2517 τὰ
852 2464 1243 2533 ἐσαγγελθέντα.
1333 2465 1672 2516 ἀπιστεόντων
1713 2466 1765 2515 δὲ
1805 2462 1994 2515 τούτων

333 2550 422 2614 ἧκε
456 2549 653 2617 τριήρης
690 2551 880 2617 ἀνδρῶν
919 2551 1118 2614 Τηνίων
1154 2530 1541 2639 αὐτήίιολέουσα,
1581 2551 1669 2612 τῆς
1707 2545 1831 2616 ἦρχε
1869 2546 1993 2613 ἀνὴρ

335 2631 562 2701 <Τήνιος>
593 2635 863 2688 Παναίτιος
894 2635 920 2685 6
951 2632 1277 2701 Σωσιμένεος,
1304 2632 1336 2696 ἥ
1359 2653 1449 2697 περ
1480 2631 1537 2695 δὴ
1571 2631 1720 2698 ἔφερε
1749 2630 1838 2694 τὴν
1869 2631 1990 2695 ἀλη-
2017 2651 2070 2690 30

389 2786 413 2822 3
443 2771 519 2824 τῷ]
541 2790 620 2824 τεῳ
642 2773 850 2822 Gomperz
1020 2783 1069 2810 10
1097 2773 1251 2812 τοῖσιδε
1274 2770 1334 2809 C:
1363 2771 1499 2811 τοῖσδε
1522 2767 1560 2807 Α
1576 2767 1610 2807 Β
1627 2769 1659 2807 Ρ
1819 2780 1866 2817 13
1895 2767 1992 2809 τάδε

336 2827 555 2876 Krueger:
587 2829 638 2867 τὰ
664 2827 696 2864 L
866 2839 911 2875 14
944 2825 1132 2868 ἀέκοντες
1152 2826 1486 2878 παραστήσεσθαι
1511 2824 1544 2862 C
1715 2837 1763 2875 19
1792 2826 1922 2864 ταῦτα
1941 2823 1990 2870 δὴ

333 2885 385 2922 τὰ
410 2882 614 2922 κάλλιστα
636 2880 717 2921 del.
747 2880 945 2931 Krueger
1134 2894 1186 2929 23
1215 2883 1460 2929 διεκπλῶσαι
1483 2875 1628 2917 Naber
1808 2888 1859 2926 25
1888 2879 1991 2930 παρὰ

334 2935 544 2989 ἀρτέεσθαί
565 2937 598 2974 C
765 2949 820 2985 30
846 2936 986 2984 Τήνιος
1009 2935 1103 2974 add.
1129 2935 1329 2984 Krueger
