<?xml version="1.0" encoding="UTF-8"?>
<!DOCTYPE html PUBLIC "-//W3C//DTD XHTML 1.0 Transitional//EN"
    "http://www.w3.org/TR/xhtml1/DTD/xhtml1-transitional.dtd">
<html xmlns="http://www.w3.org/1999/xhtml" xml:lang="en" lang="en">
 <head>
  <title>
</title>
<meta http-equiv="Content-Type" content="text/html;charset=utf-8" />
  <meta name='ocr-system' content='tesseract 3.04.00' />
  <meta name='ocr-capabilities' content='ocr_page ocr_carea ocr_par ocr_line ocrx_word'/>
</head>
<body>
  <div class='ocr_page' id='page_1' title='image "./herodotihistoria02herouoft_0239.png"; bbox 0 0 2132 3340; ppageno 0'>
   <div class='ocr_carea' id='block_1_1' title="bbox 795 56 1285 106">
    <p class='ocr_par' dir='ltr' id='par_1_1' title="bbox 795 56 1285 106">
     <span class='ocr_line' id='line_1_1' title="bbox 795 56 1285 106; baseline 0 -2"><span class='ocrx_word' id='word_1_1' title='bbox 795 56 1171 106; x_wconf 83' lang='grc' dir='ltr'>ΙΣΤΟΡΙΩΝ</span> <span class='ocrx_word' id='word_1_2' title='bbox 1236 57 1285 104; x_wconf 91' lang='lat' dir='ltr'>H</span> 
     </span>
    </p>
   </div>
   <div class='ocr_carea' id='block_1_2' title="bbox 201 186 1886 260">
    <p class='ocr_par' dir='ltr' id='par_1_2' title="bbox 201 186 1886 260">
     <span class='ocr_line' id='line_1_2' title="bbox 201 186 1886 260; baseline 0.001 -20"><span class='ocrx_word' id='word_1_3' title='bbox 201 187 282 240; x_wconf 88' lang='grc' dir='ltr'>καὶ</span> <span class='ocrx_word' id='word_1_4' title='bbox 305 191 553 240; x_wconf 83' lang='grc' dir='ltr'>Βοττιαῖοι</span> <span class='ocrx_word' id='word_1_5' title='bbox 585 186 663 239; x_wconf 90' lang='grc' dir='ltr'>καὶ</span> <span class='ocrx_word' id='word_1_6' title='bbox 686 186 743 238; x_wconf 88' lang='grc' dir='ltr'>τὸ</span> <span class='ocrx_word' id='word_1_7' title='bbox 767 187 1071 239; x_wconf 78' lang='grc' dir='ltr'>Χαλκιδικὸν</span> <span class='ocrx_word' id='word_1_8' title='bbox 1095 186 1239 254; x_wconf 88' lang='grc' dir='ltr'>γένος</span> <span class='ocrx_word' id='word_1_9' title='bbox 1271 188 1351 240; x_wconf 89' lang='grc' dir='ltr'>καὶ</span> <span class='ocrx_word' id='word_1_10' title='bbox 1377 187 1561 255; x_wconf 91' lang='grc' dir='ltr'>Βρύγοι</span> <span class='ocrx_word' id='word_1_11' title='bbox 1592 187 1670 240; x_wconf 90' lang='grc' dir='ltr'>καὶ</span> <span class='ocrx_word' id='word_1_12' title='bbox 1695 188 1886 260; x_wconf 36' lang='grc' dir='ltr'>Πίερες·</span> 
     </span>
    </p>
   </div>
   <div class='ocr_carea' id='block_1_3' title="bbox 150 242 1875 932">
    <p class='ocr_par' dir='ltr' id='par_1_3' title="bbox 150 242 1875 932">
     <span class='ocr_line' id='line_1_3' title="bbox 201 242 1874 339; baseline -0.001 -14"><span class='ocrx_word' id='word_1_13' title='bbox 201 272 282 325; x_wconf 88' lang='grc' dir='ltr'>καὶ</span> <span class='ocrx_word' id='word_1_14' title='bbox 312 272 602 326; x_wconf 80' lang='grc' dir='ltr'>Μακεδόνες</span> <span class='ocrx_word' id='word_1_15' title='bbox 632 271 712 323; x_wconf 91' lang='grc' dir='ltr'>καὶ</span> <span class='ocrx_word' id='word_1_16' title='bbox 745 273 1026 339; x_wconf 84' lang='grc' dir='ltr'>Περραιβοὶ</span> <span class='ocrx_word' id='word_1_17' title='bbox 1059 271 1137 323; x_wconf 88' lang='grc' dir='ltr'>καὶ</span> <span class='ocrx_word' id='word_1_18' title='bbox 1156 242 1390 337; x_wconf 47' lang='grc' dir='ltr'>Ἐνιῆνες</span> <span class='ocrx_word' id='word_1_19' title='bbox 1424 271 1502 323; x_wconf 89' lang='grc' dir='ltr'>καὶ</span> <span class='ocrx_word' id='word_1_20' title='bbox 1529 273 1762 326; x_wconf 82' lang='grc' dir='ltr'>Δόλοπες</span> <span class='ocrx_word' id='word_1_21' title='bbox 1794 273 1874 324; x_wconf 89' lang='grc' dir='ltr'>καὶ</span> 
     </span>
     <span class='ocr_line' id='line_1_4' title="bbox 200 355 1874 425; baseline 0.001 -17"><span class='ocrx_word' id='word_1_22' title='bbox 200 355 468 424; x_wconf 82' lang='grc' dir='ltr'>Μάγνητες</span> <span class='ocrx_word' id='word_1_23' title='bbox 505 355 583 407; x_wconf 88' lang='grc' dir='ltr'>καὶ</span> <span class='ocrx_word' id='word_1_24' title='bbox 613 355 812 425; x_wconf 90' lang='grc' dir='ltr'>Ἀχαιοὶ</span> <span class='ocrx_word' id='word_1_25' title='bbox 851 356 929 408; x_wconf 86' lang='grc' dir='ltr'>καὶ</span> <span class='ocrx_word' id='word_1_26' title='bbox 967 357 1082 408; x_wconf 88' lang='grc' dir='ltr'>ὅσοι</span> <span class='ocrx_word' id='word_1_27' title='bbox 1118 359 1206 422; x_wconf 88' lang='grc' dir='ltr'>τῆς</span> <span class='ocrx_word' id='word_1_28' title='bbox 1238 358 1460 424; x_wconf 86' lang='grc' dir='ltr'>Θρηίκης</span> <span class='ocrx_word' id='word_1_29' title='bbox 1496 356 1588 422; x_wconf 80' lang='grc' dir='ltr'>τὴν</span> <span class='ocrx_word' id='word_1_30' title='bbox 1625 358 1874 424; x_wconf 87' lang='grc' dir='ltr'>παραλίην</span> 
     </span>
     <span class='ocr_line' id='line_1_5' title="bbox 198 430 1873 509; baseline -0.001 -15"><span class='ocrx_word' id='word_1_31' title='bbox 198 440 448 507; x_wconf 89' lang='grc' dir='ltr'>νέμονται,</span> <span class='ocrx_word' id='word_1_32' title='bbox 497 440 686 493; x_wconf 88' lang='grc' dir='ltr'>τούτων</span> <span class='ocrx_word' id='word_1_33' title='bbox 732 445 831 492; x_wconf 89' lang='grc' dir='ltr'>τῶν</span> <span class='ocrx_word' id='word_1_34' title='bbox 882 430 1067 492; x_wconf 83' lang='grc' dir='ltr'>ἐθνέων</span> <span class='ocrx_word' id='word_1_35' title='bbox 1113 440 1378 508; x_wconf 90' lang='grc' dir='ltr'>τριήκοντα</span> <span class='ocrx_word' id='word_1_36' title='bbox 1429 439 1668 509; x_wconf 87' lang='grc' dir='ltr'>μυριάδας</span> <span class='ocrx_word' id='word_1_37' title='bbox 1718 441 1873 494; x_wconf 89' lang='grc' dir='ltr'>δοκέω</span> 
     </span>
     <span class='ocr_line' id='line_1_6' title="bbox 150 521 1874 598; baseline 0 -20"><span class='ocrx_word' id='word_1_38' title='bbox 150 548 172 589; x_wconf 85' lang='lat'><strong>5</strong></span> <span class='ocrx_word' id='word_1_39' title='bbox 197 524 451 594; x_wconf 90' lang='grc' dir='ltr'>γενέσθαι.</span> <span class='ocrx_word' id='word_1_40' title='bbox 540 524 683 576; x_wconf 80' lang='grc' dir='ltr'>αὗται</span> <span class='ocrx_word' id='word_1_41' title='bbox 733 521 802 577; x_wconf 70' lang='grc' dir='ltr'>ὧν</span> <span class='ocrx_word' id='word_1_42' title='bbox 852 527 903 577; x_wconf 81' lang='grc' dir='ltr'>αἱ</span> <span class='ocrx_word' id='word_1_43' title='bbox 959 525 1190 593; x_wconf 88' lang='grc' dir='ltr'>μυριάδες</span> <span class='ocrx_word' id='word_1_44' title='bbox 1244 527 1465 598; x_wconf 87' lang='grc' dir='ltr'>ἐκείνῃσι</span> <span class='ocrx_word' id='word_1_45' title='bbox 1515 529 1874 593; x_wconf 81' lang='grc' dir='ltr'>προστεθεῖσαι</span> 
     </span>
     <span class='ocr_line' id='line_1_7' title="bbox 197 608 1873 683; baseline 0.001 -21"><span class='ocrx_word' id='word_1_46' title='bbox 197 617 316 683; x_wconf 85' lang='grc' dir='ltr'>τῇσι</span> <span class='ocrx_word' id='word_1_47' title='bbox 353 611 407 661; x_wconf 89' lang='grc' dir='ltr'>ἐκ</span> <span class='ocrx_word' id='word_1_48' title='bbox 443 613 531 676; x_wconf 87' lang='grc' dir='ltr'>τῆς</span> <span class='ocrx_word' id='word_1_49' title='bbox 568 608 745 674; x_wconf 90' lang='grc' dir='ltr'>Ἀσίης</span> <span class='ocrx_word' id='word_1_50' title='bbox 785 611 1007 677; x_wconf 89' lang='grc' dir='ltr'>γίνονται</span> <span class='ocrx_word' id='word_1_51' title='bbox 1049 612 1099 662; x_wconf 81' lang='grc' dir='ltr'>αἱ</span> <span class='ocrx_word' id='word_1_52' title='bbox 1139 614 1302 662; x_wconf 76' lang='grc' dir='ltr'>πᾶσαι</span> <span class='ocrx_word' id='word_1_53' title='bbox 1341 611 1533 678; x_wconf 90' lang='grc' dir='ltr'>ἀνδρῶν</span> <span class='ocrx_word' id='word_1_54' title='bbox 1574 613 1624 663; x_wconf 82' lang='grc' dir='ltr'>αἱ</span> <span class='ocrx_word' id='word_1_55' title='bbox 1663 609 1873 679; x_wconf 88' lang='grc' dir='ltr'>μάχιμοι</span> 
     </span>
     <span class='ocr_line' id='line_1_8' title="bbox 196 692 1875 762; baseline 0.001 -15"><span class='ocrx_word' id='word_1_56' title='bbox 196 693 426 762; x_wconf 87' lang='grc' dir='ltr'>μυριάδες</span> <span class='ocrx_word' id='word_1_57' title='bbox 471 694 719 759; x_wconf 90' lang='grc' dir='ltr'>διηκόσιαι</span> <span class='ocrx_word' id='word_1_58' title='bbox 764 694 844 746; x_wconf 89' lang='grc' dir='ltr'>καὶ</span> <span class='ocrx_word' id='word_1_59' title='bbox 890 692 1127 759; x_wconf 81' lang='grc' dir='ltr'>ἑξήκοντα</span> <span class='ocrx_word' id='word_1_60' title='bbox 1176 695 1254 747; x_wconf 87' lang='grc' dir='ltr'>καὶ</span> <span class='ocrx_word' id='word_1_61' title='bbox 1299 694 1557 762; x_wconf 87' lang='grc' dir='ltr'>τέσσερες,</span> <span class='ocrx_word' id='word_1_62' title='bbox 1607 695 1773 748; x_wconf 83' lang='grc' dir='ltr'>ἔπεισι</span> <span class='ocrx_word' id='word_1_63' title='bbox 1820 699 1875 748; x_wconf 78' lang='grc' dir='ltr'>δὲ</span> 
     </span>
     <span class='ocr_line' id='line_1_9' title="bbox 197 777 1874 852; baseline 0.001 -21"><span class='ocrx_word' id='word_1_64' title='bbox 197 779 408 852; x_wconf 85' lang='grc' dir='ltr'>ταύτῃσι</span> <span class='ocrx_word' id='word_1_65' title='bbox 439 777 760 832; x_wconf 77' lang='grc' dir='ltr'>ἑκατοντάδες</span> <span class='ocrx_word' id='word_1_66' title='bbox 795 779 1054 831; x_wconf 84' lang='grc' dir='ltr'>ἑκκαίδεκα</span> <span class='ocrx_word' id='word_1_67' title='bbox 1086 779 1163 831; x_wconf 86' lang='grc' dir='ltr'>καὶ</span> <span class='ocrx_word' id='word_1_68' title='bbox 1193 778 1357 833; x_wconf 88' lang='grc' dir='ltr'>δεκάς.</span> <span class='ocrx_word' id='word_1_69' title='bbox 1445 785 1533 831; x_wconf 82' lang='grc' dir='ltr'>τοῦ</span> <span class='ocrx_word' id='word_1_70' title='bbox 1568 782 1790 848; x_wconf 86' lang='grc' dir='ltr'>μαχίμου</span> <span class='ocrx_word' id='word_1_71' title='bbox 1820 783 1874 833; x_wconf 79' lang='grc' dir='ltr'>δὲ</span> 
     </span>
     <span class='ocr_line' id='line_1_10' title="bbox 197 862 1873 932; baseline 0.002 -17"><span class='ocrx_word' id='word_1_72' title='bbox 197 865 371 916; x_wconf 90' lang='grc' dir='ltr'>τούτου</span> <span class='ocrx_word' id='word_1_73' title='bbox 400 864 568 917; x_wconf 84' lang='grc' dir='ltr'>ἐόντος</span> <span class='ocrx_word' id='word_1_74' title='bbox 599 862 806 931; x_wconf 88' lang='grc' dir='ltr'>ἀριθμὸν</span> <span class='ocrx_word' id='word_1_75' title='bbox 830 864 1073 916; x_wconf 85' lang='grc' dir='ltr'>τοσούτου</span> <span class='ocrx_word' id='word_1_76' title='bbox 1097 863 1188 929; x_wconf 82' lang='grc' dir='ltr'>τὴν</span> <span class='ocrx_word' id='word_1_77' title='bbox 1214 866 1487 932; x_wconf 89' lang='grc' dir='ltr'>θεραπηίην</span> <span class='ocrx_word' id='word_1_78' title='bbox 1510 863 1600 929; x_wconf 84' lang='grc' dir='ltr'>τὴν</span> <span class='ocrx_word' id='word_1_79' title='bbox 1624 864 1873 931; x_wconf 85' lang='grc' dir='ltr'>ἑπομένην</span> 
     </span>
    </p>
   </div>
   <div class='ocr_carea' id='block_1_4' title="bbox 1918 58 2132 121">
    <p class='ocr_par' dir='ltr' id='par_1_4' title="bbox 1918 58 2132 121">
     <span class='ocr_line' id='line_1_11' title="bbox 1918 58 2132 121; baseline 0.014 -16"><span class='ocrx_word' id='word_1_80' title='bbox 1918 58 2031 108; x_wconf 92' lang='lat' dir='ltr'>VII.</span> <span class='ocrx_word' id='word_1_81' title='bbox 2060 58 2132 121; x_wconf 64' lang='lat'>185</span> 
     </span>
    </p>
   </div>
   <div class='ocr_carea' id='block_1_5' title="bbox 1913 781 2007 830">
    <p class='ocr_par' dir='ltr' id='par_1_5' title="bbox 1913 781 2007 830">
     <span class='ocr_line' id='line_1_12' title="bbox 1913 781 2007 830; baseline 0 0"><span class='ocrx_word' id='word_1_82' title='bbox 1913 781 2007 830; x_wconf 91' lang='lat'>186</span> 
     </span>
    </p>
   </div>
   <div class='ocr_carea' id='block_1_6' title="bbox 126 947 2096 1017">
    <p class='ocr_par' dir='ltr' id='par_1_6' title="bbox 126 947 2096 1017">
     <span class='ocr_line' id='line_1_13' title="bbox 126 947 2096 1017; baseline 0.002 -18"><span class='ocrx_word' id='word_1_83' title='bbox 126 971 175 999; x_wconf 93' lang='lat'>10</span> <span class='ocrx_word' id='word_1_84' title='bbox 196 948 418 1000; x_wconf 91' lang='grc' dir='ltr'>τούτοισι</span> <span class='ocrx_word' id='word_1_85' title='bbox 451 948 530 1000; x_wconf 90' lang='grc' dir='ltr'>καὶ</span> <span class='ocrx_word' id='word_1_86' title='bbox 560 947 674 1003; x_wconf 86' lang='grc' dir='ltr'>τοὺς</span> <span class='ocrx_word' id='word_1_87' title='bbox 706 949 760 1000; x_wconf 90' lang='grc' dir='ltr'>ἐν</span> <span class='ocrx_word' id='word_1_88' title='bbox 790 953 922 1000; x_wconf 89' lang='grc' dir='ltr'>τοῖσι</span> <span class='ocrx_word' id='word_1_89' title='bbox 956 954 1290 1016; x_wconf 83' lang='grc' dir='ltr'>σιταγωγοῖσι</span> <span class='ocrx_word' id='word_1_90' title='bbox 1327 949 1557 1017; x_wconf 49' lang='grc' dir='ltr'>ἀκάτοισι</span> <span class='ocrx_word' id='word_1_91' title='bbox 1590 950 1761 1004; x_wconf 86' lang='grc' dir='ltr'>ἐόντας</span> <span class='ocrx_word' id='word_1_92' title='bbox 1794 950 1872 1002; x_wconf 88' lang='grc' dir='ltr'>καὶ</span> <span class='ocrx_word' id='word_1_93' title='bbox 1893 956 2062 997; x_wconf 58' lang='grc' dir='ltr'><strong><em>«ΑΠ’.</em></strong></span> <span class='ocrx_word' id='word_1_94' title='bbox 2083 980 2096 993; x_wconf 90' lang='lat'><strong>·</strong></span> 
     </span>
    </p>
   </div>
   <div class='ocr_carea' id='block_1_7' title="bbox 195 1032 1872 1185">
    <p class='ocr_par' dir='ltr' id='par_1_7' title="bbox 195 1032 1872 1185">
     <span class='ocr_line' id='line_1_14' title="bbox 195 1032 1869 1108; baseline 0.002 -24"><span class='ocrx_word' id='word_1_95' title='bbox 195 1032 335 1099; x_wconf 86' lang='grc' dir='ltr'>μάλα</span> <span class='ocrx_word' id='word_1_96' title='bbox 355 1035 410 1085; x_wconf 92' lang='grc' dir='ltr'>ἐν</span> <span class='ocrx_word' id='word_1_97' title='bbox 428 1038 562 1086; x_wconf 93' lang='grc' dir='ltr'>τοῖσι</span> <span class='ocrx_word' id='word_1_98' title='bbox 581 1032 788 1085; x_wconf 88' lang='grc' dir='ltr'>ἄλλοισι</span> <span class='ocrx_word' id='word_1_99' title='bbox 806 1034 1031 1085; x_wconf 93' lang='grc' dir='ltr'>πλοίοισι</span> <span class='ocrx_word' id='word_1_100' title='bbox 1049 1037 1183 1085; x_wconf 92' lang='grc' dir='ltr'>τοῖσι</span> <span class='ocrx_word' id='word_1_101' title='bbox 1208 1032 1308 1099; x_wconf 85' lang='grc' dir='ltr'>ἅμα</span> <span class='ocrx_word' id='word_1_102' title='bbox 1326 1032 1540 1086; x_wconf 91' lang='grc' dir='ltr'>πλέουσι</span> <span class='ocrx_word' id='word_1_103' title='bbox 1563 1041 1623 1107; x_wconf 85' lang='grc' dir='ltr'>τῇ</span> <span class='ocrx_word' id='word_1_104' title='bbox 1644 1042 1869 1108; x_wconf 84' lang='grc' dir='ltr'>στρατιῇ,</span> 
     </span>
     <span class='ocr_line' id='line_1_15' title="bbox 196 1116 1872 1185; baseline 0.001 -17"><span class='ocrx_word' id='word_1_105' title='bbox 196 1117 399 1172; x_wconf 85' lang='grc' dir='ltr'>τούτους</span> <span class='ocrx_word' id='word_1_106' title='bbox 423 1123 519 1170; x_wconf 91' lang='grc' dir='ltr'>τῶν</span> <span class='ocrx_word' id='word_1_107' title='bbox 541 1118 774 1185; x_wconf 85' lang='grc' dir='ltr'>μαχίμων</span> <span class='ocrx_word' id='word_1_108' title='bbox 797 1118 987 1185; x_wconf 91' lang='grc' dir='ltr'>ἀνδρῶν</span> <span class='ocrx_word' id='word_1_109' title='bbox 1013 1117 1069 1169; x_wconf 83' lang='grc' dir='ltr'>οὐ</span> <span class='ocrx_word' id='word_1_110' title='bbox 1091 1116 1246 1170; x_wconf 91' lang='grc' dir='ltr'>δοκέω</span> <span class='ocrx_word' id='word_1_111' title='bbox 1271 1117 1397 1170; x_wconf 75' lang='grc' dir='ltr'>εἶναι</span> <span class='ocrx_word' id='word_1_112' title='bbox 1420 1118 1707 1173; x_wconf 83' lang='grc' dir='ltr'>ἐλάσσονας</span> <span class='ocrx_word' id='word_1_113' title='bbox 1738 1121 1872 1171; x_wconf 82' lang='grc' dir='ltr'>ἀλλὰ</span> 
     </span>
    </p>
   </div>
   <div class='ocr_carea' id='block_1_8' title="bbox 196 1200 1891 1269">
    <p class='ocr_par' dir='ltr' id='par_1_8' title="bbox 196 1200 1891 1269">
     <span class='ocr_line' id='line_1_16' title="bbox 196 1200 1891 1269; baseline 0.001 -15"><span class='ocrx_word' id='word_1_114' title='bbox 196 1206 428 1256; x_wconf 86' lang='grc' dir='ltr'>πλεῦνας.</span> <span class='ocrx_word' id='word_1_115' title='bbox 498 1202 576 1254; x_wconf 88' lang='grc' dir='ltr'>καὶ</span> <span class='ocrx_word' id='word_1_116' title='bbox 600 1200 659 1266; x_wconf 89' lang='grc' dir='ltr'>δή</span> <span class='ocrx_word' id='word_1_117' title='bbox 685 1208 850 1269; x_wconf 90' lang='grc' dir='ltr'>σφεας</span> <span class='ocrx_word' id='word_1_118' title='bbox 880 1201 1031 1254; x_wconf 87' lang='grc' dir='ltr'>ποιέω</span> <span class='ocrx_word' id='word_1_119' title='bbox 1063 1204 1205 1256; x_wconf 80' lang='grc' dir='ltr'>ἴσους</span> <span class='ocrx_word' id='word_1_120' title='bbox 1229 1204 1465 1255; x_wconf 90' lang='grc' dir='ltr'>ἐκείνοισι</span> <span class='ocrx_word' id='word_1_121' title='bbox 1497 1202 1623 1255; x_wconf 75' lang='grc' dir='ltr'>εἶναι</span> <span class='ocrx_word' id='word_1_122' title='bbox 1656 1205 1735 1256; x_wconf 86' lang='grc' dir='ltr'>καὶ</span> <span class='ocrx_word' id='word_1_123' title='bbox 1760 1204 1891 1256; x_wconf 79' lang='grc' dir='ltr'>οὔτε·</span> 
     </span>
    </p>
   </div>
   <div class='ocr_carea' id='block_1_9' title="bbox 123 1285 1872 2454">
    <p class='ocr_par' dir='ltr' id='par_1_9' title="bbox 123 1285 1872 2454">
     <span class='ocr_line' id='line_1_17' title="bbox 178 1285 1871 1359; baseline 0 -20"><span class='ocrx_word' id='word_1_124' title='bbox 178 1290 413 1340; x_wconf 72' lang='grc' dir='ltr'>’πλεῦνας</span> <span class='ocrx_word' id='word_1_125' title='bbox 457 1286 570 1338; x_wconf 81' lang='grc' dir='ltr'>οὔτε</span> <span class='ocrx_word' id='word_1_126' title='bbox 616 1285 903 1340; x_wconf 89' lang='grc' dir='ltr'>ἐλάσσονας</span> <span class='ocrx_word' id='word_1_127' title='bbox 951 1286 1111 1339; x_wconf 86' lang='grc' dir='ltr'>οὐδέν·</span> <span class='ocrx_word' id='word_1_128' title='bbox 1167 1285 1480 1353; x_wconf 79' lang='grc' dir='ltr'>ἐξισούμενοι</span> <span class='ocrx_word' id='word_1_129' title='bbox 1528 1290 1580 1340; x_wconf 83' lang='grc' dir='ltr'>δὲ</span> <span class='ocrx_word' id='word_1_130' title='bbox 1624 1288 1760 1340; x_wconf 76' lang='grc' dir='ltr'>οὗτοι</span> <span class='ocrx_word' id='word_1_131' title='bbox 1804 1294 1871 1359; x_wconf 80' lang='grc' dir='ltr'>τῷ</span> 
     </span>
     <span class='ocr_line' id='line_1_18' title="bbox 125 1371 1871 1441; baseline 0.003 -21"><span class='ocrx_word' id='word_1_132' title='bbox 125 1392 172 1433; x_wconf 85' lang='lat'>15</span> <span class='ocrx_word' id='word_1_133' title='bbox 195 1372 398 1441; x_wconf 79' lang='grc' dir='ltr'>μαχίμῳ</span> <span class='ocrx_word' id='word_1_134' title='bbox 450 1372 759 1438; x_wconf 83' lang='grc' dir='ltr'>ἐκπληροῦσι</span> <span class='ocrx_word' id='word_1_135' title='bbox 806 1373 894 1424; x_wconf 78' lang='grc' dir='ltr'>τὰς</span> <span class='ocrx_word' id='word_1_136' title='bbox 947 1373 1063 1426; x_wconf 81' lang='grc' dir='ltr'>ἴσας</span> <span class='ocrx_word' id='word_1_137' title='bbox 1114 1371 1351 1439; x_wconf 89' lang='grc' dir='ltr'>μυριάδας</span> <span class='ocrx_word' id='word_1_138' title='bbox 1404 1374 1655 1424; x_wconf 91' lang='grc' dir='ltr'>ἐκείνοισι.</span> <span class='ocrx_word' id='word_1_139' title='bbox 1745 1375 1871 1425; x_wconf 85' lang='grc' dir='ltr'>οὕτω</span> 
     </span>
     <span class='ocr_line' id='line_1_19' title="bbox 197 1454 1872 1525; baseline 0.001 -17"><span class='ocrx_word' id='word_1_140' title='bbox 197 1457 527 1510; x_wconf 90' lang='grc' dir='ltr'>πεντακοσίας</span> <span class='ocrx_word' id='word_1_141' title='bbox 564 1477 618 1508; x_wconf 93' lang='grc' dir='ltr'>τε</span> <span class='ocrx_word' id='word_1_142' title='bbox 651 1454 890 1522; x_wconf 89' lang='grc' dir='ltr'>μυριάδας</span> <span class='ocrx_word' id='word_1_143' title='bbox 926 1457 1005 1507; x_wconf 89' lang='grc' dir='ltr'>καὶ</span> <span class='ocrx_word' id='word_1_144' title='bbox 1044 1458 1203 1508; x_wconf 84' lang='grc' dir='ltr'>εἴκοσι</span> <span class='ocrx_word' id='word_1_145' title='bbox 1241 1458 1319 1509; x_wconf 86' lang='grc' dir='ltr'>καὶ</span> <span class='ocrx_word' id='word_1_146' title='bbox 1354 1458 1482 1508; x_wconf 85' lang='grc' dir='ltr'>ὀκτὼ</span> <span class='ocrx_word' id='word_1_147' title='bbox 1521 1458 1599 1508; x_wconf 91' lang='grc' dir='ltr'>καὶ</span> <span class='ocrx_word' id='word_1_148' title='bbox 1639 1456 1872 1525; x_wconf 89' lang='grc' dir='ltr'>χιλιάδας</span> 
     </span>
     <span class='ocr_line' id='line_1_20' title="bbox 196 1539 1872 1609; baseline 0.002 -18"><span class='ocrx_word' id='word_1_149' title='bbox 196 1545 328 1607; x_wconf 93' lang='grc' dir='ltr'>τρεῖς</span> <span class='ocrx_word' id='word_1_150' title='bbox 370 1541 449 1593; x_wconf 88' lang='grc' dir='ltr'>καὶ</span> <span class='ocrx_word' id='word_1_151' title='bbox 491 1539 819 1594; x_wconf 83' lang='grc' dir='ltr'>ἑκατοντάδας</span> <span class='ocrx_word' id='word_1_152' title='bbox 863 1540 948 1592; x_wconf 88' lang='grc' dir='ltr'>δύο</span> <span class='ocrx_word' id='word_1_153' title='bbox 989 1541 1068 1592; x_wconf 89' lang='grc' dir='ltr'>καὶ</span> <span class='ocrx_word' id='word_1_154' title='bbox 1110 1541 1317 1595; x_wconf 87' lang='grc' dir='ltr'>δεκάδας</span> <span class='ocrx_word' id='word_1_155' title='bbox 1358 1542 1443 1592; x_wconf 89' lang='grc' dir='ltr'>δύο</span> <span class='ocrx_word' id='word_1_156' title='bbox 1484 1543 1676 1608; x_wconf 88' lang='grc' dir='ltr'>ἀνδρῶν</span> <span class='ocrx_word' id='word_1_157' title='bbox 1713 1541 1872 1609; x_wconf 84' lang='grc' dir='ltr'>ἤγαγε</span> 
     </span>
     <span class='ocr_line' id='line_1_21' title="bbox 198 1623 1870 1692; baseline 0 -13"><span class='ocrx_word' id='word_1_158' title='bbox 198 1623 392 1692; x_wconf 78' lang='grc' dir='ltr'>Ξέρξης</span> <span class='ocrx_word' id='word_1_159' title='bbox 417 1627 442 1676; x_wconf 90' lang='grc' dir='ltr'>ὁ</span> <span class='ocrx_word' id='word_1_160' title='bbox 468 1624 683 1692; x_wconf 90' lang='grc' dir='ltr'>Δαρείου</span> <span class='ocrx_word' id='word_1_161' title='bbox 712 1623 862 1692; x_wconf 90' lang='grc' dir='ltr'>μέχρι</span> <span class='ocrx_word' id='word_1_162' title='bbox 891 1625 1141 1690; x_wconf 91' lang='grc' dir='ltr'>Σηπιάδος</span> <span class='ocrx_word' id='word_1_163' title='bbox 1166 1627 1245 1678; x_wconf 90' lang='grc' dir='ltr'>καὶ</span> <span class='ocrx_word' id='word_1_164' title='bbox 1272 1625 1656 1692; x_wconf 88' lang='grc' dir='ltr'>Θερμοπυλέων.</span> <span class='ocrx_word' id='word_1_165' title='bbox 1729 1627 1870 1680; x_wconf 73' lang='grc' dir='ltr'>οὗτος</span> 
     </span>
     <span class='ocr_line' id='line_1_22' title="bbox 195 1709 1867 1778; baseline 0.001 -16"><span class='ocrx_word' id='word_1_166' title='bbox 195 1712 287 1775; x_wconf 83' lang='grc' dir='ltr'>μὲν</span> <span class='ocrx_word' id='word_1_167' title='bbox 317 1709 376 1774; x_wconf 80' lang='grc' dir='ltr'>δὴ</span> <span class='ocrx_word' id='word_1_168' title='bbox 408 1715 493 1762; x_wconf 84' lang='grc' dir='ltr'>τοῦ</span> <span class='ocrx_word' id='word_1_169' title='bbox 531 1709 845 1763; x_wconf 87' lang='grc' dir='ltr'>συνάπαντος</span> <span class='ocrx_word' id='word_1_170' title='bbox 882 1715 968 1762; x_wconf 81' lang='grc' dir='ltr'>τοῦ</span> <span class='ocrx_word' id='word_1_171' title='bbox 1001 1709 1202 1777; x_wconf 75' lang='grc' dir='ltr'>Ξέρξεω</span> <span class='ocrx_word' id='word_1_172' title='bbox 1242 1711 1610 1778; x_wconf 88' lang='grc' dir='ltr'>στρατεύματος</span> <span class='ocrx_word' id='word_1_173' title='bbox 1647 1712 1867 1777; x_wconf 84' lang='grc' dir='ltr'>ἀριθμός,</span> 
     </span>
     <span class='ocr_line' id='line_1_23' title="bbox 123 1794 1870 1863; baseline 0.002 -20"><span class='ocrx_word' id='word_1_174' title='bbox 123 1808 175 1843; x_wconf 84' lang='lat'>20</span> <span class='ocrx_word' id='word_1_175' title='bbox 196 1799 442 1862; x_wconf 83' lang='grc' dir='ltr'>γυναικῶν</span> <span class='ocrx_word' id='word_1_176' title='bbox 473 1797 526 1847; x_wconf 82' lang='grc' dir='ltr'>δὲ</span> <span class='ocrx_word' id='word_1_177' title='bbox 563 1799 834 1847; x_wconf 83' lang='grc' dir='ltr'>σιτοποιῶν</span> <span class='ocrx_word' id='word_1_178' title='bbox 868 1794 948 1846; x_wconf 89' lang='grc' dir='ltr'>καὶ</span> <span class='ocrx_word' id='word_1_179' title='bbox 979 1794 1280 1847; x_wconf 90' lang='grc' dir='ltr'>παλλακέων</span> <span class='ocrx_word' id='word_1_180' title='bbox 1313 1795 1391 1846; x_wconf 84' lang='grc' dir='ltr'>καὶ</span> <span class='ocrx_word' id='word_1_181' title='bbox 1429 1795 1681 1863; x_wconf 83' lang='grc' dir='ltr'>εὐνούχων</span> <span class='ocrx_word' id='word_1_182' title='bbox 1712 1796 1870 1848; x_wconf 85' lang='grc' dir='ltr'>οὐδεὶς</span> 
     </span>
     <span class='ocr_line' id='line_1_24' title="bbox 195 1878 1871 1946; baseline 0.001 -15"><span class='ocrx_word' id='word_1_183' title='bbox 195 1878 258 1931; x_wconf 82' lang='grc' dir='ltr'>ἂν</span> <span class='ocrx_word' id='word_1_184' title='bbox 299 1880 428 1932; x_wconf 84' lang='grc' dir='ltr'>εἴποι</span> <span class='ocrx_word' id='word_1_185' title='bbox 470 1878 676 1946; x_wconf 86' lang='grc' dir='ltr'>ἀτρεκέα</span> <span class='ocrx_word' id='word_1_186' title='bbox 718 1880 942 1946; x_wconf 89' lang='grc' dir='ltr'>ἀριθμόν·</span> <span class='ocrx_word' id='word_1_187' title='bbox 990 1879 1093 1930; x_wconf 85' lang='grc' dir='ltr'>οὐδ’</span> <span class='ocrx_word' id='word_1_188' title='bbox 1133 1879 1194 1931; x_wconf 73' lang='grc' dir='ltr'>αὖ</span> <span class='ocrx_word' id='word_1_189' title='bbox 1234 1881 1510 1946; x_wconf 80' lang='grc' dir='ltr'>ὑποζυγίων</span> <span class='ocrx_word' id='word_1_190' title='bbox 1550 1901 1605 1932; x_wconf 93' lang='grc' dir='ltr'>τε</span> <span class='ocrx_word' id='word_1_191' title='bbox 1650 1881 1729 1932; x_wconf 85' lang='grc' dir='ltr'>καὶ</span> <span class='ocrx_word' id='word_1_192' title='bbox 1772 1885 1871 1932; x_wconf 91' lang='grc' dir='ltr'>τῶν</span> 
     </span>
     <span class='ocr_line' id='line_1_25' title="bbox 196 1963 1868 2032; baseline 0 -17"><span class='ocrx_word' id='word_1_193' title='bbox 196 1963 367 2016; x_wconf 85' lang='grc' dir='ltr'>ἄλλων</span> <span class='ocrx_word' id='word_1_194' title='bbox 393 1963 609 2029; x_wconf 88' lang='grc' dir='ltr'>κτηνέων</span> <span class='ocrx_word' id='word_1_195' title='bbox 630 1969 728 2016; x_wconf 93' lang='grc' dir='ltr'>τῶν</span> <span class='ocrx_word' id='word_1_196' title='bbox 761 1965 1063 2032; x_wconf 90' lang='grc' dir='ltr'>ἀχθοφόρων</span> <span class='ocrx_word' id='word_1_197' title='bbox 1089 1964 1167 2016; x_wconf 89' lang='grc' dir='ltr'>καὶ</span> <span class='ocrx_word' id='word_1_198' title='bbox 1197 1969 1356 2017; x_wconf 84' lang='grc' dir='ltr'>κυνῶν</span> <span class='ocrx_word' id='word_1_199' title='bbox 1380 1964 1600 2017; x_wconf 84' lang='grc' dir='ltr'>Ἰνδικῶν</span> <span class='ocrx_word' id='word_1_200' title='bbox 1625 1969 1723 2016; x_wconf 91' lang='grc' dir='ltr'>τῶν</span> <span class='ocrx_word' id='word_1_201' title='bbox 1754 1967 1868 2017; x_wconf 92' lang='grc' dir='ltr'>ἑπο-</span> 
     </span>
     <span class='ocr_line' id='line_1_26' title="bbox 195 2047 1869 2116; baseline 0.001 -16"><span class='ocrx_word' id='word_1_202' title='bbox 195 2047 374 2114; x_wconf 77' lang='grc' dir='ltr'>μένων,</span> <span class='ocrx_word' id='word_1_203' title='bbox 402 2048 504 2100; x_wconf 83' lang='grc' dir='ltr'>οὐδ’</span> <span class='ocrx_word' id='word_1_204' title='bbox 527 2047 588 2100; x_wconf 82' lang='grc' dir='ltr'>ἂν</span> <span class='ocrx_word' id='word_1_205' title='bbox 617 2048 803 2100; x_wconf 89' lang='grc' dir='ltr'>τούτων</span> <span class='ocrx_word' id='word_1_206' title='bbox 832 2047 926 2101; x_wconf 83' lang='grc' dir='ltr'>ὑπὸ</span> <span class='ocrx_word' id='word_1_207' title='bbox 957 2047 1174 2114; x_wconf 91' lang='grc' dir='ltr'>πλήθεος</span> <span class='ocrx_word' id='word_1_208' title='bbox 1203 2049 1362 2103; x_wconf 82' lang='grc' dir='ltr'>οὐδεὶς</span> <span class='ocrx_word' id='word_1_209' title='bbox 1391 2048 1453 2101; x_wconf 81' lang='grc' dir='ltr'>ἂν</span> <span class='ocrx_word' id='word_1_210' title='bbox 1484 2051 1615 2101; x_wconf 78' lang='grc' dir='ltr'>ε’ίποι</span> <span class='ocrx_word' id='word_1_211' title='bbox 1645 2051 1869 2116; x_wconf 91' lang='grc' dir='ltr'>ἀριθμόν.</span> 
     </span>
     <span class='ocr_line' id='line_1_27' title="bbox 197 2126 1870 2201; baseline 0.001 -17"><span class='ocrx_word' id='word_1_212' title='bbox 197 2132 329 2186; x_wconf 84' lang='grc' dir='ltr'>ὥστε</span> <span class='ocrx_word' id='word_1_213' title='bbox 365 2132 508 2186; x_wconf 87' lang='grc' dir='ltr'>οὐδέν</span> <span class='ocrx_word' id='word_1_214' title='bbox 537 2154 621 2198; x_wconf 93' lang='grc' dir='ltr'>μοι</span> <span class='ocrx_word' id='word_1_215' title='bbox 659 2136 797 2198; x_wconf 88' lang='grc' dir='ltr'>θῶμα</span> <span class='ocrx_word' id='word_1_216' title='bbox 829 2133 1130 2200; x_wconf 90' lang='grc' dir='ltr'>παρίσταται</span> <span class='ocrx_word' id='word_1_217' title='bbox 1167 2137 1433 2200; x_wconf 82' lang='grc' dir='ltr'>προδοῦναι</span> <span class='ocrx_word' id='word_1_218' title='bbox 1468 2126 1530 2186; x_wconf 81' lang='grc' dir='ltr'><em>τᾶ</em></span> <span class='ocrx_word' id='word_1_219' title='bbox 1564 2133 1742 2201; x_wconf 89' lang='grc' dir='ltr'>ῥέεθρα</span> <span class='ocrx_word' id='word_1_220' title='bbox 1771 2139 1870 2186; x_wconf 92' lang='grc' dir='ltr'>τῶν</span> 
     </span>
     <span class='ocr_line' id='line_1_28' title="bbox 123 2217 1869 2286; baseline 0 -16"><span class='ocrx_word' id='word_1_221' title='bbox 123 2234 171 2276; x_wconf 85' lang='lat'>25</span> <span class='ocrx_word' id='word_1_222' title='bbox 197 2223 432 2284; x_wconf 89' lang='grc' dir='ltr'>ποταμῶν</span> <span class='ocrx_word' id='word_1_223' title='bbox 469 2218 579 2270; x_wconf 85' lang='grc' dir='ltr'>ἔστι</span> <span class='ocrx_word' id='word_1_224' title='bbox 613 2219 698 2276; x_wconf 79' lang='grc' dir='ltr'>ὧν,</span> <span class='ocrx_word' id='word_1_225' title='bbox 737 2219 872 2269; x_wconf 83' lang='grc' dir='ltr'>ἀλλὰ</span> <span class='ocrx_word' id='word_1_226' title='bbox 910 2222 1111 2283; x_wconf 79' lang='grc' dir='ltr'>μᾶλλον</span> <span class='ocrx_word' id='word_1_227' title='bbox 1147 2220 1273 2272; x_wconf 84' lang='grc' dir='ltr'>ὅκως</span> <span class='ocrx_word' id='word_1_228' title='bbox 1309 2220 1370 2270; x_wconf 77' lang='grc' dir='ltr'>τὰ</span> <span class='ocrx_word' id='word_1_229' title='bbox 1411 2220 1548 2270; x_wconf 89' lang='grc' dir='ltr'>σιτία</span> <span class='ocrx_word' id='word_1_230' title='bbox 1589 2217 1869 2286; x_wconf 87' lang='grc' dir='ltr'>ἀντέχρησε</span> 
     </span>
     <span class='ocr_line' id='line_1_29' title="bbox 197 2301 1866 2374; baseline 0.002 -21"><span class='ocrx_word' id='word_1_231' title='bbox 197 2302 337 2368; x_wconf 90' lang='grc' dir='ltr'>θῶμά</span> <span class='ocrx_word' id='word_1_232' title='bbox 365 2324 450 2367; x_wconf 91' lang='grc' dir='ltr'>μοι</span> <span class='ocrx_word' id='word_1_233' title='bbox 479 2301 682 2368; x_wconf 89' lang='grc' dir='ltr'>μυριάσι</span> <span class='ocrx_word' id='word_1_234' title='bbox 704 2302 998 2374; x_wconf 84' lang='grc' dir='ltr'>τοσαύτῃσι.</span> <span class='ocrx_word' id='word_1_235' title='bbox 1073 2304 1283 2369; x_wconf 84' lang='grc' dir='ltr'>εὑρίσκω</span> <span class='ocrx_word' id='word_1_236' title='bbox 1308 2304 1403 2370; x_wconf 81' lang='grc' dir='ltr'>γὰρ</span> <span class='ocrx_word' id='word_1_237' title='bbox 1428 2303 1866 2369; x_wconf 84' lang='grc' dir='ltr'>συμβαλλόμενος,</span> 
     </span>
     <span class='ocr_line' id='line_1_30' title="bbox 198 2387 1869 2454; baseline -0.001 -16"><span class='ocrx_word' id='word_1_238' title='bbox 198 2388 241 2438; x_wconf 84' lang='grc' dir='ltr'>εἷ</span> <span class='ocrx_word' id='word_1_239' title='bbox 275 2389 474 2454; x_wconf 91' lang='grc' dir='ltr'>χοίνικα</span> <span class='ocrx_word' id='word_1_240' title='bbox 510 2391 674 2453; x_wconf 88' lang='grc' dir='ltr'>πυρῶν</span> <span class='ocrx_word' id='word_1_241' title='bbox 713 2387 924 2440; x_wconf 82' lang='grc' dir='ltr'>ἕκαστος</span> <span class='ocrx_word' id='word_1_242' title='bbox 960 2390 1048 2451; x_wconf 88' lang='grc' dir='ltr'>τῆς</span> <span class='ocrx_word' id='word_1_243' title='bbox 1083 2387 1267 2454; x_wconf 85' lang='grc' dir='ltr'>ἡμέρης</span> <span class='ocrx_word' id='word_1_244' title='bbox 1305 2387 1563 2453; x_wconf 85' lang='grc' dir='ltr'>ἐλάμβανε</span> <span class='ocrx_word' id='word_1_245' title='bbox 1603 2387 1679 2439; x_wconf 89' lang='grc' dir='ltr'>καὶ</span> <span class='ocrx_word' id='word_1_246' title='bbox 1714 2390 1869 2453; x_wconf 79' lang='grc' dir='ltr'>μηδὲν</span> 
     </span>
    </p>
   </div>
   <div class='ocr_carea' id='block_1_10' title="bbox 197 2469 1879 2543">
    <p class='ocr_par' dir='ltr' id='par_1_10' title="bbox 197 2469 1879 2543">
     <span class='ocr_line' id='line_1_31' title="bbox 197 2469 1879 2543; baseline 0.001 -21"><span class='ocrx_word' id='word_1_247' title='bbox 197 2470 367 2529; x_wconf 91' lang='grc' dir='ltr'>πλέον,</span> <span class='ocrx_word' id='word_1_248' title='bbox 396 2471 569 2522; x_wconf 81' lang='grc' dir='ltr'>ἕνδεκα</span> <span class='ocrx_word' id='word_1_249' title='bbox 597 2469 835 2537; x_wconf 89' lang='grc' dir='ltr'>μυριάδας</span> <span class='ocrx_word' id='word_1_250' title='bbox 864 2472 1113 2536; x_wconf 90' lang='grc' dir='ltr'>μεδίμνων</span> <span class='ocrx_word' id='word_1_251' title='bbox 1143 2471 1442 2538; x_wconf 88' lang='grc' dir='ltr'>τελεομένας</span> <span class='ocrx_word' id='word_1_252' title='bbox 1473 2471 1551 2524; x_wconf 86' lang='grc' dir='ltr'>ἐπ’</span> <span class='ocrx_word' id='word_1_253' title='bbox 1573 2471 1728 2543; x_wconf 86' lang='grc' dir='ltr'>ἡμέρῃ</span> <span class='ocrx_word' id='word_1_254' title='bbox 1755 2471 1879 2523; x_wconf 91' lang='grc' dir='ltr'>ἑκά-·</span> 
     </span>
    </p>
   </div>
   <div class='ocr_carea' id='block_1_11' title="bbox 162 2607 1868 2936">
    <p class='ocr_par' dir='ltr' id='par_1_11' title="bbox 251 2607 1866 2663">
     <span class='ocr_line' id='line_1_32' title="bbox 251 2607 1866 2663; baseline 0.001 -16"><span class='ocrx_word' id='word_1_255' title='bbox 251 2622 276 2647; x_wconf 86' lang='grc'><strong>2</strong></span> <span class='ocrx_word' id='word_1_256' title='bbox 319 2610 507 2663; x_wconf 79' lang='grc' dir='ltr'>Περαιβοὶ</span> <span class='ocrx_word' id='word_1_257' title='bbox 548 2607 588 2646; x_wconf 93' lang='grc' dir='ltr'><strong>Α</strong></span> <span class='ocrx_word' id='word_1_258' title='bbox 611 2607 645 2646; x_wconf 90' lang='grc' dir='ltr'><strong>Β</strong></span> <span class='ocrx_word' id='word_1_259' title='bbox 670 2607 703 2646; x_wconf 91' lang='lat' dir='ltr'>C</span> <span class='ocrx_word' id='word_1_260' title='bbox 729 2607 761 2645; x_wconf 88' lang='lat' dir='ltr'>P</span> <span class='ocrx_word' id='word_1_261' title='bbox 873 2611 1055 2657; x_wconf 83' lang='grc' dir='ltr'>Αινιῆνες</span> <span class='ocrx_word' id='word_1_262' title='bbox 1098 2608 1136 2647; x_wconf 93' lang='lat' dir='ltr'>R</span> <span class='ocrx_word' id='word_1_263' title='bbox 1161 2608 1190 2647; x_wconf 88' lang='lat' dir='ltr'>S</span> <span class='ocrx_word' id='word_1_264' title='bbox 1212 2609 1251 2647; x_wconf 92' lang='lat' dir='ltr'>V</span> <span class='ocrx_word' id='word_1_265' title='bbox 1430 2622 1455 2659; x_wconf 88' lang='lat'>4</span> <span class='ocrx_word' id='word_1_266' title='bbox 1498 2609 1683 2662; x_wconf 83' lang='grc' dir='ltr'>μυριάδες</span> <span class='ocrx_word' id='word_1_267' title='bbox 1724 2610 1763 2649; x_wconf 91' lang='lat' dir='ltr'><strong>R</strong></span> <span class='ocrx_word' id='word_1_268' title='bbox 1788 2609 1866 2662; x_wconf 90' lang='lat' dir='ltr'>[V]</span> 
     </span>
    </p>

    <p class='ocr_par' dir='ltr' id='par_1_12' title="bbox 162 2662 1868 2936">
     <span class='ocr_line' id='line_1_33' title="bbox 162 2662 1866 2717; baseline 0 -13"><span class='ocrx_word' id='word_1_269' title='bbox 162 2704 168 2713; x_wconf 75' lang='grc'>,</span> <span class='ocrx_word' id='word_1_270' title='bbox 197 2675 222 2713; x_wconf 90' lang='grc'>5</span> <span class='ocrx_word' id='word_1_271' title='bbox 264 2664 418 2713; x_wconf 86' lang='grc' dir='ltr'>κείνησι</span> <span class='ocrx_word' id='word_1_272' title='bbox 454 2664 494 2702; x_wconf 91' lang='lat' dir='ltr'>R</span> <span class='ocrx_word' id='word_1_273' title='bbox 517 2662 547 2702; x_wconf 90' lang='lat' dir='ltr'>S</span> <span class='ocrx_word' id='word_1_274' title='bbox 568 2662 624 2701; x_wconf 79' lang='lat' dir='ltr'>V&#39;</span> <span class='ocrx_word' id='word_1_275' title='bbox 829 2676 850 2712; x_wconf 98' lang='lat'><strong>7</strong></span> <span class='ocrx_word' id='word_1_276' title='bbox 896 2662 1095 2717; x_wconf 88' lang='grc' dir='ltr'>τέσσαρες</span> <span class='ocrx_word' id='word_1_277' title='bbox 1129 2662 1168 2702; x_wconf 88' lang='grc' dir='ltr'>Α</span> <span class='ocrx_word' id='word_1_278' title='bbox 1185 2663 1243 2702; x_wconf 86' lang='lat' dir='ltr'>C:</span> <span class='ocrx_word' id='word_1_279' title='bbox 1284 2662 1478 2717; x_wconf 84' lang='grc' dir='ltr'>τέτταρες</span> <span class='ocrx_word' id='word_1_280' title='bbox 1511 2664 1550 2703; x_wconf 90' lang='lat' dir='ltr'>R</span> <span class='ocrx_word' id='word_1_281' title='bbox 1567 2665 1606 2703; x_wconf 96' lang='lat' dir='ltr'>V</span> <span class='ocrx_word' id='word_1_282' title='bbox 1624 2679 1634 2703; x_wconf 76' lang='grc' dir='ltr'>ε</span> <span class='ocrx_word' id='word_1_283' title='bbox 1674 2665 1798 2706; x_wconf 81' lang='grc' dir='ltr'>πέντε</span> <span class='ocrx_word' id='word_1_284' title='bbox 1835 2664 1866 2704; x_wconf 91' lang='lat' dir='ltr'>S</span> 
     </span>
     <span class='ocr_line' id='line_1_34' title="bbox 197 2717 1868 2771; baseline 0.001 -14"><span class='ocrx_word' id='word_1_285' title='bbox 197 2719 223 2757; x_wconf 88' lang='lat'>8</span> <span class='ocrx_word' id='word_1_286' title='bbox 254 2717 297 2771; x_wconf 74' lang='grc' dir='ltr'>ἐξ</span> <span class='ocrx_word' id='word_1_287' title='bbox 315 2720 380 2760; x_wconf 80' lang='grc' dir='ltr'>καὶ</span> <span class='ocrx_word' id='word_1_288' title='bbox 402 2717 499 2759; x_wconf 86' lang='grc' dir='ltr'>δέκα</span> <span class='ocrx_word' id='word_1_289' title='bbox 521 2718 559 2756; x_wconf 89' lang='lat' dir='ltr'>R</span> <span class='ocrx_word' id='word_1_290' title='bbox 575 2717 605 2757; x_wconf 90' lang='lat' dir='ltr'>S</span> <span class='ocrx_word' id='word_1_291' title='bbox 619 2717 657 2756; x_wconf 95' lang='lat' dir='ltr'>V</span> <span class='ocrx_word' id='word_1_292' title='bbox 675 2732 684 2757; x_wconf 73' lang='lat' dir='ltr'>z</span> <span class='ocrx_word' id='word_1_293' title='bbox 716 2730 795 2757; x_wconf 90' lang='lat' dir='ltr'>om.</span> <span class='ocrx_word' id='word_1_294' title='bbox 825 2718 858 2756; x_wconf 93' lang='lat' dir='ltr'>C</span> <span class='ocrx_word' id='word_1_295' title='bbox 1058 2732 1107 2757; x_wconf 92' lang='lat'>10</span> <span class='ocrx_word' id='word_1_296' title='bbox 1136 2718 1250 2770; x_wconf 88' lang='grc' dir='ltr'>τοὺς]</span> <span class='ocrx_word' id='word_1_297' title='bbox 1275 2722 1360 2760; x_wconf 81' lang='grc' dir='ltr'>τοῖς</span> <span class='ocrx_word' id='word_1_298' title='bbox 1382 2718 1415 2758; x_wconf 91' lang='lat' dir='ltr'>C</span> <span class='ocrx_word' id='word_1_299' title='bbox 1546 2718 1673 2770; x_wconf 81' lang='grc' dir='ltr'>τοῖσι]</span> <span class='ocrx_word' id='word_1_300' title='bbox 1694 2721 1807 2767; x_wconf 82' lang='grc' dir='ltr'>τῆισι</span> <span class='ocrx_word' id='word_1_301' title='bbox 1827 2719 1868 2759; x_wconf 91' lang='grc' dir='ltr'><strong>Α</strong></span> 
     </span>
     <span class='ocr_line' id='line_1_35' title="bbox 202 2772 1866 2827; baseline -0.001 -13"><span class='ocrx_word' id='word_1_302' title='bbox 202 2786 249 2822; x_wconf 86' lang='lat'>14</span> <span class='ocrx_word' id='word_1_303' title='bbox 279 2773 438 2815; x_wconf 81' lang='grc' dir='ltr'>οὐδενός</span> <span class='ocrx_word' id='word_1_304' title='bbox 455 2772 495 2811; x_wconf 88' lang='lat' dir='ltr'>R</span> <span class='ocrx_word' id='word_1_305' title='bbox 510 2773 540 2812; x_wconf 90' lang='lat' dir='ltr'>S</span> <span class='ocrx_word' id='word_1_306' title='bbox 553 2773 591 2811; x_wconf 92' lang='lat' dir='ltr'>V</span> <span class='ocrx_word' id='word_1_307' title='bbox 762 2773 811 2811; x_wconf 87' lang='lat'>16</span> <span class='ocrx_word' id='word_1_308' title='bbox 839 2789 1006 2822; x_wconf 86' lang='grc' dir='ltr'>πεντηκ.</span> <span class='ocrx_word' id='word_1_309' title='bbox 1029 2772 1066 2811; x_wconf 88' lang='grc' dir='ltr'>Α</span> <span class='ocrx_word' id='word_1_310' title='bbox 1083 2774 1116 2812; x_wconf 92' lang='grc' dir='ltr'>Β</span> <span class='ocrx_word' id='word_1_311' title='bbox 1133 2773 1166 2812; x_wconf 93' lang='lat' dir='ltr'>C</span> <span class='ocrx_word' id='word_1_312' title='bbox 1182 2772 1234 2826; x_wconf 89' lang='lat' dir='ltr'>[S</span> <span class='ocrx_word' id='word_1_313' title='bbox 1247 2773 1306 2825; x_wconf 87' lang='lat' dir='ltr'>V]</span> <span class='ocrx_word' id='word_1_314' title='bbox 1423 2775 1660 2816; x_wconf 79' lang='grc' dir='ltr'>εἰκοσιοκτὼ</span> <span class='ocrx_word' id='word_1_315' title='bbox 1683 2774 1722 2813; x_wconf 90' lang='lat' dir='ltr'>R</span> <span class='ocrx_word' id='word_1_316' title='bbox 1737 2773 1776 2813; x_wconf 93' lang='lat' dir='ltr'>V</span> <span class='ocrx_word' id='word_1_317' title='bbox 1791 2774 1866 2827; x_wconf 90' lang='lat' dir='ltr'>[S]</span> 
     </span>
     <span class='ocr_line' id='line_1_36' title="bbox 201 2827 1864 2879; baseline 0.001 -13"><span class='ocrx_word' id='word_1_318' title='bbox 201 2840 252 2878; x_wconf 83' lang='lat'>19</span> <span class='ocrx_word' id='word_1_319' title='bbox 281 2827 511 2879; x_wconf 83' lang='grc' dir='ltr'>σύμπαντος</span> <span class='ocrx_word' id='word_1_320' title='bbox 535 2828 568 2866; x_wconf 87' lang='grc' dir='ltr'><em>Ρ</em></span> <span class='ocrx_word' id='word_1_321' title='bbox 582 2828 620 2866; x_wconf 92' lang='lat' dir='ltr'>R</span> <span class='ocrx_word' id='word_1_322' title='bbox 637 2827 666 2866; x_wconf 88' lang='lat' dir='ltr'>S</span> <span class='ocrx_word' id='word_1_323' title='bbox 680 2827 718 2866; x_wconf 93' lang='lat' dir='ltr'>V</span> <span class='ocrx_word' id='word_1_324' title='bbox 911 2841 966 2867; x_wconf 88' lang='lat'>20</span> <span class='ocrx_word' id='word_1_325' title='bbox 994 2828 1231 2870; x_wconf 84' lang='grc' dir='ltr'>σιτοποιέων</span> <span class='ocrx_word' id='word_1_326' title='bbox 1256 2828 1289 2867; x_wconf 90' lang='grc' dir='ltr'>Ρ</span> <span class='ocrx_word' id='word_1_327' title='bbox 1303 2829 1341 2867; x_wconf 91' lang='lat' dir='ltr'>R</span> <span class='ocrx_word' id='word_1_328' title='bbox 1358 2829 1388 2868; x_wconf 89' lang='lat' dir='ltr'>S</span> <span class='ocrx_word' id='word_1_329' title='bbox 1401 2830 1440 2868; x_wconf 94' lang='lat' dir='ltr'>V</span> <span class='ocrx_word' id='word_1_330' title='bbox 1633 2841 1685 2879; x_wconf 80' lang='lat'>24</span> <span class='ocrx_word' id='word_1_331' title='bbox 1715 2829 1811 2870; x_wconf 80' lang='grc' dir='ltr'>οὐδέ</span> <span class='ocrx_word' id='word_1_332' title='bbox 1829 2829 1864 2868; x_wconf 89' lang='grc' dir='ltr'>Β</span> 
     </span>
     <span class='ocr_line' id='line_1_37' title="bbox 198 2882 1865 2936; baseline 0.002 -14"><span class='ocrx_word' id='word_1_333' title='bbox 198 2883 451 2936; x_wconf 80' lang='grc' dir='ltr'>περιίσταται</span> <span class='ocrx_word' id='word_1_334' title='bbox 474 2883 513 2922; x_wconf 92' lang='lat' dir='ltr'>R</span> <span class='ocrx_word' id='word_1_335' title='bbox 529 2883 559 2922; x_wconf 90' lang='lat' dir='ltr'>S</span> <span class='ocrx_word' id='word_1_336' title='bbox 571 2883 611 2922; x_wconf 92' lang='lat' dir='ltr'>V</span> <span class='ocrx_word' id='word_1_337' title='bbox 684 2916 687 2918; x_wconf 97' lang='lat'>.</span> <span class='ocrx_word' id='word_1_338' title='bbox 795 2894 847 2931; x_wconf 88' lang='lat'>25</span> <span class='ocrx_word' id='word_1_339' title='bbox 879 2883 992 2923; x_wconf 86' lang='grc' dir='ltr'>ἐνίων</span> <span class='ocrx_word' id='word_1_340' title='bbox 1016 2882 1053 2920; x_wconf 91' lang='lat' dir='ltr'>R</span> <span class='ocrx_word' id='word_1_341' title='bbox 1070 2883 1100 2922; x_wconf 89' lang='lat' dir='ltr'>S</span> <span class='ocrx_word' id='word_1_342' title='bbox 1113 2883 1153 2922; x_wconf 96' lang='lat' dir='ltr'>V</span> <span class='ocrx_word' id='word_1_343' title='bbox 1280 2885 1385 2925; x_wconf 85' lang='grc' dir='ltr'>ὅπως</span> <span class='ocrx_word' id='word_1_344' title='bbox 1406 2884 1445 2923; x_wconf 91' lang='grc' dir='ltr'>Α</span> <span class='ocrx_word' id='word_1_345' title='bbox 1460 2885 1493 2922; x_wconf 90' lang='grc' dir='ltr'>Β</span> <span class='ocrx_word' id='word_1_346' title='bbox 1510 2884 1543 2924; x_wconf 93' lang='lat' dir='ltr'>C</span> <span class='ocrx_word' id='word_1_347' title='bbox 1656 2884 1865 2936; x_wconf 84' lang='grc' dir='ltr'>ἀπέχρησε</span> 
     </span>
    </p>
   </div>
   <div class='ocr_carea' id='block_1_12' title="bbox 202 2936 839 2988">
    <p class='ocr_par' dir='ltr' id='par_1_13' title="bbox 202 2936 839 2988">
     <span class='ocr_line' id='line_1_38' title="bbox 202 2936 839 2988; baseline 0 -12"><span class='ocrx_word' id='word_1_348' title='bbox 202 2937 372 2988; x_wconf 86' lang='lat' dir='ltr'>Madvig</span> <span class='ocrx_word' id='word_1_349' title='bbox 535 2939 588 2976; x_wconf 86' lang='lat'>28</span> <span class='ocrx_word' id='word_1_350' title='bbox 617 2936 727 2978; x_wconf 86' lang='grc' dir='ltr'>πλέω</span> <span class='ocrx_word' id='word_1_351' title='bbox 751 2937 788 2976; x_wconf 89' lang='lat' dir='ltr'>R</span> <span class='ocrx_word' id='word_1_352' title='bbox 803 2938 839 2976; x_wconf 94' lang='lat' dir='ltr'>V</span> 
     </span>
    </p>
   </div>
   <div class='ocr_carea' id='block_1_13' title="bbox 1913 1222 1938 1253">
    <p class='ocr_par' dir='ltr' id='par_1_14' title="bbox 1913 1222 1938 1253">
     <span class='ocr_line' id='line_1_39' title="bbox 1913 1222 1938 1253; baseline 0 0"><span class='ocrx_word' id='word_1_353' title='bbox 1913 1222 1938 1253; x_wconf 89' lang='lat'><strong>2</strong></span> 
     </span>
    </p>
   </div>
   <div class='ocr_carea' id='block_1_14' title="bbox 1909 1629 1998 1691">
    <p class='ocr_par' dir='ltr' id='par_1_15' title="bbox 1909 1629 1998 1691">
     <span class='ocr_line' id='line_1_40' title="bbox 1909 1629 1998 1691; baseline 0 -14"><span class='ocrx_word' id='word_1_354' title='bbox 1909 1629 1998 1691; x_wconf 90' lang='lat'>187</span> 
     </span>
    </p>
   </div>
  </div>
 </body>
</html>
