2150 3320
67 101 148 151 VI.
177 97 254 161 69

923 88 1350 143 HPOAOTOT

296 227 544 295 Ἀρίστων
574 225 725 292 ἔμαθε
763 224 835 281 ὣς,
869 228 1003 277 θεῖον
1044 226 1117 289 εἵη
1160 223 1218 276 τὸ
1258 227 1476 291 πρῆγμα.
1565 224 1645 276 καὶ
1685 225 1960 290 τοῦτομὲν

297 315 344 366 οἱ
375 311 621 378 στέφανοι
653 308 917 376 ἐφάνησαν
947 311 1112 363 ἐόντες
1143 311 1197 361 ἐκ
1227 313 1312 360 τοῦ
1339 309 1518 376 ἡρωίου
1553 313 1639 360 τοῦ
1661 310 1806 376 ῥιπαρᾶ
1840 309 1959 380 τῇσι

297 398 473 469 θύρῃσι
504 397 615 468 τῇσι
650 394 883 466 αὐλείῃσι
921 391 1194 461 ἱδρυμένου,
1227 392 1284 445 τὸ
1322 390 1558 445 καλέουσι
1587 391 1956 460 Ἀστραβάκου,

298 482 524 533 τοῦτοδὲ
556 482 602 532 οἱ
632 478 833 545 μάντιες
863 478 949 531 τὸν
985 477 1132 531 αὐτὸν
1169 482 1342 530 τοῦτον
1378 477 1514 545 ἥρωα
1550 478 1778 544 ἀναίρεον
1815 477 1958 539 εἶναι.

298 566 441 624 οὕτω,
475 562 513 616 ὦ
543 568 648 623 παῖ,
684 563 817 631 ἔχεις
847 567 964 622 πᾶν,
996 564 1121 615 ὅσον
1151 583 1199 615 τι
1230 562 1309 614 καὶ
1345 561 1559 628 βούλεαι
1594 560 1856 618 πυθέσθαι.
1898 610 1901 611 ⁷
1926 557 1958 627 ἢ
1983 584 2007 626 5

297 653 393 718 γὰρ
436 650 491 700 ἐκ
541 652 627 700 τοῦ
675 648 835 714 ἥρωος
885 647 1060 699 τούτου
1110 646 1337 715 γέγονας,
1388 647 1471 698 καί
1517 667 1594 698 τοι
1641 644 1803 712 πατήρ
1849 646 1962 698 ἐστι

299 732 652 801 Ἀστράβακος
683 733 710 783 6
736 732 882 799 ἥρως,
908 727 939 796 ἢ
962 731 1229 799 Ἀρίστων·
1275 733 1330 784 ἐν
1352 729 1448 798 γάρ
1478 751 1539 782 σε
1561 731 1618 803 τῇ
1649 729 1786 782 νυκτὶ
1809 729 1961 801 ταύτῃ

298 817 601 885 ἀναιρέομαι.
687 817 746 889 τῇ
792 815 847 869 δέ
891 838 981 869 σευ
1025 815 1249 882 μάλιστα
1296 813 1628 868 κατάπτονται
1677 817 1724 866 οἱ
1771 814 1958 883 ἐχθροί,

297 902 535 969 λέγοντες
565 901 631 955 ὥς
661 900 807 955 αὐτὸς
830 902 856 952 6
878 900 1142 968 Ἀρίστων,
1170 901 1254 953 ὅτε
1283 899 1410 970 αὐτῷ
1441 898 1504 951 σὺ
1535 897 1785 966 ἠγγέλθης
1813 919 1956 965 γεγε-

297 986 524 1052 νημένος,
556 990 763 1039 πολλῶν
794 985 1073 1038 ἀκουόντων
1104 984 1161 1036 οὗ
1191 982 1376 1052 φήσειέ
1405 1005 1467 1036 σε
1497 986 1680 1035 ἑωυτοῦ
1710 981 1835 1035 εἶναι
1856 981 1962 1049 (τὸν

297 1071 483 1139 χρόνον
512 1072 608 1137 γὰρ
642 1066 775 1136 [τοὺς
809 1068 927 1122 δέκα
965 1066 1141 1136 μῆνας]
1173 1068 1355 1122 οὐδέκω
1395 1065 1606 1133 ἐξήκειν)
1635 1067 1821 1139 ἀϊδρείῃ
1861 1071 1962 1119 τῶν

298 1155 533 1207 τοιούτων
581 1158 740 1208 κεῖνος
787 1158 931 1206 τοῦτο
976 1153 1225 1221 ἀπέρριψε
1270 1152 1327 1205 τὸ
1377 1153 1509 1207 ἔπος.
1596 1153 1817 1205 τίκτουσι
1866 1152 1964 1219 γὰρ

299 1244 529 1307 γυναῖκες
568 1239 647 1290 καὶ
687 1238 963 1305 ἐννεάμηνα
1004 1239 1083 1290 καὶ
1125 1237 1396 1304 ἑπτάμηνα,
1432 1238 1510 1289 καὶ
1550 1237 1607 1289 οὗ
1646 1240 1806 1289 πᾶσαι
1846 1233 1964 1287 δέκα

299 1326 460 1390 μῆνας
493 1322 843 1375 ἐκτελέσασαι·
890 1323 989 1390 ἐγὼ
1024 1325 1078 1375 δὲ
1115 1321 1191 1382 σέ,
1231 1321 1269 1374 ὦ
1310 1326 1415 1381 παῖ,
1454 1320 1736 1386 ἑπτάμηνον
1772 1320 1960 1372 ἔτεκον.

302 1409 432 1476 ἔγνω
473 1410 528 1461 δὲ
569 1408 648 1459 καὶ
693 1408 838 1460 αὐτὸς
882 1406 1129 1475 Ἀρίστων
1175 1407 1232 1458 οὗ
1271 1408 1397 1472 μετὰ
1435 1405 1630 1458 πολλὸν
1669 1405 1854 1473 χρόνον
1898 1404 1964 1458 ὦς

295 1494 445 1565 μἀνοίῃ
468 1496 524 1544 τὸ
547 1491 667 1545 ἔπος
695 1490 907 1558 ἐκβάλοι
937 1496 1097 1544 τοῦτο.
1170 1492 1353 1559 λόγους
1381 1492 1435 1542 δὲ
1466 1489 1651 1543 ἄλλους
1680 1487 1960 1556 περὶγενέ-

303 1598 416 1631 σιος
459 1578 546 1642 τῆς
595 1580 814 1629 σεωυτοῦ
858 1575 925 1642 μὴ
974 1575 1129 1628 δέκεο·
1190 1577 1253 1628 τὰ
1295 1577 1392 1643 γὰρ
1438 1573 1758 1639 ἀληθέστατα
1801 1572 1965 1626 πάντα

303 1659 534 1726 ἀκήκοας.
624 1663 677 1713 ἐκ
713 1663 766 1712 δὲ
801 1661 1102 1728 ὀνοφορβῶν
1145 1659 1273 1731 αὐτῷ
1298 1681 1365 1712 ,τε
1398 1659 1676 1731 Λευτυχίδῃ
1715 1658 1794 1710 καὶ
1830 1661 1965 1708 τοῖσι

302 1750 458 1797 ταῦτα
485 1744 693 1812 λέγουσι
722 1746 935 1797 τίκτοιεν
958 1747 1008 1797 αἱ
1039 1749 1267 1812 γυναῖκες
1295 1748 1489 1797 παῖδας.
1562 1743 1592 1808 ἡ
1617 1745 1708 1808 μὲν
1732 1741 1789 1806 δὴ
1812 1745 1966 1794 ταῦτα

303 1829 463 1896 ἔλεγε,
502 1830 530 1879 6
568 1831 621 1880 δὲ
661 1830 937 1895 πυθόμενός
976 1851 1029 1882 τε
1069 1831 1131 1881 τὰ
1171 1829 1414 1894 ἐβούλετο
1455 1827 1533 1879 καὶ
1574 1827 1748 1879 ἐπόδια
1786 1825 1966 1892 λαβὼν

303 1914 565 1980 ἐπορεύετο
586 1914 636 1967 ἐς
650 1912 826 1972 9Ηλιν,
851 1917 919 1983 τῷ
939 1914 1076 1984 λόγῳ
1102 1915 1203 1980 φὰς
1227 1913 1291 1966 ὣς
1314 1915 1366 1967 ἐς
1393 1910 1629 1979 Δελφοὺς
1651 1911 1965 1979 χρησόμενος

303 2002 371 2067 τῷ
402 1998 686 2067 χρηστηρίῳ
716 1997 993 2065 πορεύεται.
1081 1997 1464 2063 Λακεδαιμόνιοι
1487 1999 1541 2048 δὲ
1570 1993 1966 2062 ὑποτοπηθέντες

306 2080 603 2148 Δημάρητον
634 2085 837 2152 δρησμῷ
870 2080 1167 2151 ἐπιχειρέειν
1198 2082 1416 2133 ἐδίωκον.
1508 2081 1593 2132 καί
1625 2100 1719 2133 κως
1750 2079 1880 2147 ἔφθη
1913 2079 1966 2132 ἐς

294 2163 765 2231 γΖάκυνθονδιαβδις
789 2167 815 2216 6
840 2165 1136 2232 Δημάρητος
1159 2167 1213 2217 ἐκ
1235 2169 1324 2231 τῆς
1339 2163 1569 2218 Ἤλιδος·
1616 2161 1966 2226 ἐπιδιαβάντες

306 2251 360 2301 δὲ
391 2251 437 2301 οἱ
468 2251 848 2314 Λακεδαιμόνιοι
879 2249 1029 2301 αὐτοῦ
1057 2271 1112 2302 τε
1142 2248 1379 2302 ἅπτονται
1412 2249 1490 2300 καὶ
1520 2247 1632 2302 τοὺς
1663 2246 1967 2314 θεράποντας

307 2332 456 2385 αὐτὸν
496 2332 830 2400 ἀπαιρέονται.
915 2336 1040 2399 μετὰ
1076 2332 1146 2393 δέ,
1179 2334 1236 2386 οὐ
1271 2336 1366 2401 γὰρ
1406 2329 1692 2396 ἐξεδίδοσαν
1732 2330 1881 2384 αὐτὸν
1919 2333 1966 2383 οἱ

360 2485 386 2511 2
415 2472 544 2525 ἡρῶου
575 2472 608 2510 L
827 2484 852 2521 3
884 2474 1055 2521 αὐλῆσιν
1083 2471 1218 2511 RSV
1409 2469 1600 2524 Ἀστροβ.
1627 2469 1665 2509 Α
1681 2470 1715 2508 Β
1731 2469 1764 2508 C
1779 2469 1813 2508 P
1835 2469 1898 2517 (it.
1921 2468 1964 2519 7)

306 2540 332 2576 4
363 2527 545 2580 ἆναίρετο
573 2527 692 2565 RV:
720 2526 858 2580 -ρέατο
886 2526 917 2566 S
1110 2539 1134 2576 5
1166 2525 1336 2574 ἐβούλεο
1367 2525 1502 2564 RSV
1685 2527 1713 2563 6
1742 2540 1807 2565 σοι
1827 2522 1967 2563 ABC

304 2583 332 2620 8
361 2581 433 2634 τῇ]
455 2582 506 2622 τὰ
524 2580 680 2620 Abicht
872 2582 900 2630 9
929 2582 1048 2622 αὐτὸς
1070 2584 1091 2622 6
1111 2594 1191 2622 om.
1216 2581 1256 2619 R
1270 2581 1351 2620 SV
1489 2581 1620 2620 αὐτῶν
1642 2580 1681 2618 R
1811 2579 1864 2619 σὺ
1883 2590 1965 2617 om.

307 2635 395 2674 PR
410 2634 491 2673 SV
580 2635 796 2687 γενόμενος
820 2635 853 2674 Ρ
868 2636 907 2674 R
922 2635 952 2675 S
966 2636 1004 2673 V
1137 2649 1187 2675 10
1206 2635 1309 2687 φησί
1329 2636 1369 2674 R
1385 2634 1466 2675 SV
1598 2646 1642 2671 11
1665 2634 1758 2674 τοὺς
1779 2636 1815 2673 δ.
1838 2635 1966 2684 μῆνας

307 2690 388 2729 del.
413 2689 623 2739 Gomperz
793 2703 840 2729 12
869 2690 966 2744 γὰρ]
988 2692 1065 2743 γὰρ
1086 2692 1148 2732 καὶ
1171 2690 1211 2729 R
1380 2701 1427 2738 15
1457 2689 1521 2730 καὶ
1541 2701 1623 2727 om.
1649 2687 1731 2726 SV
1839 2690 1861 2727 ὁ
1880 2688 1964 2740 Ἀρ.

306 2744 346 2783 Α
361 2744 395 2782 Β
411 2744 444 2782 C
582 2745 708 2785 πολὺν
737 2743 777 2782 Α
792 2745 827 2783 Β
1053 2747 1103 2784 16
1132 2744 1272 2798 ἀγνοίῃ
1293 2743 1559 2783 Valckenaer
1695 2741 1893 2789 ἐκβάλλω
1925 2741 1965 2779 R

306 2803 428 2840 τοῦτο
462 2805 562 2838 ante
593 2801 641 2838 τὸ
673 2799 713 2837 Α
735 2798 770 2837 Β
792 2799 826 2838 C
1007 2812 1053 2849 17
1095 2802 1243 2840 ἑωυτοῦ
1274 2799 1313 2837 R
1336 2798 1366 2837 S
1387 2795 1426 2836 V
1464 2797 1471 2800 ’
1495 2795 1668 2838 ”’πάντα
1695 2809 1778 2836 om.
1810 2795 1850 2833 A
1873 2794 1908 2832 B
1931 2795 1965 2834 C

311 2849 372 2902 19¹
402 2854 442 2894 αἱ
471 2866 552 2892 om.
587 2852 726 2892 RSV
899 2866 946 2892 21
988 2853 1121 2904 φήσας
1154 2853 1289 2892 RSV
1471 2864 1524 2891 22
1561 2849 1797 2904 πορεύεσθαι
1830 2849 1966 2887 RSV

308 2921 360 2956 24
391 2907 605 2954 ἐπιβάντες
625 2907 666 2944 A
679 2907 713 2945 B
729 2907 762 2945 C
928 2919 979 2958 25
1010 2908 1187 2950 ἅπτοντο
1207 2907 1247 2946 Α
1262 2907 1296 2946 Β
1314 2906 1390 2960 [C]
1557 2907 1611 2951 26
1639 2907 1760 2946 αὐτοῦ
1779 2903 1819 2943 Α
1834 2903 1868 2942 Β
1883 2903 1917 2943 C
1933 2903 1966 2943 P

310 2961 543 3016 ἀπαιρέοντο
563 2962 589 3000 d
611 2960 688 3013 [C]

1989 1003 2038 1034 10

1991 1426 2038 1467 15

1990 1845 2041 1875 20

1991 2264 2040 2305 2⁵
