2132 3340
106 134 189 184 V1.
217 141 306 187 128

208 1118 302 1165 129

960 135 1383 184 ΗΡΟΔΟΤΟΤ

341 267 434 332 μὲν
477 267 564 320 τὰς
608 264 798 335 πάτρας
841 288 897 319 τε
939 265 1098 319 αὐτῶν
1143 266 1412 320 ἀνεπύθετο
1455 267 1536 320 καὶ
1583 266 1729 344 γένος
1773 264 2004 329 ἑκάστου,

341 351 467 417 μετὰ
496 353 550 403 δὲ
582 350 806 419 κατέχων
837 341 1062 404 ἐνιαυτὸν
1093 354 1372 418 διεπειρᾶτο
1409 351 1568 404 αὐτῶν
1605 355 1693 417 τῆς
1732 373 1787 405 τε
1827 353 2006 420 ἀνδρα-

342 436 519 502 γαθίης
552 436 631 487 καὶ
661 439 747 501 τῆς
777 437 927 503 ὀργῆς
960 435 1040 487 καὶ
1071 436 1360 491 παιδεύσιός
1389 458 1444 489 τε
1476 437 1555 489 καὶ
1585 436 1787 503 τρόπου,
1821 436 1902 488 καὶ
1931 436 2006 489 ἑνὶ

344 518 538 589 ἑκάστῳ
570 520 657 572 ἰὼν
694 522 745 574 ἐς
788 520 1062 585 συνουσίην
1102 521 1182 573 καὶ
1223 519 1494 573 συνάπασι·
1541 520 1621 572 καὶ
1662 522 1713 575 ἐς
1751 519 2005 588 γυμνάσιά

342 625 396 656 τε
427 602 695 670 ἐξαγινέων
731 604 845 656 ὅσοι
881 603 1012 669 ἦσαν
1051 604 1212 657 αὐτῶν
1253 604 1499 671 νεώτεροι,
1534 603 1611 657 καὶ
1651 603 1708 656 τὸ
1747 603 2002 671 μέγιστον,
2029 624 2052 666 5

344 690 397 739 ἐν
420 695 481 760 τῇ
512 694 751 752 συν-ςστοῖ
772 692 1065 755 διεπειρᾶτο·
1111 688 1235 740 ὅσον
1257 691 1352 755 γὰρ
1377 693 1576 757 κατεῖχε
1603 689 1787 757 χρόνον
1810 687 2002 748 αὐτούς,

342 776 519 823 τοῦτον
549 771 711 824 πάντα
742 773 902 824 ἐποίεε
934 772 1013 824 καὶ
1050 771 1150 837 ἅμα
1181 771 1385 837 ἐξείνιζε
1414 771 1850 840 μεγαλοπρεπέως.
1925 773 2005 824 καὶ

342 855 400 920 δή
456 877 541 907 κου
588 855 811 922 μάλιστα
859 861 956 908 τῶν
1006 855 1304 923 μνηστήρων
1353 855 1629 926 ἠρέσκοντό
1678 852 1769 922 <οἱ>
1821 857 1868 908 οὶ
1919 857 2004 909 ἀπ’

341 939 593 1005 Ἀθηνέων
646 939 943 1014 ἀπιγμένοι,
972 941 1061 992 καὶ’
1103 940 1290 992 τούτων
1340 943 1537 1005 μᾶλλον
1587 939 1935 1005 Ἱπποκλείδης
1977 941 2005 992 6

340 1022 651 1090 Τεισάνδρου
672 1025 749 1076 καὶ
772 1023 874 1076 κατ’
895 1025 1229 1092 ἀνδραγαθίην
1255 1025 1473 1091 ἐκρίνετο
1496 1024 1573 1076 καὶ
1594 1025 1670 1077 ὅτι
1689 1024 1746 1076 τὸ
1765 1023 2004 1077 ἀνέκαθεν

341 1113 475 1160 τοῖσι
524 1110 578 1160 ἐν
629 1109 852 1179 Κορίνθῳ
907 1109 1226 1181 Κυψελίδῃσι
1277 1107 1338 1173 ἣν
1385 1107 1668 1175 προσήκων.
1757 1107 1823 1163 ὣς
1870 1106 1925 1162 δὲ’
1971 1109 2004 1175 ἡ

343 1194 479 1260 κυρίη
513 1191 714 1259 ἐγένετο
743 1197 842 1244 τῶν
872 1192 1095 1260 ἡμερέων
1131 1195 1218 1258 τῆς
1259 1214 1314 1245 τε
1357 1195 1676 1248 κατακλίσιος
1717 1197 1803 1246 τοῦ
1842 1191 2004 1261 γάμου

343 1278 425 1329 καὶ
475 1276 718 1344 ἐκφάσιος
770 1276 917 1328 αὐτοῦ
971 1276 1304 1331 Κλεισθένεος
1351 1276 1439 1330 τὸν
1485 1278 1639 1344 κρίνοι
1685 1280 1740 1330 ἐκ
1783 1277 2001 1338 πάντων,

341 1360 498 1414 θύσας
543 1365 667 1427 βοῦς
712 1361 889 1413 ἑκατὸν
926 1362 952 1411 6
993 1361 1303 1427 Κλεισθένης
1347 1361 1531 1431 εὐώχεε
1573 1363 1748 1416 αὐτούς
1792 1384 1848 1416 τε
1890 1362 2007 1416 τοὺς

340 1448 627 1512 μνηστῆρας
681 1446 760 1497 καὶ
811 1446 1107 1500 Σικυωνίους
1155 1445 1361 1501 πάντας.
1450 1446 1514 1501 ὡς
1558 1449 1613 1500 δὲ
1663 1446 1761 1499 ἀπὸ
1805 1449 2005 1500 δείπνου

342 1528 592 1596 ἐγένοντο,
624 1531 671 1581 οἱ
699 1533 980 1598 μνηστῆρες
1011 1531 1115 1598 ἔριν
1147 1531 1286 1599 εἶχον
1317 1531 1451 1598 ἀμφί
1483 1552 1537 1584 τε
1565 1539 1779 1604 μουσικῇ
1820 1531 1900 1583 καὶ
1935 1536 2003 1602 τῷ

340 1613 596 1684 λεγομένῳ
629 1615 680 1668 ἐς
708 1614 765 1666 τὸ
794 1613 968 1680 μέσον.
1061 1614 1331 1682 προϊούσης
1362 1617 1415 1667 δὲ
1445 1618 1532 1681 τῆς
1561 1615 1740 1669 πόσιος
1779 1614 2009 1684 κατέχων,

340 1698 535 1751 πολλὸν
565 1699 679 1752 τοὺς
708 1697 893 1753 ἄλλους
917 1700 943 1749 6
965 1698 1308 1764 Ἱπποκλείδης
1339 1698 1575 1752 ἐκέλευσέ
1598 1702 1644 1752 οἱ
1675 1699 1760 1752 τὸν
1785 1699 2004 1765 αὐλητὴν

340 1778 558 1847 αὗλῆσαι
598 1782 879 1851 ἐμμέλειαν,
912 1783 1204 1849 πειθομένου
1244 1786 1298 1836 δὲ
1336 1788 1422 1835 τοῦ
1462 1782 1686 1849 αὐλητέω
1728 1782 2002 1852 ὀρχήσατο.

341 1868 426 1918 καί
454 1888 547 1921 κως
578 1870 740 1937 ἑωυτῷ
763 1870 855 1933 μὲν
879 1869 1100 1934 ἀρεστῶς
1130 1867 1348 1936 ὀρχέετο,
1375 1869 1401 1918 6
1424 1867 1735 1933 Κλεισθένης
1766 1870 1819 1920 δὲ
1849 1867 2004 1935 ὁρέων

328 1951 463 2003 μὅλον
485 1951 542 2003 τὸ
565 1954 767 2019 πρῆγμα
789 1953 1063 2005 ὑπώπτευε.
1085 2010 1087 2013 ,
1138 1954 1262 2018 μετὰ
1286 1954 1337 2004 δὲ
1363 1953 1591 2021 ἐπισχὼν
1615 1953 1641 2003 6
1659 1951 2004 2018 Ἱπποκλείδης

340 2036 523 2103 χρόνον
569 2035 806 2088 ἐκέλευσέ
849 2058 957 2088 τινα
1000 2035 1246 2103 τράπεζαν
1291 2038 1553 2096 ἐσενεῖκαι,
1597 2036 1906 2101 ἐσελθούσης
1950 2039 2003 2089 δὲ

339 2122 426 2184 τῆς
475 2119 716 2187 τραπέζης
763 2125 933 2187 πρῶτα
978 2123 1070 2186 μὲν
1119 2119 1195 2171 ἐπ’
1243 2120 1392 2185 αὐτῆς
1440 2119 1694 2188 ὀρχήσατο
1741 2122 2003 2173 Λακωνικὰ

342 2202 613 2272 σχημάτια,
645 2207 769 2269 μετὰ
801 2207 854 2256 δὲ
884 2204 1019 2256 ἄλλα
1043 2203 1260 2263 Ἀττικά,
1289 2203 1346 2255 τὸ
1375 2204 1541 2270 τρίτον
1573 2207 1627 2257 δὲ
1655 2204 1746 2269 τὴν
1778 2204 2004 2272 κεφαλὴν

342 2289 540 2355 ἐρείσας
591 2288 672 2340 ἐπὶ
722 2288 812 2353 τὴν
865 2287 1110 2354 τράπεζαν
1169 2293 1301 2339 τοῖσι
1362 2287 1572 2340 σκέλεσι
1631 2290 2000 2357 ἐχειρονόμησε.

345 2370 655 2437 Κλεισθένης
697 2375 750 2425 δὲ
789 2374 851 2424 τὰ
891 2375 983 2438 μὲν
1025 2376 1194 2439 πρῶτα
1238 2372 1317 2424 καὶ
1357 2374 1419 2423 τὰ
1459 2371 1659 2438 δεύτερα
1702 2372 2002 2441 ὀρχεομένου

400 2522 418 2548 Ι
466 2509 634 2551 ἐπύθετο
666 2508 757 2548 ΑΒ
777 2509 811 2548 C
1004 2523 1028 2548 2
1074 2511 1258 2563 ἐπειρᾶτο
1294 2508 1436 2548 RSV
1649 2522 1674 2560 5
1717 2509 1873 2563 ἐξάγειν
1905 2509 2005 2552 νέων

344 2564 383 2603 R
396 2564 435 2603 V
450 2563 480 2603 S
505 2564 647 2617 (-γων)
761 2563 811 2605 τό
830 2581 880 2618 γε
902 2565 936 2603 C
959 2565 992 2603 P
1175 2565 1202 2601 6
1232 2564 1424 2618 συνεστίῃ
1446 2563 1487 2602 Α
1501 2563 1534 2602 Β
1552 2563 1586 2602 C
1605 2563 1678 2617 (ξ.)
1696 2564 1730 2604 Ρ
1747 2579 1757 2605 z
1789 2564 1950 2607 συνέσει
1972 2566 2004 2606 S

342 2622 567 2672 διεπειρᾶτο
587 2631 670 2658 om.
692 2619 726 2658 C
895 2633 917 2670 7
951 2618 1095 2671 ἐξένιζε
1116 2618 1202 2658 ΑΒ
1219 2618 1252 2656 C
1354 2623 1358 2627 '
1416 2620 1442 2657 8
1473 2636 1547 2660 που
1569 2618 1609 2658 Α
1625 2619 1659 2658 Β
1674 2619 1708 2658 C
1723 2619 1757 2658 E
1854 2622 1890 2661 οἱ
1908 2620 2002 2660 add.

342 2673 548 2712 Matthiae
671 2687 698 2724 9
727 2674 942 2724 Ἀθηναίων
963 2674 997 2713 C
1011 2674 1046 2712 E
1062 2674 1102 2712 R
1116 2673 1198 2713 SV
1324 2687 1373 2712 10
1402 2685 1463 2724 pr.
1485 2675 1549 2715 καὶ
1569 2686 1651 2714 om.
1679 2674 1716 2712 R
1731 2673 1812 2713 SV
1902 2675 1956 2716 τὰ
1976 2675 2003 2714 d

343 2726 509 2768 ἀνέκαθε
553 2727 588 2765 L
758 2741 803 2767 11
851 2729 1110 2782 Κυψελίδισιν
1151 2727 1190 2765 R
1211 2727 1250 2766 V
1483 2729 1533 2766 16
1578 2728 1760 2780 ἐγίνοντο
1792 2727 1832 2766 Α
1854 2728 1888 2766 Β
1911 2729 1945 2768 C
1967 2729 2003 2768 Ε

347 2784 396 2834 18
428 2780 594 2823 ἐκέλευέ
627 2782 661 2820 C
828 2785 865 2824 οἷ
896 2783 987 2835 τὸν]
1021 2784 1142 2824 αὐτὸν
1173 2781 1255 2820 SV
1423 2795 1473 2832 19
1515 2783 1732 2835 ὠρχήσατο
1767 2782 2004 2822 CPRSV

344 2849 398 2875 20
426 2837 604 2888 ἀρεστῶς
624 2850 705 2877 om.
731 2837 766 2876 C
878 2836 1057 2891 ὦρχέετο
1077 2837 1117 2875 Α
1130 2837 1165 2875 Β
1181 2836 1215 2875 C
1230 2836 1263 2875 P
1373 2839 1395 2876 ὁ
1415 2836 1460 2877 δὲ
1481 2844 1555 2878 Κλ.
1578 2836 1612 2875 Ρ
1722 2849 1772 2876 21
1804 2836 2003 2878 ὖπόπτευε

347 2890 387 2928 R
402 2890 432 2928 S
447 2891 484 2928 V
694 2904 745 2930 22
785 2891 950 2934 ἐκέλευέ
978 2892 1012 2930 C
1152 2893 1188 2932 οἱ
1216 2890 1306 2931 τινὰ
1338 2890 1376 2929 R
1391 2890 1421 2930 S
1434 2891 1474 2929 V
1603 2893 1835 2943 ἐσενεγκεῖν
1862 2890 1902 2929 Α
1915 2891 1950 2930 Β
1967 2891 2002 2931 Ε

346 2956 399 2993 23
428 2944 643 2997 ὠρχήσατο
665 2945 698 2984 C
713 2946 746 2984 P
759 2945 798 2984 R
905 2996 907 2998 r
965 2958 1017 2995 24
1049 2945 1244 2998 σχήματα
1266 2944 1299 2982 Ε
1319 2958 1328 2983 :
1357 2945 1570 2998 ὀρχήματα
1590 2945 1800 2998 σχημάτια
1822 2945 1861 2983 R
1879 2945 1958 3002 SV

2032 1040 2082 1070 10

2016 1183 2132 1211 Μ

2032 1466 2080 1507 Ῑ5

2030 1889 2081 1918 20

2030 2307 2077 2349 ²5
