2132 3340
102 113 210 169 v11.
237 118 306 181 36
950 104 1393 168 ΗΡΟΔΟΤΟΎ

348 251 483 301 ἀλλὰ
519 250 605 301 δύο
638 252 730 315 μὲν
765 250 1062 301 λευκολίνου
1096 249 1370 314 δασάμενοι
1408 252 1458 302 ἐς
1492 248 1747 317 ἑκατέρην,
1788 239 2008 316 τέσσερα

347 336 400 385 δὲ
430 338 528 385 τῶν
558 334 839 398 βυβλίνων.
884 346 887 349 ’
915 334 1139 400 παχύτης
1167 335 1260 398 μὲν
1289 334 1319 398 ἡ
1350 333 1472 398 αὐτὴ
1505 333 1583 385 καὶ
1614 332 1850 398 καλλονή,
1887 336 2015 398 κατ-ὰ

0 416 504 499 οψοῶίοπαῖἣὲργον
534 420 586 468 δὲ
620 415 987 484 ἐμβριθέστερα
1023 417 1082 482 ἦν
1119 419 1179 468 τὰ
1208 419 1366 477 λίνεα,
1399 423 1485 468 τοῦ
1514 417 1758 470 τάλαντον
1790 418 1816 468 6
1847 421 2006 486 πῆχυς

279 519 308 560 4
347 504 497 554 εἷλκε.
574 502 740 565 ἐπειδὴ
773 505 825 553 δὲ
857 502 1146 568 ἐγεφυρώθη
1180 502 1206 551 6
1238 503 1405 568 πόρος,
1434 502 1638 568 κορμοὺς
1668 502 1832 567 ξύλων
1857 524 2000 554 κατα-

346 587 615 651 πρίσαντες
647 585 726 637 καὶ
750 584 1049 650 ποιήσαντες
1080 588 1219 640 ἴσους
1248 590 1336 650 τῆς
1363 587 1568 653 σχεδίης
1590 591 1656 655 τῷ
1683 587 1812 653 εὔρεϊ
1833 587 2004 657 κόσμῳ
2029 604 2053 644 5

347 668 641 722 ἐπετίθεσαν
679 670 963 736 κατύπερθε
1015 675 1114 721 τῶν
1165 672 1336 722 ὅπλων
1385 675 1472 722 τοῦ
1521 671 1682 730 τόνου,
1734 667 1901 724 θέντες
1952 674 2004 723 δὲ

282 772 303 817 5
346 754 523 820 ἐπεξῆς
560 756 769 805 ἐνθαῦτα
809 755 944 807 αὖτις
985 754 1323 821 ἐπεζεύγνυον.
1413 753 1711 819 ποιήσαντες
1756 757 1808 807 δὲ
1851 759 2004 807 ταῦτα

344 840 469 902 ὕλην
502 840 839 905 ἐπεφόρησαν,
876 840 1044 908 κόσμῳ
1083 842 1136 890 δὲ
1175 837 1340 892 θέντες
1379 839 1456 890 καὶ
1491 838 1583 910 τὴν
1610 840 1735 903 ὕλην
1766 842 1858 906 γῆν
1889 841 2000 891 ἐπε-

345 923 594 989 φόρησαν,
629 922 989 987 κατανάξαντες
1011 926 1062 974 δὲ
1091 924 1170 974 καὶ
1191 923 1281 987 τὴν
1311 927 1406 990 γῆν
1438 923 1671 990 φραγμὸν
1702 924 2004 990 παρείρυσαν

343 1006 486 1058 ἔνθεν
518 1006 597 1057 καὶ
629 1007 784 1066 ἔνθεν,
809 1009 891 1058 ἵνα
913 1006 979 1071 μὴ
1013 1010 1237 1074 φοβῆται
1260 1010 1320 1058 τὰ
1350 1008 1589 1074 ὑποζύγια
1616 1007 1707 1072 τὴν
1735 1007 2003 1060 θάλασσαν
2029 1027 2078 1056 10

200 1115 205 1119 ·
239 1105 303 1155 37
342 1092 658 1157 ὑπερορῶντα
697 1088 795 1156 [καὶ
835 1093 883 1142 οἱ
919 1089 1094 1158 ἵπποι].
1184 1092 1249 1146 ὡς
1296 1094 1349 1143 δὲ
1395 1090 1477 1142 τά·
1502 1113 1557 1143 τε
1600 1097 1700 1143 τῶν
1741 1089 2001 1162 γεφυρέων

227 1198 232 1203 ’
345 1175 711 1227 κατεσκεύαστο
752 1175 830 1226 καὶ
865 1178 925 1226 τὰ
962 1176 1073 1243 περὶ
1105 1177 1191 1228 τὸν
1219 1175 1407 1235 νΑθων,
1442 1178 1492 1227 οἵ
1524 1198 1577 1227 τε
1614 1175 1754 1245 χυῑοὶ
1793 1176 1903 1242 περὶ
1938 1178 2000 1227 τὰ
2023 1176 2132 1220 Μ

0 1203 206 1319 &5⁶⁸sp
343 1260 568 1324 στόματα
608 1263 694 1323 τῆς
732 1260 988 1328 διώρυχος,
1027 1261 1073 1312 οἳ
1113 1264 1200 1324 τῆς
1238 1261 1416 1329 ῥηχίης
1451 1262 1635 1312 εἵνεκεν
1671 1258 1996 1324 ἐποιήθησαν,
2058 1296 2060 1298 v

4 1337 128 1410 ἦθ’,
343 1345 424 1394 ἵνα
451 1366 517 1409 μη
555 1345 858 1409 ἐμπίπληται
895 1347 956 1396 τὰ
994 1346 1219 1410 στόματα
1253 1350 1340 1396 τοῦ
1375 1345 1665 1412 ὀρύγματος,
1701 1344 1780 1396 καὶ
1810 1343 1931 1410 αὐτὴ
1967 1345 1998 1410 ἡ

159 1402 293 1525 W*
340 1427 521 1494 διῶρυξ
562 1426 846 1482 παντελέως
883 1427 1189 1494 πεποιημένη
1233 1427 1527 1496 ἀγγέλλετο,
1571 1428 1784 1481 ἐνθαῦτα
1826 1450 1993 1497 χειμε-
2026 1453 2074 1494 15

1763 1500 1781 1518 '
1809 1512 1822 1530 Ἴ

215 1720 267 1789 ns

11 1507 89 1566 ’ᾖν
155 1535 243 1593 W
338 1513 484 1577 ρίσας
529 1534 630 1577 αμα.
681 1518 748 1582 Τῷ
801 1514 907 1579 ἔαρι
952 1510 1423 1579 παρεσκευασμένος
1470 1515 1496 1564 ὁ
1542 1534 1753 1580 σΤραΤΟς
1798 1534 1853 1564 ΕΚ
1897 1518 1996 1565 Τῶν

184 1746 199 1777 xx

0 1426 9 1445 ἱ

103 1470 159 1502 w„

0 1573 300 1787 >ff

109 1772 168 1824 ᾧ
339 1761 516 1830 φέλων
551 1764 735 1816 ἐόντων
773 1767 964 1832 αἰθρίης
998 1788 1052 1817 τε
1090 1787 1150 1817 τα
1184 1765 1424 1831 μάλιστα,
1458 1767 1568 1818 ἀντὶ
1602 1763 1785 1832 ἡμέρης
1821 1787 1876 1818 τε
1905 1764 2000 1830 νὺξ

14 1809 141 1931 &k
337 1846 551 1913 ἐγένετο.
643 1850 795 1900 ἰδόντι
833 1852 885 1901 δε
924 1850 1002 1900 καὶ
1037 1850 1247 1915 μαθόντι
1280 1855 1425 1901 τοῦτο
1461 1855 1528 1919 τῷ
1561 1849 1724 1920 Ξέρξῃ
1761 1851 1994 1915 ἐπιμελὲς
2021 1872 2072 1902 20

982 1597 995 1616 5

340 1598 562 1662 Σαρδίων
593 1597 863 1668 ὁρμᾶτο
809 1597 939 1670 ε’λῶν
971 1619 1024 1651 ες
1042 1596 1281 1662 Ἄβυδον.
1350 1595 1606 1667 ὁρμημένῳ
1637 1595 1692 1649 δέ
1721 1599 1767 1649 οἱ
1799 1598 1825 1647 6
1855 1597 1996 1661 ἥλιος

226 1673 557 1746 Δί,οξεκλιπὼν
593 1680 683 1744 τὴν
722 1659 863 1732 ἐῖ
812 1687 900 1733 τοῦ
937 1681 1143 1749 οὐρανοῦ
1183 1682 1328 1748 εδρην
1368 1681 1564 1748 ἆφανης
1598 1680 1659 1746 ἧν
1695 1681 1794 1732 οὔτ’
1830 1681 1992 1734 ε’πινε-

335 1930 549 1997 ἐγένετο,
595 1933 672 1984 καὶ
718 1935 875 1999 εἴρετο
918 1934 1033 1986 τοὺς
1079 1933 1267 2001 μάγους
1314 1933 1372 1985 τὸ
1417 1933 1554 1985 θέλει
1596 1934 1894 2000 προφαίνειν
1934 1932 1993 1985 τὸ

271 2033 297 2075 3
335 2014 532 2081 φάσμα.
620 2019 665 2068 οἱ
717 2020 769 2068 δὲ
823 2016 1025 2084 ἔφασαν
1077 2018 1142 2070 ὡς
1183 2016 1412 2082 ι’Έλλησι
1461 2018 1768 2084 προδεικνύει
1808 2018 1835 2067 6
1881 2016 1992 2071 θεὸς

333 2098 565 2166 ἔκλειψιν
596 2106 693 2151 τῶν
725 2103 930 2161 πολίων,
964 2100 1200 2168 λέγοντες
1233 2102 1379 2166 ἥλιον
1416 2101 1540 2153 εἶναι
1569 2100 1830 2166 Ἑλλήνων
1868 2122 1988 2168 προ-

0 2180 222 2242 ιήμυχ
332 2181 554 2249 δέκτορα,
595 2184 816 2249 σελήνην
860 2188 913 2237 δὲ
958 2185 1149 2251 σφέων.
1237 2190 1390 2237 ταῦτα
1425 2186 1700 2250 πυθόμενος
1735 2185 1761 2235 6
1798 2183 1991 2252 Ξέρξης

228 2269 294 2327 38
333 2266 602 2334 περιχαρὴς
641 2269 735 2319 ἐὼν
770 2268 994 2321 ἐποιέετο
1031 2269 1120 2333 τὴν
1156 2269 1350 2321 ἔλασιν.
1439 2269 1503 2322 ὡς
1540 2268 1583 2319 δ’
1623 2267 1863 2334 ἐξήλαυνε
1899 2268 1991 2333 τὴν
2011 2269 2065 2332 Δ25

333 2371 587 2416 στρατιήν,
622 2353 809 2405 Πύθιος
839 2354 866 2402 ὁ
897 2356 1055 2406 Λυδὸς
1088 2352 1471 2420 καταρρωδήσας
1500 2352 1555 2405 τὸ
1586 2355 1639 2404 ἐκ
1667 2358 1754 2404 τοῦ
1783 2353 1990 2419 οὐρανοῦ

332 2433 513 2501 φάσμα
552 2436 782 2502 ἐπαρθείς
820 2458 875 2489 τε
918 2441 1051 2488 τοῖσι
1097 2436 1365 2505 δωρήμασι
1396 2438 1556 2489 ἐλθὼν
1606 2439 1740 2504 παρὰ
1794 2434 1990 2503 Ξέρξην
2038 2482 2042 2488 .

387 2586 412 2612 2
441 2573 466 2622 ἦ
488 2576 587 2624 αὐτὴ
610 2574 799 2614 Reiske:
829 2575 880 2624 ἣν
900 2578 1001 2626 αὕτη
1025 2577 1059 2616 L
1224 2576 1328 2627 3ἧν
1351 2580 1501 2630 ἐμβριθ.
1528 2577 1562 2616 Ρ
1577 2576 1615 2615 R
1632 2576 1713 2617 SV
1846 2588 1871 2624 4
1901 2576 1988 2617 επεὶ

335 2627 369 2666 Ρ
384 2628 421 2665 R
437 2629 467 2667 S
481 2629 517 2667 V
762 2632 788 2668 6
819 2631 1004 2672 ἐτίθεσαν
1023 2634 1086 2673 καὶ
1108 2633 1250 2684 ὕπερθε
1271 2632 1310 2670 Α
1325 2632 1359 2670 Β
1375 2633 1408 2670 C
1637 2645 1685 2671 10
1715 2634 1903 2682 φοβεῖται
1922 2629 1987 2670 V.

333 2682 533 2733 φοβέηται
552 2683 584 2721 C
602 2684 633 2722 P
745 2688 898 2738 ὁρῶντα
916 2686 994 2735 τὴν
1009 2686 1220 2727 θάλασσαν
1242 2687 1281 2724 R
1298 2687 1328 2725 S
1341 2686 1378 2724 V
1493 2699 1538 2726 11
1571 2688 1634 2727 καὶ
1657 2704 1689 2726 οι
1682 2686 1807 2737 ‘(hoc
1828 2698 1908 2726 om.
1929 2684 1986 2733 C)

330 2738 445 2776 ἵπποι
460 2737 560 2777 secl.
580 2737 703 2777 Stein
815 2756 863 2780 τε
879 2752 961 2780 om.
984 2740 1021 2777 R
1038 2741 1119 2779 S'V
1234 2753 1282 2778 12
1311 2741 1364 2782 τὰ
1379 2753 1460 2780 om.
1477 2740 1516 2778 A
1530 2741 1564 2779 B
1582 2740 1616 2778 C
1720 2740 1826 2780 Αθω
1848 2739 1882 2777 C
1896 2738 1931 2777 R
1949 2738 1987 2776 V

333 2792 454 2842 χυτοὶ
473 2790 544 2844 (οἱ)
567 2792 775 2833 Richards
935 2807 983 2843 14
1013 2796 1239 2845 πίμπληται
1261 2795 1300 2833 Α
1317 2796 1351 2834 Β
1367 2796 1400 2834 C
1570 2806 1617 2844 15
1647 2796 1672 2835 ἅ
1671 2803 1830 2847 γγελτο
1851 2794 1889 2831 R
1903 2791 1987 2831 SV

339 2857 385 2892 17
417 2850 572 2897 ωρμᾶτο
594 2847 627 2885 C
645 2848 677 2885 P
691 2848 728 2885 R
842 2851 977 2890 ἐλλῶν
998 2849 1037 2886 R
1149 2851 1288 2919 ὧρμημ
1321 2850 1355 2887 C
1375 2849 1408 2887 P
1422 2848 1461 2887 R
1477 2849 1507 2888 S
1521 2849 1558 2888 V
1726 2849 1775 2887 18
1805 2851 1984 2899 ἐπινεφε-

334 2897 440 2940 λέων
470 2899 516 2937 Ρ1
535 2900 573 2938 R
589 2901 670 2939 SV
861 2916 915 2941 20
949 2903 1078 2955 Ξέρξει
1107 2902 1274 2952 πιμελὲς
1306 2903 1344 2940 R
1537 2916 1585 2942 21
1618 2902 1726 2944 θέλοι
1752 2901 1792 2941 Α
1807 2901 1842 2940 Β
1857 2901 1891 2939 C
1905 2899 1984 2952 [V]

335 2966 388 2991 22
433 2954 589 3005 ἔφασαν
624 2955 657 2993 Ρ
677 2957 712 2995 R
732 2956 762 2995 S
779 2955 817 2994 V
835 2971 843 2995 :
887 2956 1056 3008 ἔφραζον
1087 2957 1126 2995 Λ
1144 2958 1178 2995 Β
1196 2959 1230 2996 C
1461 2971 1512 3007 23
1557 2959 1656 2999 εἶναι
1689 2957 1806 3006 ἥλιον
1843 2955 1883 2994 R
1900 2955 1932 2995 S
1946 2954 1985 2994 V

335 3021 384 3058 24
416 3009 632 3060 πυθόμενος
654 3010 696 3051 δὲ
717 3015 846 3052 ταῦτα
869 3011 901 3049 Ρ
916 3010 953 3050 R
971 3012 1000 3050 S
1014 3012 1050 3050 V
1215 3026 1265 3062 27
1298 3012 1438 3065 Ξέρξεα
1461 3012 1494 3051 Ρ
1508 3013 1545 3051 R
1561 3012 1591 3051 S
1605 3012 1642 3051 V
