2132 3340
783 94 1161 143 ΙΣΤΟΡΙΩΝ
1222 96 1262 143 Ζ
1892 102 1971 152 VI.
1990 102 2064 164 ’84

185 225 312 292 μετὰ
361 226 515 275 ταῦτα
563 221 833 289 μεμονέναι
881 244 966 290 μιν
1011 225 1292 285 τείσασθαι,
1347 224 1645 294 πέμψαντας
1695 230 1749 281 δὲ
1798 229 1849 280 ἐς

187 306 422 375 Σπάρτην
451 309 741 376 συμμαχίην
770 329 825 361 τε
855 307 1113 362 ποιέεσθαι
1144 310 1224 362 καὶ
1255 310 1578 363 συντίθεσθαι
1608 311 1673 366 ὣς
1702 312 1851 380 χρεὸν

187 394 262 458 εἴη
294 391 471 447 αὐτοὺς
499 394 590 458 μὲν
619 392 731 446 τοὺς
761 393 953 447 Σκύθας
982 395 1116 461 παρὰ
1139 397 1308 446 Φᾶσιν
1339 394 1562 461 ποταμὸν
1593 400 1768 462 πειρᾶν
1798 399 1850 452 ἐς

181 467 278 542 ττὴν
302 475 530 542 Μηδικὴν
553 475 852 543 ἐσβάλλειν,
879 477 1044 547 σφέας
1073 480 1127 531 δὲ
1156 477 1268 533 τοὺς
1290 478 1600 546 Σπαρτιήτας
1632 481 1852 534 κελεύειν

59 562 69 569 “
138 583 162 626 5
185 560 248 628 ἐξ
286 560 515 630 Ἐφέσου
558 560 870 629 ὁρμωμένους
919 563 1212 628 ἀναβαίνειν
1257 563 1336 615 καὶ
1382 563 1552 617 ἔπειτα
1599 566 1649 618 ἐς
1695 565 1850 618 τώυτὸ

186 647 428 700 ἀπαντᾶν.
517 645 807 712 Κλεομένεα
856 649 910 700 δὲ
957 645 1167 714 λέγουσι
1212 647 1433 711 ἡκόντων
1478 653 1576 701 τῶν
1623 649 1849 703 Σκυθέων
1884 670 1912 715 3

187 730 270 784 ἐπὶ
303 734 457 783 ταῦτα
491 729 711 796 ὁμιλέειν
748 737 846 799 σφι
879 732 1112 797 μεζόνως,
1145 730 1412 797 ὁμιλέοντα
1446 735 1498 785 δὲ
1533 736 1732 798 μᾶλλον
1761 739 1849 786 τοῦ

187 814 474 882 ἱκνεομένου
501 818 678 881 μαθεῖν
701 814 791 880 τὴν
822 816 1191 883 ἀκρητοποσίην
1221 815 1335 883 παρ’
1365 817 1544 868 αὐτῶν·
1590 818 1643 868 ἐκ
1674 818 1850 870 τούτου

186 902 240 953 δὲ
283 901 502 965 μανῆναί
539 921 625 966 μιν
669 900 926 965 νομίζουσι
970 903 1287 967 Σπαρτιῆται.
1378 900 1432 952 ἔκ
1474 922 1528 953 τε
1571 902 1739 961 τόσου,
1785 902 1850 956 ὡς

44 1044 47 1046 ,
111 1003 163 1034 ιο
185 983 325 1036 αὐτοὶ
370 977 597 1052 λέγουσι,
647 986 799 1037 ε’πεάν
848 985 1116 1052 ζωρότερον
1166 985 1452 1050 βούλωνται
1503 990 1650 1045 πιεῖν,
1702 985 2132 1059 Ἐπμμινίάῦὼ

186 1070 429 1122 σκύθισον
458 1068 684 1137 λέγουσι.
752 1070 877 1122 οὕτω
910 1068 967 1133 δὴ
1001 1072 1301 1136 Σπαρτιῆται
1331 1071 1392 1120 τὰ
1422 1069 1532 1135 περὶ
1562 1069 1852 1136 Κλεομένεα
1921 1057 2132 1117 “fim‘*

184 1152 412 1221 λέγουσι·
457 1154 568 1220 ἐμοὶ
591 1156 644 1207 δὲ
667 1152 828 1207 δοκέει
849 1154 986 1206 τίσιν
1008 1153 1190 1219 ταύτην
1215 1154 1241 1204 ὁ
1265 1152 1550 1219 Κλεομένης
1572 1153 1850 1224 Δημαρήτῳ

184 1239 420 1291 ἐκτεῖσαι.
1881 1228 1895 1241 ’

268 1321 679 1388 Τελευτήσαντος
720 1325 775 1376 δὲ
820 1321 1131 1388 Κλεομένεος
1175 1321 1240 1376 ὦς
1282 1321 1525 1374 ἐπύθοντο
1570 1324 1846 1390 Αἰγινῆται,
1886 1330 1951 1391 85

112 1412 161 1468 1'5
186 1406 408 1473 ἔπεμπον
439 1409 491 1462 ἐς
522 1406 755 1476 Σπάρτην
785 1407 1029 1475 ἀγγέλους
1060 1405 1510 1478 καταβωσομένους
1542 1407 1850 1475 Λευτυχίδεω
1870 1401 2132 1481 &Moy

187 1492 298 1559 περὶ
327 1497 426 1545 τῶν
456 1494 511 1545 ἐν
541 1490 789 1565 Ἀθήνῃσι
819 1490 1016 1558 ὁμήρων
1048 1489 1315 1558 ἐχομένων.
1389 1491 1768 1556 Λακεδαιμόνιοι
1797 1493 1851 1544 δὲ

186 1575 505 1643 δικαστήριον
536 1577 907 1644 συναγαγόντες
936 1575 1167 1643 ἔγνωσαν
1197 1575 1550 1641 περιυβρίσθαι
1582 1573 1851 1642 Αἰγινήτας

184 1660 280 1712 ὑπὸ
323 1662 650 1730 Λευτυχίδεω,
699 1662 782 1713 καί
824 1681 910 1726 μιν
958 1659 1245 1726 κατέκριναν
1292 1659 1493 1711 ἔκδοτον
1541 1658 1753 1726 ἄγεσθαι
1799 1661 1852 1713 ἐς

186 1746 399 1813 Αἴγιναν
421 1746 533 1798 ἀντὶ
555 1750 652 1798 τῶν
673 1747 727 1797 ἐν
745 1743 990 1816 Ἀθήνῃσι
1015 1742 1267 1812 ἐχομένων
1287 1743 1494 1809 ἀνδρῶν.
1559 1744 1851 1808 μελλόντων
1888 1762 1914 1795 2

113 1846 164 1875 20
185 1832 240 1882 δὲ
271 1828 412 1897 ἄγειν
434 1835 532 1882 τῶν
555 1828 863 1897 Αἰγινητέων
892 1828 978 1880 τὸν
1001 1828 1306 1895 Λευτυχίδεα
1336 1825 1445 1879 εἶπέ
1477 1833 1572 1894 σφι
1598 1829 1851 1892 Θεασίδης

187 1914 214 1964 ὁ
237 1913 582 1982 Λεωπρέπεος,
610 1914 703 1966 ε’ὼν
728 1915 782 1965 ἐν
805 1911 1160 1985 Σπάρτῃάνὴρ
1189 1911 1401 1976 δόκιμος·
1445 1913 1515 1963 Τί
1539 1910 1851 1976 βουλεύεσθε

187 1997 390 2058 ποιέειν,
434 1997 606 2066 ἄνδρες
646 1999 930 2066 Αἰγινῆται,·
976 1995 1062 2049 τὸν
1102 1994 1328 2061 βασιλέα
1366 2000 1465 2047 τῶν
1501 1994 1851 2062 Σπαρτιητέων

187 2082 388 2136 ἔκδοτον
425 2083 694 2150 γενόμενον
729 2080 826 2134 ὑπὸ
861 2086 959 2133 τῶν
997 2078 1277 2145 πολιητέων
1311 2078 1477 2146 ἄγειν,·
1526 2081 1569 2131 εἷ
1603 2083 1692 2132 νῦν
1726 2080 1850 2151 ὀργῇ

186 2167 460 2236 χρεώμενοι
495 2166 726 2234 ἔγνωσαν
767 2166 891 2218 οὕτω
927 2167 1247 2233 Σπαρτιῆται,
1286 2165 1412 2217 ὅκως
1449 2162 1507 2228 ἐξ
1539 2162 1750 2230 ὑστέρης
1783 2161 1850 2228 μή

113 2270 162 2314 ²5
186 2272 235 2304 τι
282 2253 412 2318 ὑμῖν,
465 2247 528 2316 ἢν
574 2257 728 2304 ταῦτα
764 2247 1037 2314 ποιήσητε,
1087 2248 1411 2314 πανώλεθρον
1460 2247 1607 2299 κακὸν
1660 2249 1711 2300 ἐς
1760 2246 1851 2311 τὴν

185 2336 355 2405 χώρην
386 2335 669 2402 ἔσβάλωσι.
749 2339 903 2387 ταῦτα
931 2333 1235 2386 ἀκούσαντες
1265 2334 1312 2384 οἱ
1344 2333 1605 2399 Αἰγινῆται
1635 2331 1851 2399 ἔσχοντο
1887 2347 1912 2390 3

185 2421 273 2486 Τῆς
316 2421 533 2488 ἀγωγῆς,
580 2420 826 2491 ὁμολογίῃ
870 2421 923 2471 δὲ
968 2415 1250 2485 ἐχρήσαντο
1292 2419 1473 2488 τοιῇδε,
1517 2415 1852 2480 ἐπισπόμενον

246 2571 265 2598 1
309 2557 528 2610 μεμηνέναι
562 2556 602 2596 Α
625 2556 660 2596 Β
682 2557 717 2596 C
883 2556 1073 2598 τίσασθαι
1104 2554 1139 2593 L
1358 2567 1383 2602 4
1418 2555 1616 2601 ἐσβαλεῖν
1645 2552 1678 2591 Ρ
1700 2551 1738 2590 R
1761 2552 1792 2591 S
1812 2552 1851 2590 V

188 2625 211 2664 7
238 2612 340 2665 μειζ.
364 2611 406 2652 Α
421 2613 456 2652 Β
469 2613 510 2652 R
526 2612 607 2652 SV
757 2612 784 2650 8
811 2610 1039 2662 ἶκνευμένου
1062 2610 1102 2649 R
1116 2608 1197 2649 SV
1351 2621 1379 2658 9
1406 2607 1578 2658 μανῆναί
1596 2623 1664 2654 μιν
1682 2619 1764 2645 om.
1790 2606 1824 2645 C
1841 2620 1851 2645 ε

186 2685 255 2719 μιν
275 2681 356 2708 om.
378 2668 418 2707 A
432 2667 468 2706 B
582 2667 647 2708 καὶ
668 2671 817 2719 Σπαρτ.
843 2669 889 2706 ἐκ
907 2664 1105 2706 τοσούτου
1129 2665 1168 2703 R
1182 2663 1264 2702 SV
1450 2674 1500 2701 10
1527 2664 1633 2701 πιεῖν
1653 2660 1845 2700 Eustath.

188 2721 236 2764 11.
254 2725 355 2773 746:
382 2721 509 2764 πιέειν
523 2721 564 2761 Α
578 2721 614 2760 Β
628 2721 662 2759 C
677 2735 686 2761 :
707 2722 837 2762 πίνειν
859 2720 892 2759 Ρ
906 2721 944 2759 R
959 2720 990 2760 S
1001 2719 1040 2758 V
1055 2718 1213 2759 Athen.
1230 2731 1271 2757 x,
1289 2730 1366 2767 427
1380 2716 1406 2755 b
1492 2716 1771 2764 ἐπισκυθήσων
1785 2715 1824 2753 V
1841 2730 1850 2754 ε

186 2780 324 2827 -θῆσαι
364 2777 395 2816 S
415 2791 424 2816 ε
470 2777 594 2818 -θίσαι
631 2775 788 2816 Athen.
1017 2787 1066 2813 12
1114 2773 1156 2814 δὲ
1193 2786 1275 2812 orn.
1319 2772 1352 2810 C
1518 2774 1540 2810 ὁ
1578 2783 1661 2810 om.
1706 2770 1742 2807 R
1767 2769 1798 2809 S
1814 2769 1851 2807 V

193 2844 242 2882 13
272 2834 429 2873 ἐκτῖσαι
450 2831 484 2871 L
646 2832 694 2871 18
723 2832 956 2883 κατέκρινον
978 2829 1067 2868 RV
1214 2840 1267 2866 20
1296 2826 1469 2874 Θεασίης
1491 2825 1525 2864 C
1544 2838 1552 2863 τ
1583 2825 1774 2877 Θεαρίδης
1797 2822 1852 2863 B²

188 2898 238 2924 21
271 2890 430 2938 δόκιμος
450 2887 549 2940 ἀνήρ
567 2885 606 2924 Α
620 2885 655 2924 Β
671 2885 705 2924 C
721 2885 754 2924 P
847 2884 1048 2933 βούλεσθε
1068 2882 1102 2923 C
1119 2882 1152 2921 P
1264 2894 1316 2920 22
1346 2881 1375 2921 ὦ
1397 2882 1534 2933 ἄνδρες
1555 2881 1646 2931 Αἶγ.
1668 2879 1852 2927 ποιήσειν

190 2939 231 2979 R
244 2940 276 2981 S
286 2940 326 2980 V
435 2953 489 2991 24
510 2941 587 2990 τὴν
602 2941 703 2983 ὅκως
720 2940 760 2980 R
773 2939 805 2981 S
818 2939 857 2979 V
966 2949 1019 2988 25
1045 2937 1257 2991 πρήσσητε
1272 2935 1313 2975 Α
1327 2934 1363 2974 Β
1376 2935 1410 2974 C
1424 2934 1458 2974 P
1568 2936 1622 2973 26
1642 2933 1852 2985 ἐμβάλωσι

187 2992 228 3034 Α
242 2994 308 3035 B:
338 2995 547 3044 ἐκβάλωσι
567 2993 698 3035 CSV
