2034 3328
690 92 1068 140 ΙΣΤΟΡΙΩΝ
1150 92 1186 139 E

98 225 164 279 ἐς
185 222 273 290 τὴν
304 223 526 288 Κισσίην
555 224 725 292 χώρην
753 225 1109 290 μεταβαίνοντι
1147 224 1321 277 ἕνδεκα
1352 225 1581 290 σταθμοί,
1615 244 1771 290 παρα-

104 307 291 377 σάγγαι
320 310 371 360 δὲ
405 307 491 359 δύο
517 309 594 360 καὶ
617 307 988 376 τεσσεράκοντα
1019 309 1098 360 καὶ
1120 308 1278 374 ἥμισύ
1307 310 1418 360 ἐστι
1450 309 1530 360 ἐπὶ
1554 307 1775 374 ποταμὸν

102 392 365 458 Χοάσπην,
391 392 537 445 ἐόντα
569 393 647 445 καὶ
669 397 841 446 τοῦτον
866 392 1246 461 νηυσιπέρητον,
1273 392 1350 446 ἐπ’
1377 391 1413 463 ᾧ
1436 397 1604 444 Σοῦσα
1627 393 1774 446 πόλις

102 478 420 531 πεπόλισται.
483 477 619 529 οῦτοι
643 479 690 530 οἱ
713 476 895 531 πάντες
919 479 1138 543 σταθμοί
1157 479 1258 530 εἶσι
1281 478 1454 529 ἕνδεκα
1478 477 1556 529 καὶ
1581 478 1771 529 ἑκατόν.

42 555 77 624 ’5
104 561 387 630 καταγωγαὶ
421 560 514 627 μέν
550 583 635 614 νυν
672 565 909 627 σταθμῶν
945 563 1190 614 τοσαῦταί
1227 564 1327 614 εἶσι
1368 564 1421 613 ἐκ
1463 562 1687 628 Σαρδίων
1724 563 1774 615 ἐς

101 648 270 698 Σοῦσα
299 647 639 712 ἀναβαίνοντι·
686 648 727 698 εἰ
760 649 812 698 δὲ
842 647 998 713 ὀρθῶς
1027 645 1326 714 μεμέτρηται
1355 646 1384 711 ἡ
1417 645 1527 700 ὁδὸς
1555 646 1585 711 ἡ
1618 651 1770 709 βασι-

100 732 216 796 ληίη
241 734 374 783 τοῖσι
397 730 759 803 παρασάγγῃσι
784 731 862 782 καὶ
885 732 911 781 ὁ
934 730 1264 798 παρασάγγης
1288 730 1488 783 δύναται
1511 728 1774 796 τριήκοντα

101 814 296 875 στάδια,
328 815 500 880 ὥσπερ
530 815 672 869 οὗτός
707 837 764 883 γε
799 816 1002 868 δύναται
1035 820 1204 874 ταῦτα,
1245 817 1298 866 ἐκ
1336 815 1557 882 Σαρδίων
1595 813 1773 866 στάδιά

101 901 212 952 ἐστι
257 901 307 953 ἐς
346 900 406 951 τὰ
452 898 702 964 βασιλήια
741 901 803 951 τὰ
846 900 1107 965 Μεμνόνια
1153 901 1428 966 καλεόμενα
1469 899 1773 952 πεντακόσια

27 1008 78 1040 10
101 984 181 1036 καὶ
204 984 464 1052 τρισχίλια
488 985 566 1036 καὶ
596 985 743 1051 μύρια
767 983 1137 1052 παρασαγγέων
1161 984 1343 1036 ἐόντων
1366 982 1670 1048 πεντήκοντα
1695 984 1773 1035 καὶ

99 1070 448 1135 τετρακοσίων.
541 1067 847 1133 πεντήκοντα
884 1071 937 1120 δὲ
975 1069 1053 1120 καὶ
1091 1068 1266 1120 ἑκατὸν
1299 1067 1477 1120 στάδια
1508 1068 1585 1120 ἐπ’
1607 1058 1773 1140 ’ἡμέρῃ

1811 93 1871 146 V.
1893 105 1959 155 52

1808 664 1874 714 53

101 1151 290 1225 ἑκάστῃ
326 1150 564 1218 διεξιοῦσι
605 1153 981 1218 ἀναισιμοῦνται
1020 1152 1197 1219 ἡμέραι
1238 1153 1418 1221 ἀπαρτὶ
1461 1151 1768 1217 ἐνενήκοντα.
1792 1147 2034 1228 madi„

46 1250 49 1254 '
100 1239 226 1290 οὕτω
257 1242 323 1307 τῷ
356 1237 593 1307 Μιλησίῳ
623 1236 960 1309 Ἀρισταγόρῃ
994 1239 1188 1289 εἴπαντι
1216 1237 1338 1304 πρὸς
1372 1236 1658 1302 Κλεομένεα
1687 1241 1772 1289 τὸν

100 1322 491 1388 Λακεδαιμόνιον
540 1321 668 1374 εἶναι
717 1327 865 1388 τριῶν
915 1326 1085 1387 μηνῶν
1137 1321 1227 1386 τὴν
1273 1321 1452 1374 ἄνοδον
1501 1321 1591 1386 τὴν
1639 1323 1771 1388 παρὰ

29 1431 75 1474 15
99 1404 322 1473 βασιλέα
355 1407 511 1474 ὀρθῶς
548 1408 728 1474 εἴρητο.
818 1408 862 1458 εἰ
898 1405 952 1458 δέ
988 1427 1060 1460 τις
1095 1406 1153 1458 τὸ
1192 1406 1549 1474 ἀτρεκέστερον
1585 1407 1772 1457 τούτων

100 1490 175 1544 ἔτι
213 1491 418 1556 δίζηται,
443 1491 556 1558 ἐγὼ
598 1491 677 1543 καὶ
716 1495 861 1542 τοῦτο
902 1489 1151 1556 σημανέω·
1198 1490 1287 1555 τὴν
1322 1493 1418 1558 γὰρ
1456 1489 1513 1555 ἐξ
1545 1488 1772 1558 Ἐφέσου

101 1576 151 1630 ἐς
192 1574 368 1642 Σάρδις
408 1573 523 1627 ὁδὸν
563 1578 641 1628 δεῖ
676 1576 1123 1642 προσλογίσασθαι
1160 1577 1328 1647 ταύτῃ.
1419 1577 1495 1627 καὶ
1537 1574 1594 1639 δὴ
1634 1573 1770 1641 λέγω

101 1661 332 1714 σταδίους
367 1658 494 1712 εἶναι
527 1659 640 1714 τοὺς
662 1658 863 1713 πάντας
902 1659 1000 1711 ἀπὸ
1042 1659 1306 1724 θαλάσσης
1345 1662 1434 1724 τῆς
1467 1659 1770 1723 Ἑλληνικῆς

99 1742 247 1812 μέχρι
271 1743 479 1796 Σούσων
495 1741 658 1806 (τοῦτο
683 1745 778 1811 γὰρ
798 1744 1085 1810 Μεμνόνιον
1109 1743 1235 1795 ἄστυ
1260 1742 1507 1809 καλέεται)
1523 1741 1767 1810 τεσσερά-

28 1852 78 1880 20
102 1849 251 1880 κοντα
285 1829 363 1880 καὶ
398 1828 828 1897 τετρακισχιλίους
866 1829 945 1880 καὶ
979 1830 1193 1895 μυρίους·
1241 1830 1286 1880 οἱ
1322 1830 1418 1894 γὰρ
1453 1828 1513 1893 ἐξ
1543 1826 1772 1895 Ἐφέσου

100 1913 151 1966 ἐς
191 1910 369 1979 Σάρδις
410 1913 511 1964 εἶσὶ
548 1910 921 1980 τεσσεράκοντα
961 1912 1039 1964 καὶ
1082 1913 1401 1964 πεντακόσιοι
1443 1912 1651 1971 στάδιοι,
1692 1911 1771 1963 καὶ

101 1996 225 2048 οὕτω
255 1996 389 2063 τρισὶ
418 1995 632 2069 ἡμέρῃσι
660 1995 926 2063 μηκύνεται
953 1997 984 2062 ἡ
1017 1998 1249 2063 τρίμηνος
1279 1997 1405 2049 ὁδός.

184 2080 614 2146 Ἀπελαυνόμενος
654 2082 707 2133 δὲ
748 2081 774 2131 ὁ
811 2080 1171 2148 Ἀρισταγόρης
1213 2082 1265 2132 ἐκ
1302 2084 1388 2145 τῆς
1424 2079 1652 2146 Σπάρτης
1692 2079 1770 2145 ἤιε

102 2165 153 2219 ἐς
187 2166 274 2219 τὰς
309 2163 524 2230 Ἀθήνας
558 2163 829 2232 γενομένας
868 2163 1119 2231 τυράννων
1159 2167 1252 2217 ὧδε
1293 2163 1572 2231 ἐλευθέρας.
1662 2165 1770 2216 ἐπεὶ

28 2273 77 2314 25
92 2248 374 2318 Ἵππαρχον
395 2248 482 2301 τὸν
508 2246 892 2315 Πεισιστράτου,
916 2247 1122 2301 Ἱππίεω
1152 2251 1205 2301 δὲ
1235 2254 1321 2300 τοῦ
1350 2247 1589 2315 τυράννου
1621 2249 1766 2300 ἀδελ-

101 2334 243 2400 φεόν,
269 2334 437 2385 ἰδόντα
465 2335 588 2401 ὄψιν
617 2333 848 2386 ἐνυπνίου
877 2328 962 2402 [τῷ
994 2336 1174 2385 ἑωυτοῦ
1204 2328 1368 2398 πάθεϊ]
1400 2331 1768 2399 ἐναργεστάτην

102 2418 348 2470 κτείνουσι
394 2415 781 2484 Ἀριστογείτων
833 2417 914 2468 καὶ
965 2416 1243 2483 Ἀρμόδιος,
1294 2416 1439 2484 γένος
1492 2418 1656 2470 ἐόντες
1708 2419 1769 2468 τὰ

101 2500 339 2553 ἀνέκαθεν
385 2505 669 2569 Γεφυραῖοι,
718 2503 843 2567 μετὰ
893 2506 1047 2553 ταῦτα
1091 2500 1469 2568 ἐτυραννεύοντο
1514 2499 1769 2564 Ἀθηναῖοι

101 2583 178 2638 ἐπ’
207 2584 321 2637 ἔτεα
353 2584 573 2651 τέσσερα
603 2586 743 2637 οὐδὲν
771 2584 937 2649 ἧσσον
969 2585 1103 2636 ἀλλὰ
1142 2585 1220 2636 καὶ
1253 2587 1449 2650 μᾶλλον
1478 2579 1508 2647 ἢ
1541 2583 1634 2651 πρὸ
1665 2590 1766 2636 τοῦ.

27 2669 129 2734 3,οὴ
172 2668 265 2735 μέν
309 2690 396 2722 νυν
440 2671 558 2736 ὄψις
603 2673 690 2720 τοῦ
726 2666 1001 2737 Ἱππάρχου
1046 2670 1276 2721 ἐνυπνίου
1319 2667 1379 2733 ἦν
1421 2668 1526 2733 ἥδε.
1615 2669 1669 2720 ἐν
1709 2675 1769 2741 τῇ

153 2810 180 2848 8
217 2810 351 2861 ὥσπερ
380 2838 390 2849 .
424 2837 433 2847 .
465 2837 474 2847 .
508 2806 655 2848 στάδιά
683 2820 768 2846 om.
798 2807 829 2846 S
850 2807 888 2846 V
911 2806 949 2845 U
1172 2821 1200 2857 9
1237 2807 1349 2858 ἐστι]
1382 2808 1460 2847 εἶσι
1491 2806 1540 2854 C,
1573 2818 1678 2844 corr.
1714 2804 1767 2844 Cl

101 2862 325 2913 Μεμνόνεια
353 2863 402 2901 Ρο
626 2874 673 2900 12
707 2865 831 2902 ἐννεν.
864 2861 999 2901 SVU
1227 2874 1276 2910 19
1307 2860 1555 2910 Μεμνόνειον
1580 2860 1768 2900 ABCP

101 2920 154 2956 26
182 2922 243 3010 vg
260 2920 408 2959 ἑωυτοῦ
429 2916 547 2959 πάθεϊ
564 2916 829 2965 ᾱε1.],ειεοι)ς
904 2914 1214 2970 ἐμφερεστάτην
1230 2914 1522 2966 Wyttenbach
1634 2927 1685 2964 27
1716 2915 1767 2956 τὰ

99 2985 182 3012 om.

1810 1246 1877 1298 54

1807 1598 1834 1632 2

1805 2101 1869 2152 55

1806 2678 1874 2738 56
