2118 3354
126 115 207 164 VI.
233 127 298 175 23

275 343 296 389 5

272 584 299 626 6

237 925 307 978 24·

964 103 1420 189 HPOAOTOT·

339 245 394 295 δὲ
441 241 647 294 λοιποὺς
697 242 1008 313 Ζαγκλαίους
1056 238 1540 307 κοινολογησάμενος
1583 242 1716 291 τοῖσι
1767 243 2000 305 Σαμίοισι

340 328 418 378 καὶ
448 327 620 393 ὅρκους
661 312 773 378 δοὺς
811 325 890 377 καὶ
930 323 1195 397 δεξάμενος
1236 323 1502 391 προέδωκε.
1573 323 1752 400 μισθὸς
1787 323 1842 376 δέ
1871 325 1918 377 οἱ
1940 323 2001 389 ἦν

338 409 592 479 εἰρημένος
632 410 716 461 ὅδε
758 410 852 461 ὑπὸ
891 414 990 461 τῶν
1031 410 1247 475 Σαμίων,
1280 408 1479 460 πάντων
1519 412 1618 459 τῶν
1659 409 1885 462 ἐπίπλων
1921 410 2001 462 καὶ

338 494 658 560 ἀνδραπόδων
694 495 755 544 τὰ
794 493 979 558 ἡμίσεα
1017 497 1324 560 μεταλαβεῖν
1366 497 1463 544 τῶν
1505 493 1559 544 ἐν
1597 499 1659 564 τῇ
1698 493 1833 552 πόλι,
1864 495 1926 544 τὰ
1955 491 1999 546 δ’

338 578 419 630 ἐπὶ
459 582 557 629 τῶν
597 578 762 644 ἀγρῶν
802 576 964 630 πάντα
1002 576 1334 644 Ἱπποκράτεα
1379 575 1671 644 λαγχάνειν.
1760 576 1872 631 τοὺς
1910 580 2001 642 μὲν
2024 601 2047 642 5

339 661 396 725 δὴ
428 666 640 715 πλεῦνας
670 667 769 713 τῶν
800 663 1099 729 Ζαγκλαίων
1122 660 1267 715 αὐτὸς
1298 663 1352 713 ἐν
1384 661 1704 736 ἀνδραπόδων
1725 662 1863 733 λόγω
1889 661 2010 735 εἶχε·

339 744 513 816 δήσας,
547 746 659 799 τοὺς
694 748 747 797 δὲ
789 747 1084 817 κορυφαίους
1125 747 1284 798 αὐτῶν
1324 746 1636 812 τριηκοσίους
1676 744 1828 796 ἔδωκε
1867 746 2002 797 τοῖσι

341 818 573 894 Σαμίοισι
619 827 952 898 κατασφάξαι.
1041 831 1097 882 οὗ
1142 829 1312 895 μέντοι
1350 830 1401 881 οἵ
1441 850 1499 896 γε
1538 827 1715 894 Σάμιοι
1758 829 2002 894 ἐποίησαν

339 918 507 965 ταῦτα.
595 914 784 979 Σκύθης
829 917 883 966 δὲ
927 915 954 965 ὁ
996 919 1094 966 τῶν
1143 914 1440 981 Ζαγκλαίων
1486 914 1765 982 μούναρχος
1812 915 1866 965 ἐκ
1913 917 2000 978 τῆς

332 997 523 1052 Ἴνυκος
559 997 869 1065 ἐκδιδρήσκει
906 1000 956 1053 ἐς
986 997 1198 1067 Ἱμέρην,
1233 1000 1287 1050 ἐκ
1324 999 1375 1050 δὲ
1412 997 1591 1061 ταύτης
1625 999 1788 1066 παρῇν
1824 998 1876 1051 ἐς
1909 996 2000 1072 ζῇν
2029 1019 2078 1048 ιο

339 1082 519 1150 ’Ao-[222
551 1082 630 1134 καὶ
660 1081 818 1147 ἀνέβη
850 1084 982 1149 παρὰ
1012 1082 1236 1148 βασιλέα
1269 1086 1497 1149 Δαρεῖον.
1575 1080 1658 1132 καί
1682 1102 1767 1146 μιν
1797 1081 2002 1147 ἐνόμισε

343 1171 554 1232 Δαρεῖος
603 1165 801 1219 πάντων
854 1168 1045 1233 ἀνδρῶν
1098 1167 1409 1218 δικαιότατον
1462 1164 1602 1224 εἶναι,
1655 1166 1768 1216 ὅσοι
1811 1167 1864 1217 ἐκ
1913 1168 2002 1230 τῆς

0 1245 231 1323 (nauh-1
279 1269 303 1299 2
340 1249 590 1303 Ἑλλάδος
627 1250 738 1317 παρ’
777 1254 959 1303 ἑωυτὸν
998 1250 1272 1316 ἀνέβησαν·
1322 1251 1399 1302 καὶ
1437 1251 1531 1316 γὰρ
1567 1247 2001 1316 παραιτησάμενος

862 1337 876 1354 ,

73 1309 230 1351 (ιω.

0 2173 34 2225 ζ.
58 2182 132 2214 ⁸2⁸

242 1610 305 1659 25

240 2334 309 2381 26

341 1333 564 1399 βασιλέα
606 1337 656 1397 ἐς
700 1339 932 1399 Σικελιῃρ
981 1336 1185 1388 ἀπίκετο
1232 1336 1310 1386 καὶ
1355 1334 1490 1387 αῧτις
1539 1335 1593 1385 ἐκ
1640 1336 1727 1399 τῆς
1774 1333 2000 1397 Σικελίης

341 1420 503 1484 ὀπίσω
535 1421 666 1485 παρὰ
700 1418 939 1484 βασιλέα,
974 1421 1025 1472 ἐς
1056 1419 1082 1471 ὃ
1115 1417 1263 1486 γήραϊ
1301 1418 1427 1485 μέγα
1462 1419 1641 1486 ὄλβιος
1678 1418 1773 1469 ἐὼν
1806 1416 1997 1469 ἐτελεύ·
2031 1436 2077 1479 15
2104 1405 2115 1412 ⁶

341 1524 465 1566 τησε
483 1505 538 1555 ἐν
560 1502 808 1575 Πέρσῃσι.
871 1503 1047 1568 Σάμιοι
1071 1506 1123 1555 δὲ
1150 1501 1558 1571 ἀπαλλαχθέντες
1581 1500 1770 1566 Μήδων
1788 1500 2002 1573 ρπονῃτὶ
2043 1560 2047 1565 ,

342 1587 490 1638 πόλιν
532 1589 809 1652 καλλίστην
851 1586 1087 1654 Ζάγκλην
1130 1587 1543 1659 περιεβεβλέατο.
1645 1586 1771 1651 μετὰ
1813 1587 1867 1638 δὲ
1910 1605 2002 1649 την

341 1672 618 1739 ναυμαχίην
660 1671 751 1736 τὴν
797 1673 920 1738 ’ὑπὲρ
967 1670 1198 1736 Μιλήτου
1243 1669 1513 1738 γενομένην
1559 1670 1788 1723 Φοίνικες
1833 1676 1999 1721 κελευ-

344 1754 540 1806 σάντων
572 1754 811 1821 Περσέων
836 1758 1051 1823 κατῆγον
1076 1758 1125 1809 ἐς
1159 1754 1329 1820 Σάμον
1348 1752 1536 1805 Αἰάκεα
1564 1753 1651 1806 τὸν
1675 1757 2003 1806 Συλοσῶντος

344 1839 408 1892 ὡς
444 1844 637 1890 πολλοῦ
673 1861 727 1892 τε
758 1838 895 1904 ἄξιον
925 1840 1195 1907 γενόμενον
1229 1839 1384 1906 σφίσι
1420 1838 1499 1889 καὶ
1533 1836 1730 1904 μεγάλα
1765 1857 1999 1905 κατεργα-
2029 1856 2081 1905 29

344 1922 576 1987 σάμενον·
604 1923 683 1974 καὶ
702 1923 934 1988 Σαμίοισι
954 1924 1184 1988 μούνοισι
1209 1928 1305 1975 τῶν
1326 1921 1653 1975 ἀποστάντων
1672 1921 1771 1974 ἀπὸ
1791 1922 2004 1989 Δαρείου

344 2008 422 2057 διὰ
462 2006 551 2070 τὴν
590 2006 819 2073 ἔκλειψιν
858 2012 958 2059 τῶν
999 2012 1124 2060 νεῶν
1169 2003 1303 2073 [τῶν]
1335 2009 1389 2058 ἐν
1429 2013 1491 2079 τῇ
1535 2007 1783 2078 ναυμαχίῃ
1822 2005 1932 2057 οὔτε
1971 2004 2000 2069 ἡ

344 2091 490 2143 πόλις
521 2091 631 2142 οὔτε
661 2092 722 2142 τὰ
752 2093 832 2158 ἱρὰ
863 2090 1165 2158 ἐνεπρήσθη.
1245 2089 1472 2155 Μιλήτου
1496 2092 1550 2142 δὲ
1581 2091 1801 2154 ἁλούσης
1831 2088 2005 2140 αὐτίκα

347 2175 423 2225 καὶ
454 2175 642 2241 Καρίην
666 2175 824 2242 ἔσχον
847 2177 893 2227 οἱ
925 2174 1138 2241 Πέρσαι,
1171 2176 1258 2229 τὰς
1287 2177 1378 2239 μὲν
1403 2173 1670 2238 ἐθελοντὴν
1693 2178 1790 2225 τῶν
1814 2173 2003 2224 πολίων
2054 2225 2098 2266 Β

344 2256 691 2327 Q,
725 2261 813 2327 22⁸3
843 2261 895 2327 δὲ
930 2257 1132 2333 ἀνάγκη
1156 2257 1553 2339 προσηγάγοντο.
1980 2228 2077 2317 ‘¹⁷35
2103 2254 2115 2263 ⁴

426 2345 594 2392 Ταῦτα
636 2345 727 2406 μὲν
767 2341 823 2405 δὴ
866 2342 1019 2397 οὕτως
1063 2343 1270 2408 ἐγίνετο,
1322 2341 1520 2411 Ιστιαίῳ
1561 2344 1615 2394 δὲ
1656 2346 1723 2412 τῷ
1767 2341 2004 2411 Μιλησίῳ
2088 2391 2098 2394 -

348 2426 480 2476 ἐόντι
503 2425 613 2491 περὶ
639 2424 905 2489 Βυζάντιον
924 2427 1014 2478 ’καὶ
1039 2424 1457 2490 συλλαμβάνοντι
1478 2427 1565 2479 τὰς
1587 2424 1767 2477 Ἰώνων
1792 2425 2006 2479 ὁλκάδας

403 2577 426 2612 4
455 2568 703 2614 μεταβαλεῖν
725 2565 758 2603 C
777 2579 786 2603 t
816 2568 960 2612 λαβεῖν
984 2565 1017 2603 Ρ
1031 2565 1070 2604 R
1086 2564 1116 2604 S
1130 2565 1169 2603 V
1279 2563 1398 2606 πόλει
1421 2564 1454 2603 L
1577 2577 1604 2613 9
1633 2563 1783 2614 Σκύθης
1803 2563 1847 2606 δὲ
1866 2576 1948 2603 om.
1972 2564 2005 2602 C

348 2621 393 2659 ἐκ
413 2622 487 2667 τῆς
508 2632 591 2658 om.
612 2619 652 2657 A
669 2619 702 2657 B
718 2620 750 2657 C
948 2633 996 2659 10
1027 2619 1178 2660 Ἰνύκου
1201 2621 1230 2658 S
1360 2617 1482 2672 πέρην
1506 2618 1542 2656 R
1561 2619 1641 2657 SV
1655 2617 1705 2657 Ρι
1825 2620 1902 2667 τὴν
1922 2631 2003 2658 om.

348 2674 386 2710 A
402 2673 436 2710 Β
452 2674 485 2710 C
631 2686 679 2712 12
710 2678 783 2714 δικ.
810 2675 959 2728 ἀνδρῶν
983 2675 1017 2712 R
1036 2675 1065 2712 S
1080 2674 1118 2713 V
1270 2686 1316 2722 14
1347 2675 1421 2721 τῆς
1442 2685 1522 2712 orn.
1549 2673 1586 2710 R
1603 2672 1684 2711 SV
1826 2684 1872 2722 15
1901 2672 2006 2724 ’γήρα

352 2727 388 2764 R
406 2727 435 2766 S
450 2727 487 2764 V
656 2730 706 2765 16
735 2731 777 2768 ἐν
797 2741 878 2768 om.
906 2728 944 2766 R
961 2729 990 2767 S
1005 2728 1041 2765 V
1152 2729 1342 2776 ἀπονητεὶ
1363 2727 1402 2765 Α
1419 2728 1453 2765 Β
1608 2740 1652 2775 17
1684 2727 2006 2780 περιεβεβλήατο

350 2781 388 2818 Α
403 2782 438 2820 Β
453 2782 486 2818 C
506 2796 513 2819 :
563 2781 858 2834 περιεβαλέατο
899 2782 989 2822 rell.
1213 2795 1264 2820 22
1307 2785 1389 2822 τῶν
1426 2781 1506 2820 del.
1546 2781 1666 2820 Stein
1684 2796 1691 2820 :
1736 2783 1812 2829 τὴν
1847 2780 2006 2819 Reiske

350 2847 402 2884 23
433 2836 573 2875 αὐτίκα
599 2838 663 2876 καὶ
690 2835 746 2874 Β2
765 2851 774 2875 :
806 2837 949 2878 αὐτίκα
970 2837 1009 2874 Α
1026 2837 1060 2874 Β
1077 2837 1109 2874 C
1126 2837 1182 2876 P:
1214 2838 1279 2877 καὶ
1306 2836 1342 2873 R
1360 2836 1390 2875 S
1405 2836 1441 2873 V
1659 2848 1710 2884 24
1741 2836 1922 2875 ἐθελοντὶ
1945 2834 2006 2873 Ρ“;

351 2892 559 2982 ἰξεὲοέἶιῆ
611 2890 649 2927 R
664 2890 694 2929 S
715 2891 753 2929 V
984 2903 1034 2940 25
1082 2891 1363 2943 προηγάγοντο
1412 2889 1449 2927 R
1474 2890 1509 2927 V
1739 2890 1792 2927 26
1842 2889 2005 2941 ἐγένετο
