2132 3340
58 150 145 199 VI.
170 163 255 208 101

171 474 256 527 [2

909 148 1336 198 ΗΡΟΔΟΤΟΤ

288 283 460 352 ,χώρης
492 268 614 337 κατὰ
641 281 985 347 Ταμύναςκαὶ
1014 280 1226 348 Χοιρέας
1259 280 1337 333 καὶ
1366 266 1955 361 Αἶγίλια,>κατασχόντἐς

295 370 348 420 δὲ
384 344 435 423 ἐς
474 373 625 419 ταῦτα
664 368 725 420 τὰ
764 342 934 441 χωρία)
964 366 1137 418 αὐτίκα
1176 367 1355 420 ἵππους
1393 386 1449 420 τε
1490 365 1832 432 ἐξεβάλλοντο
1875 366 1954 418 καὶ

294 451 719 520 παρεσκευάζοντο
762 451 828 506 ὡς
869 433 1261 601 πρῖρΐισόμενοι
1295 429 1439 522 frosm.
1477 452 1725 519 ἐχθροῖσι.
1812 452 1860 503 οἱ
1900 453 1955 506 δὲ

293 536 569 604 Ἐρετριέες
612 534 903 601 ἐπεξελθεῖν
1009 557 1036 588 ν
1077 536 1156 588 καὶ
1199 524 1535 613 μαχέσασθαι)
1566 534 1655 587 οὐκ
1699 536 1954 588 ἐποιεῦντο

269 614 508 693 (βουλήν,Τ
554 623 575 673 ἵ
604 643 698 675 κως
728 623 781 672 δὲ
812 619 1169 687 διαφυλάξαιεν
1198 622 1260 672 τὰ
1289 618 1685 688 τείχεα,ζ’τούτου
1714 626 1814 687 σφι
1844 609 1969 687 πέρι)
1979 643 2002 684 5

293 706 455 771 ἔμελε,
490 707 653 758 επείτε
683 706 820 756 ἐνίκα
847 704 914 770 μὴ
948 706 1169 756 ἐκλιπεῖν
1198 703 1288 769 τὴν
1318 705 1484 756 πόλιν.
1573 706 1873 804 πῆοσβολῆς
1901 706 1958 757 δὲ

292 789 554 859 γινομένης
585 792 818 856 καρτερῆς
849 788 971 854 πρὸς
1006 787 1062 840 τὸ
1098 793 1264 856 τεῖχος
1305 789 1512 841 ἔπιπτον
1528 766 1635 858 (ἐπὶ
1675 787 1736 853 ἓξ
1770 773 1971 877 ἡμέραῇ

292 874 475 926 πολλοὶ
521 876 612 939 μὲν
659 871 972 941 ἀμφοτέρων·
1039 880 1100 945 τῇ
1151 876 1205 925 δὲ
1258 874 1452 945 ἑβδόμῃ
1504 873 1777 940 Εὔφορβός
1825 894 1881 925 τε
1928 873 1955 924 6

292 957 600 1027 Ἀλκιμάχου
627 957 705 1008 καὶ
730 958 983 1025 Φίλαγρος
1005 958 1030 1007 6
1056 956 1225 1009 Κυνέω
1251 956 1424 1024 ἄνδρες
1445 962 1545 1009 τῶν
1570 958 1738 1009 ἀστῶν
1760 957 1954 1023 δόκιμοι

287 1046 581 1109 Ιπροδιδοῦσι
609 1046 743 1094 τοῖσι
775 1040 1025 1113 Πέρσῃσι.
1114 1044 1162 1094 οἱ
1192 1044 1245 1094 δὲ
1277 1042 1572 1095 ἐσελθόντες
1602 1043 1652 1095 ἐς
1681 1040 1772 1106 τὴν
1801 1042 1954 1094 πόλιν

291 1132 436 1179 τοῦτο
463 1130 556 1192 μὲν
590 1128 651 1178 τὰ
683 1128 762 1194 ἱρὰ
795 1122 1441 1193 συλήσαντεςένέπρησαν,
1476 1126 1826 1191 ἀποτινύμενοι
1838 1105 1954 1210 (τῶν

236 1234 240 1235 ’
292 1213 345 1264 ἐν
386 1211 594 1278 Σάρδισι
637 1209 1038 1262 κατακαυθέντων
1076 1212 1208 1276 ῖρῶν,
1238 1203 1383 1296 γοΰτο
1424 1212 1479 1263 δὲ
1514 1209 1629 1264 τοὺς
1665 1211 1953 1277 ἀνθρώπους

160 1309 252 1346 102

290 1290 757 1362 ἠνδραποδίσαντοῖ
753 1296 874 1347 κατὰ
905 1296 993 1348 τὰς
1026 1296 1241 1363 Δαρείου
1272 1290 1509 1377 ἐντολάςξ
1587 1294 1952 1363 χειρωσάμενοι

291 1380 463 1445 δὲτὴν
493 1379 751 1447 Ἐρέτριαν
790 1379 868 1433 καὶ
906 1380 1205 1448 ἐπισχόντες
1242 1382 1421 1447 ὀλίγας
1458 1379 1644 1448 ἡμέρας
1684 1380 1866 1432 ἔπλεον
1899 1382 1951 1434 ἐς

0 1453 291 1522 Ὁῶθιῆαΐ
325 1467 383 1529 ἣν
433 1464 525 1530 τὴν
566 1463 814 1529 Ἀττικήν,
864 1451 1186 1562 κατφέρχρντές
1230 1486 1285 1516 τε
1326 1463 1522 1517 πολλὸν
1567 1464 1646 1516 καὶ
1697 1462 1952 1518 δοκέοντες

360 1549 373 1567 5
846 1549 860 1567 Ι

0 1508 170 1550 um‘

13 1556 178 1599 tm
202 1594 212 1604 ,

159 1814 252 1863 103

247 2362 282 2422 s

245 2423 249 2434 1

236 2470 253 2481 k..

291 1551 444 1603 ταυτὰ
475 1549 601 1609 ζτοὺς
650 1548 942 1614 Ἀθηναιους
942 1544 969 1626 s
989 1547 1221 1613 ποιήσειν
1265 1551 1327 1600 τὰ
1376 1550 1455 1601 καὶ
1505 1548 1618 1603 τοὺς
1668 1546 1951 1615 Ἐρετριέας

291 1635 550 1699 ἐποίησαν.
628 1632 707 1684 καὶ
737 1631 797 1697 ἧν
827 1634 922 1700 γὰρ
934 1627 941 1632 ”
956 1634 1210 1700 Μαραθὼν
1241 1634 1622 1698 ἐπιτηδεότατον
1650 1634 1835 1701 χωρίον
1865 1635 1951 1697 τῆς

291 1717 519 1783 Ἀττικῆς
555 1720 850 1770 ἐνιππεῦσαι
888 1717 967 1769 καὶ
1006 1716 1268 1785 ἀγχοτάτω
1304 1721 1393 1782 τῆς
1422 1717 1692 1784 Ἐρετρίης,
1727 1718 1778 1771 ἐς
1807 1717 1953 1768 τοῦτό

293 1810 390 1870 σφι
432 1802 696 1869 κατηγέετο
726 1801 922 1867 Ἱππίης
956 1802 982 1852 6
1015 1801 1402 1870 Πεισιστράτου.
1490 1801 1747 1866 Ἀθηναῖοι
1789 1803 1843 1854 δὲ
1883 1801 1951 1854 ὡς

291 1887 530 1940 ἐπύθοντο
581 1891 747 1946 ταῦτα,
797 1885 1042 1952 ἐβοήθεον
1094 1885 1175 1938 καὶ
1227 1886 1364 1938 αὐτοὶ
1411 1887 1462 1940 ἐς
1512 1885 1600 1943 τὸν
1647 1888 1948 1952 Μαραθῶνα.

291 1970 415 2038 ἦγον
439 1970 493 2024 δέ
516 1978 680 2039 σφεας
710 1970 982 2038 στρατηγοὶ
1014 1969 1148 2030 δέκα,
1175 1974 1274 2023 τῶν
1298 1971 1324 2021 6
1347 1969 1546 2048 δέκατος
1569 1968 1642 2061 ἧνΛ
1655 1968 1948 2056 Μιλτιάδης,

290 2060 375 2107 τοῦ
404 2055 491 2108 τὸν
521 2055 710 2123 πατέρα
747 2056 953 2121 Κίμωνα
989 2054 1076 2107 τὸν
1113 2056 1446 2122 Στησαγόρεω
1484 2032 1734 2127 κατέλανέε
1770 2057 1952 2122 φυγεῖν

292 2138 350 2204 ἐξ
389 2139 639 2213 Ἀθηνέων
684 2141 1057 2206 Πεισίστρατον
1107 2139 1194 2191 τὸν
1238 2137 1602 2206 Ἱπποκράτεος.
1691 2138 1769 2190 καὶ
1803 2117 1962 2211 &briga

292 2213 559 2292 (hedyowrst
588 2222 904 2289 Ὀλυμπιάδα
965 2222 1238 2275 ἀνελέσθαι
1297 2223 1549 2293 τεθρίππῳ
1609 2221 1816 2288 συνέβη,
1872 2223 1951 2274 καὶ

291 2309 473 2373 ταύτην
508 2261 598 2374 »ίέν
637 2308 725 2373 τὴν
764 2310 905 2372 νίκην
948 2308 1250 2372 ἀνελόμενόν
1331 2328 1376 2359 ιν
1415 2306 1572 2360 τώυτὸ
1611 2305 1952 2372 ἐξενείκασθαι

291 2397 359 2463 τῷ
411 2381 689 2521 ὁμφιητρίῳ
742 2394 970 2462 ἀδελφεῷ
1026 2329 1327 2489 Μιλτιάδῃέ]
1355 2387 1386 2468 s
1382 2393 1508 2458 μετὰ
1557 2394 1613 2445 δὲ
1656 2399 1718 2466 τῇ
1766 2390 1951 2462 ὑστέρῃ

351 2545 368 2570 1
400 2530 582 2583 Ταμύνας
600 2530 890 2572 Valckenaer:
922 2530 1088 2582 τέμενος
1110 2529 1144 2568 L
1256 2530 1428 2583 Αἷγίλεα
1446 2528 1485 2567 Α
1499 2529 1534 2568 Β
1551 2529 1584 2568 C
1749 2542 1774 2568 2
1805 2531 1845 2570 ἐς
1865 2542 1947 2570 om.

293 2587 334 2626 A
349 2586 384 2624 Β
400 2586 433 2625 C
615 2599 640 2636 4
668 2586 869 2638 μάχεσθαι
889 2585 929 2623 Α
943 2586 977 2624 Β
993 2585 1027 2624 C
1214 2597 1236 2634 7
1266 2583 1486 2637 ’γενομένης
1510 2584 1561 2622 Ρο
1689 2582 1763 2635 μὲν
1785 2585 1848 2624 ἐπὶ
1871 2584 1904 2622 C
1919 2584 1954 2623 P

292 2643 317 2679 8
348 2645 369 2682 ὁ
389 2654 468 2680 om.
494 2641 576 2680 SV
768 2654 795 2691 9
826 2639 958 2681 Κυνέω
982 2640 1194 2679 Bredow:
1227 2639 1375 2680 Κυνέου
1398 2639 1431 2676 L
1629 2651 1678 2677 10
1708 2638 1895 2679 ἐλθόντες
1917 2638 1951 2676 C

297 2709 341 2734 11
373 2697 457 2748 ἱερὰ
476 2695 613 2734 ABC
726 2697 902 2736 ἆποτινν.
928 2695 966 2732 R
982 2694 1063 2734 SV
1232 2706 1281 2732 12
1311 2697 1552 2734 κατακανσθ.
1578 2692 1640 2731 P:
1670 2697 1892 2744 κατακαφθ.
1916 2693 1950 2732 C

298 2763 344 2800 14
386 2750 531 2804 ἡμέρας
561 2751 703 2803 ὀλίγας
735 2749 871 2789 RSV
1036 2748 1183 2790 ἔπλεεν
1213 2749 1269 2789 εἷς
1300 2747 1339 2786 R
1564 2758 1611 2795 15
1644 2749 1725 2800 γῆν
1751 2746 1844 2785 ΑΒ
1871 2747 1950 2786 soli

294 2821 569 2857 κατεργωντες
595 2806 647 2843 Cc
674 2806 750 2852 (m.
782 2805 849 2857 1):
882 2801 1201 2858 κατεργάζοντές
1231 2803 1270 2841 R
1287 2802 1396 2842 SV:
1425 2800 1720 2855 κατοργέοντές
1743 2801 1950 2841 Dietsch:

293 2859 567 2911 καταγνόντες
587 2859 760 2908 Madvig
965 2860 1015 2897 16
1042 2860 1172 2899 ταῦτα
1191 2856 1231 2895 Α
1246 2857 1329 2896 BC
1536 2869 1581 2905 17
1613 2857 1638 2905 ἡ
1661 2862 1762 2909 Μαρ.
1786 2854 1949 2894 ABC:

294 2917 315 2952 6
331 2921 383 2953 M.
402 2914 453 2951 P³
538 2914 766 2954 -δειότατον
781 2914 819 2952 Α
841 2928 849 2952 :
878 2912 1084 2954 -διότατον
1101 2911 1135 2949 Β
1155 2925 1164 2950 :
1194 2913 1415 2952 -δεώτατον
1431 2910 1464 2950 C
1481 2911 1515 2949 Ρ
1595 2912 1600 2916 ‘
1627 2923 1678 2959 19
1698 2911 1900 2962 κατήγετο
1914 2910 1949 2948 C

295 2967 594 3063 ῗέὃῧῧθηναίων
615 2968 648 3006 C
665 2968 697 3007 P
711 2970 748 3007 R
765 2969 794 3007 S
807 2968 845 3007 V
1009 2977 1061 3015 25
1090 2964 1319 3018 ἀνελομένῳ
1339 2965 1379 3004 Α
1392 2965 1426 3003 Β
1441 2965 1475 3004 C
1650 2965 1705 3003 26
1733 2964 1951 3018 ὁμομήτορε

1979 1060 2030 1090 10

1977 1479 2025 1524 15

1975 1902 2028 1932 20

1978 2323 2026 2364 ²5
