2034 3328
0 101 47 147 V.
69 113 133 160 32
784 95 1214 144 ΗΡΟΔΟΤΟΤ

169 227 383 296 ἐγένετο,
438 226 847 294 παρεσκευάσατο
897 228 988 290 μὲν
1039 227 1293 291 διηκοσίας
1343 224 1585 292 τριήρεας,
1637 225 1832 278 πολλὸν

170 316 223 364 δὲ
267 312 419 380 κάρτα
463 314 638 377 ὅμιλον
679 310 919 377 Περσέων
959 332 1013 362 τε
1058 310 1135 362 καὶ
1179 316 1276 362 τῶν
1321 309 1492 361 ἄλλων
1538 309 1830 379 συμμάχων,

171 395 451 464 στρατηγὸν
495 399 548 448 δὲ
593 396 780 447 τούτων
824 393 1031 459 ἀπέδεξε
1076 394 1389 462 Μεγαβάτην
1432 390 1587 461 ἄνδρα
1625 392 1832 462 Πέρσην
1884 382 1891 389 ’

169 486 268 532 τῶν
311 479 714 548 Ἀχαιμενιδέων,
762 482 941 531 ἑωυτοῦ
986 500 1041 531 τε
1088 480 1166 530 καὶ
1214 480 1425 545 Δαρείου
1472 478 1699 544 ἀνεψιόν,
1745 482 1833 530 τοῦ

171 565 463 628 Παυσανίης
499 565 525 614 ὁ
557 563 913 629 Κλεομβρότου
944 564 1344 629 Λακεδαιμόνιος,
1383 564 1425 614 εἰ
1460 562 1519 627 δὴ
1555 560 1743 627 ἀληθής
1771 561 1833 630 γέ
1855 588 1879 630 5

171 650 282 700 ἐστι
326 649 352 698 ὁ
394 648 562 715 λόγος,
604 646 794 716 ὑστέρῳ
838 648 1002 716 χρόνῳ
1046 647 1234 698 τούτων
1273 647 1524 712 ἡρμόσατο
1569 645 1828 713 θυγατέρα,

170 732 326 799 ἔρωτα
357 733 498 799 σχὼν
527 735 614 796 τῆς
635 730 882 784 Ἑλλάδος
912 731 1148 797 τύραννος
1176 730 1427 798 γενέσθαι.
1503 729 1749 795 ἀποδέξας
1779 732 1834 783 δὲ
1883 777 1885 779 ,

171 814 484 882 Μεγαβάτην
516 815 796 882 στρατηγὸν
825 814 1166 882 Ἀρταφρένης
1204 814 1471 867 ἀπέστειλε
1501 814 1588 866 τὸν
1618 813 1858 882 στρατὸν-

67 916 132 964 33
170 902 302 967 παρὰ
336 899 423 951 τὸν
459 899 837 966 Ἀρισταγόρεα.
926 899 1235 964 παραλαβὼν
1272 901 1323 950 δὲ
1364 900 1390 949 ὁ
1429 897 1737 964 Μεγαβάτης
1779 900 1832 949 ἐκ

170 986 257 1047 τῆς
298 982 528 1047 Μιλήτου
566 984 655 1035 τόν
691 1005 744 1034 τε
780 982 1142 1049 Ἀρισταγόρεα
1180 983 1260 1033 καὶ
1300 981 1390 1045 τὴν
1420 981 1556 1033 Ἰάδα
1597 981 1834 1049 στρατιὴν
1861 1004 1912 1036 10

173 1067 251 1118 καὶ
281 1068 393 1122 τοὺς
416 1066 632 1131 Ναξίους
662 1067 812 1118 ἔπλεε
841 1067 1101 1132 πρόφασιν
1133 1066 1209 1118 ἐπ’
1234 1066 1635 1130 Ἑλλησπόντου,
1668 1067 1834 1118 ἐπείτε

171 1154 223 1202 δὲ
253 1151 452 1218 ἐγένετο
483 1153 534 1203 ἐν
567 1152 687 1220 Χίῳ,
721 1150 844 1218 ἔσχε
874 1152 962 1203 τὰς
998 1149 1111 1203 νέας
1141 1152 1192 1202 ἐς
1223 1150 1478 1209 Καύκασα,
1513 1149 1578 1202 ὣς
1608 1151 1834 1202 ἐνθεῦτεν

107 1256 132 1288 2
169 1234 326 1308 βορέῃ
350 1235 512 1304 ἀνέμῳ
545 1237 595 1288 ἐς
617 1235 706 1299 τὴν
730 1233 902 1299 Νάξον
925 1233 1177 1300 διαβάλοι.
1247 1234 1325 1285 καὶ
1355 1233 1411 1284 οὐ
1431 1235 1526 1301 γὰρ
1549 1234 1652 1286 ἔδεε
1677 1234 1833 1303 τούτῳ

95 1369 99 1372 .
170 1323 237 1388 τῷ
276 1320 442 1389 στόλῳ
480 1317 696 1383 Ναξίους
732 1317 1027 1376 ἀπολέσθαι,
1067 1322 1268 1385 πρῆγμα
1303 1318 1495 1369 τοιόνδε
1532 1319 1833 1386 συνηνείχθη

172 1402 423 1469 γενέσθαι·
471 1404 743 1468 περιιόντος
767 1401 1085 1470 Μεγαβάτεω
1115 1404 1203 1455 τὰς
1233 1403 1312 1454 ἐπὶ
1336 1407 1434 1453 τῶν
1459 1406 1582 1454 νεῶν
1606 1403 1836 1468 φυλακὰς
1863 1426 1910 1467 ¹5

173 1487 254 1538 ἐπὶ
305 1486 414 1540 νεὸς
463 1487 684 1551 Μυνδίης
734 1487 878 1555 ἔτυχε
929 1486 1087 1539 οὐδεὶς
1133 1486 1432 1553 φυλάσσων·
1493 1487 1519 1536 ὁ
1571 1488 1625 1537 δὲ
1671 1486 1836 1537 δεινόν

171 1592 220 1622 τι
262 1569 597 1636 ποιησάμενος
642 1569 876 1622 ἐκέλευσε
919 1570 1031 1624 τοὺς
1075 1570 1374 1637 δορυφόρους
1418 1569 1705 1636 ἐξευρόντας
1747 1568 1836 1621 τὸν

171 1654 389 1722 ἄρχοντα
431 1655 609 1719 ταύτης
650 1657 738 1718 τῆς
788 1655 913 1712 νεός,
960 1659 1026 1723 τῷ
1071 1654 1255 1719 οὕνομα
1299 1652 1358 1718 ἣν
1403 1653 1614 1718 Σκύλαξ,
1660 1657 1874 1750 τοῦτονυ
1899 1710 1911 1718 ‚
1964 1712 1980 1722 ,
2015 1708 2024 1717 Α,

0 1739 142 1833 2²15&-
172 1741 323 1803 δῆσαι
351 1741 430 1790 διὰ
460 1739 703 1805 θαλαμίης
733 1739 1103 1805 διελόντας,τῇς
1136 1737 1399 1806 vebs-acar&
1427 1741 1587 1796 τοῦτο,
1621 1736 1714 1802 ἔξω
1743 1739 2012 1809 phuam&-

109 1844 134 1888 3
174 1821 401 1889 κεφαλὴν
449 1827 720 1881 ποιεῦντας,
769 1822 870 1874 ἔσω
922 1825 974 1873 δὲ
1021 1821 1078 1873 τὸ
1131 1827 1291 1887 σῶμα.
1379 1820 1604 1875 δεθέντος
1650 1823 1704 1872 δὲ
1749 1808 1929 1874 rofi'ss'
2015 1838 2017 1841 ’

174 1906 428 1959 Σκύλακος
465 1905 760 1973 ἐξαγγέλλει
795 1927 870 1960 τις
903 1911 970 1975 τῷ
1001 1906 1333 1977 Ἀρισταγόρῃ
1365 1907 1441 1957 ὅτι
1477 1904 1563 1957 τὸν
1593 1903 1758 1969 ξεῖνόν
1787 1906 1835 1956 οἱ

172 1989 261 2041 τὸν
307 1991 527 2042 Μύνδιον
573 1988 882 2057 Μεγαβάτης
926 1988 1081 2054 δήσας
1126 1991 1429 2055 λυμαίνοιτο.
1481 1990 1543 2039 «ὁ
1587 1988 1629 2039 δ’
1673 1988 1835 2040 ἐλθὼν

172 2073 462 2140 παραιτέετο
501 2074 589 2126 τὸν
629 2073 852 2141 Πέρσην,
896 2073 1157 2141 τυγχάνων
1197 2076 1250 2125 δὲ
1294 2072 1493 2127 οὐδενὸς
1533 2077 1631 2125 τῶν
1670 2070 1836 2124 ἐδέετο

173 2157 319 2210 αὐτὸς
350 2158 510 2208 ἐλθὼν
541 2158 709 2209 ἔλυσε.
797 2158 1070 2222 πυθόμενος
1100 2160 1153 2208 δὲ
1186 2157 1338 2224 κάρτα
1373 2156 1533 2208 δεινὸν
1565 2154 1835 2220 ἐποιήσατο

108 2257 136 2299 4
174 2241 200 2290 ὁ
232 2239 539 2307 Μεγαβάτης
583 2242 659 2292 καὶ
696 2241 973 2309 ἐσπέρχετο
1008 2246 1074 2310 τῷ
1112 2241 1463 2313 Ἀρισταγόρῃ.
1551 2242 1578 2291 ὁ
1616 2242 1670 2291 δὲ
1709 2239 1833 2292 εἶπε·
1862 2263 1912 2304 25

174 2325 263 2376 Σοὶ
286 2327 340 2376 δὲ
370 2324 449 2375 καὶ
470 2325 691 2376 τούτοισι
713 2329 845 2376 τοῖσι
869 2323 1126 2391 πρήγμασι
1149 2326 1199 2376 τί
1222 2327 1329 2375 ἐστι
1337 2346 1353 2384 ,·
1401 2325 1457 2376 οὔ
1481 2346 1541 2376 σε
1564 2323 1835 2376 ἀπέστειλε

174 2407 515 2475 Ἀρταφρένης
551 2407 666 2473 ἐμέο
696 2410 957 2459 πείθεσθαι
994 2408 1072 2458 καὶ
1104 2404 1274 2460 πλέειν
1304 2409 1362 2479 τῇ
1394 2407 1455 2460 ἂν
1486 2408 1583 2475 ἐγὼ
1623 2407 1831 2467 κελεύω,·

232 2559 251 2584 1
284 2544 444 2597 ἐγίνετο
465 2543 600 2584 PVU
695 2545 866 2598 τριήρεις
889 2545 922 2582 Ρ
937 2544 1071 2583 SVU
1185 2557 1209 2582 2
1239 2535 1285 2584 τε
1306 2558 1388 2584 om.
1412 2544 1493 2584 SV
1600 2555 1626 2593 3
1655 2543 1834 2585 τουτέων

176 2599 311 2639 SVU
531 2610 556 2647 5
595 2598 890 2651 Κλεομβρότεω
922 2599 1058 2638 SVU
1272 2612 1299 2648 9
1328 2597 1619 2652 Ἀρισταγόρεα
1648 2598 1832 2638 PSVU

176 2654 293 2693 Eust.
316 2653 361 2694 Il.
383 2665 462 2702 234
480 2666 490 2692 t
521 2653 665 2706 -γόρην
684 2653 723 2691 Α
737 2653 771 2691 Β
788 2654 822 2692 C
944 2666 1052 2703 9—10
1080 2652 1154 2693 τόν
1172 2670 1220 2693 τε
1241 2653 1534 2706 Ἀρισταγόρην
1555 2656 1602 2693 ἐκ
1621 2659 1674 2692 Μ.
1692 2652 1733 2691 Α
1746 2652 1782 2690 Β
1798 2652 1833 2691 C

179 2721 230 2747 10
257 2725 305 2749 τε
325 2720 405 2746 0111.
430 2708 460 2746 S
575 2720 620 2746 11
652 2706 760 2760 (μὲν)
776 2708 838 2747 ἐπ’
862 2707 1004 2746 Naber
1118 2719 1166 2745 12
1197 2707 1357 2759 ἐγίνετο
1380 2707 1508 2746 PSV
1525 2707 1563 2746 U
1651 2706 1712 2758 ἐς]
1735 2709 1778 2747 ἐν
1798 2706 1833 2746 C

177 2761 388 2802 Καύκασον
409 2762 442 2800 P
457 2761 539 2800 SV
678 2774 727 2811 14
757 2761 984 2813 συνηνέχθη
1006 2761 1036 2800 S
1050 2762 1088 2800 V
1232 2763 1281 2800 16
1310 2763 1406 2803 νεὼς
1428 2762 1510 2800 SV
1530 2761 1595 2813 (it.
1621 2762 1685 2811 18,
1707 2760 1738 2800 S
1763 2762 1832 2811 19)

178 2817 304 2857 οὐδεὶς
326 2816 450 2868 ἔτυχε
472 2816 605 2855 SVU
746 2827 795 2864 19
822 2818 886 2856 διὰ
904 2829 988 2855 om.
1011 2816 1128 2855 Suid.
1152 2829 1185 2855 s.
1200 2829 1237 2855 v.
1263 2816 1487 2866 θαλαμίδιοι
1597 2814 1832 2856 διέλκοντας

180 2870 302 2909 Stein
385 2883 438 2909 an
452 2869 526 2921 μὲν
540 2868 678 2924 (τὴν>’έ
787 2882 839 2919 25
861 2869 1060 2923 ἐπέρχετο
1081 2869 1111 2908 S
1124 2870 1163 2909 V
1181 2884 1191 2909 ι
1214 2883 1265 2908 an
1289 2869 1597 2923 ε’,τεσπέρχετοῖ
1707 2870 1762 2909 26
1781 2868 1834 2910 σὺ

180 2924 214 2963 C
229 2923 259 2963 S
271 2923 312 2963 V
323 2923 363 2963 U
476 2924 636 2977 [τοῖσι]
647 2927 812 2978 πρῆγμα
832 2924 1094 2964 Valckenaet
1139 2957 1142 2959 ,
