2124 3320
76 95 138 150 V.
166 111 260 150 102

231 325 256 369 3

164 829 256 878 103

156 1759 251 1810 104

924 95 1349 144 HPOAOTOT

295 228 516 299 Ἐφέσῳ.
609 230 687 280 καὶ
735 226 1112 296 ἀντετάχθησαν
1158 229 1249 293 μὲν
1297 229 1342 279 οἱ
1377 226 1562 287 Ἴωνες,
1610 228 1960 293 συμβαλόντες

297 316 349 366 δὲ
399 318 592 365 πολλὸν
644 305 963 376 ἑσσώθησαν.
1053 313 1131 363 καὶ
1182 311 1403 366 πολλοὺς
1453 311 1612 363 αὐτῶν
1663 314 1709 363 οἳ
1764 311 1960 378 Πέρσαι

296 397 579 464 φονεύουσι,
615 395 802 450 ἄλλους
837 417 891 448 τε
927 396 1249 460 ὀνομαστούς,
1290 397 1343 447 ἐν
1379 399 1433 448 δὲ
1469 394 1525 459 δὴ
1563 393 1960 460 καὶἘύαλκίδην

295 479 662 548 στρατηγέοντα
684 478 992 546 Ἐρετριέων,
1020 480 1435 546 στεφανηφόρους
1458 501 1511 531 τε
1535 479 1730 545 ἀγῶνας
1755 480 1954 546 ἀναραι-

293 566 478 631 ρηκότα
510 564 588 616 καὶ
618 564 714 616 ὑπὸ
745 564 1025 629 Σιμωνίδεω
1055 568 1141 615 τοῦ
1173 564 1326 628 Κηίου
1357 565 1523 615 πολλὰ
1555 562 1825 615 αἰνεθέντα.
1913 563 1959 630 οἳ
1985 583 2007 623 5

294 652 347 701 δὲ
399 649 560 701 αὐτῶν
611 647 870 716 ἀπέφυγον
920 647 1009 713 τὴν
1059 646 1242 715 μάχην,
1294 646 1677 712 ἐσκεδάσθησαν
1726 647 1821 699 ἀνὰ
1872 649 1960 701 τὰς

294 734 487 787 πόλιας.

376 818 503 869 Τότε
547 819 637 882 μὲν
678 816 735 881 δὴ
776 818 900 868 οὕτω
942 814 1273 883 ἠγωνίσαντο·
1317 816 1441 881 μετὰ
1485 818 1538 868 δὲ
1578 815 1842 882 Ἀθηναῖοι.
1868 818 1959 881 μὲν

293 901 351 953 τὸ
387 899 618 967 παράπαν
654 901 986 954 ἀπολιπόντες
1020 900 1134 955 τοὺς
1160 899 1339 954 Ἴωνας
1375 899 1760 966 ἐπικαλεομένου
1795 898 1959 968 σφέας

294 987 462 1037 πολλὰ
505 985 566 1036 δι’
605 984 836 1051 ἀγγέλων
873 983 1243 1052 Ἀρισταγόρεω
1287 984 1373 1037 οὐκ
1419 984 1618 1052 ἔφασαν
1657 983 1958 1051 τιμωρήσειν
1984 1008 2036 1046 ,ιο

293 1076 406 1136 σφι.
465 1067 636 1122 Ἴωνες
668 1071 721 1121 δὲ
750 1071 836 1133 τῆς
860 1068 1139 1133 Ἀθηναίων
1163 1070 1448 1136 συμμαχίης
1473 1067 1792 1135 στερηθέντες
1814 1066 1964 1139 (οὔτ-ῳ-

292 1152 387 1220 γάρ
411 1160 508 1221 σφι
536 1155 727 1221 ὑπῇρχε
757 1152 1064 1218 πεποιημένα
1094 1155 1145 1207 ἐς
1170 1151 1400 1219 Δαρεῖον)
1422 1153 1565 1204 οὐδὲν
1595 1152 1654 1216 δὴ
1684 1152 1849 1217 ἧσσον
1871 1151 1959 1204 τὸν
2006 1203 2007 1206 ,

291 1237 412 1305 πρὸς
441 1237 665 1303 βασιλέα
694 1237 915 1302 πόλεμον
946 1236 1282 1300 ἐσκευάζοντο.
1371 1236 1666 1290 πλώσαντες
1701 1239 1753 1288 δὲ
1792 1239 1842 1290 ἐς
1870 1236 1958 1288 τὸν

290 1319 673 1386 Ἑλλήσποντον
721 1320 988 1385 Βυζάντιόν
1036 1343 1086 1373 τε
1135 1322 1214 1372 καὶ
1259 1322 1345 1374 τὰς
1392 1320 1552 1374 ἄλλας
1599 1321 1745 1374 πόλις
1790 1318 1958 1374 πάσας

290 1407 377 1460 τὰς
420 1407 569 1476 ταύτῃ
613 1404 693 1457 ὑπ’
734 1407 963 1457 ἑωυτοῖσι
1002 1403 1321 1469 ἐποιήσαντο,
1367 1403 1719 1458 ἐκπλώσαντές
1760 1425 1817 1456 τε
1859 1404 1956 1470 ἔξω
1985 1428 2031 1469 15

289 1489 375 1542 τὸν
396 1488 782 1554 Ἑλλήσποντον
806 1489 991 1555 Καρίης
1021 1488 1108 1552 τὴν
1133 1487 1329 1553 πολλὴν
1359 1487 1768 1555 προσεκτήσαντο
1799 1488 1956 1555 σφίσι

291 1573 558 1642 σύμμαχον
599 1573 737 1625 εἶναι·
787 1572 865 1624 καὶ
904 1574 999 1641 γὰρ
1035 1571 1124 1637 τὴν
1162 1576 1355 1625 Καῦνον
1391 1573 1629 1639 πρότερον
1671 1574 1727 1625 οὗ
1764 1578 1950 1638 βουλο,

288 1656 444 1722 μένην
490 1656 811 1725 συμμαχέειν,
865 1656 930 1711 ὡς
981 1656 1263 1723 ἐνέπρησαν
1310 1657 1398 1709 τὰς
1449 1655 1644 1723 Σάρδις,
1694 1657 1807 1709 τότε
1855 1663 1954 1724 σφι

290 1741 368 1792 καὶ
404 1743 522 1809 αὕτη
560 1740 910 1809 προσεγένετο.
1000 1740 1209 1807 Κύπριοι
1249 1743 1301 1792 δὲ
1342 1742 1603 1793 ἐθελονταί
1639 1747 1736 1808 σφι
1771 1739 1953 1794 πάντες

288 1825 651 1893 προσεγένοντο
683 1824 816 1889 πλὴν
847 1824 1210 1889 Ἀμαθουσίων·
1259 1823 1553 1889 ἀπέστησαν
1583 1826 1677 1891 γὰρ
1710 1825 1788 1877 καὶ
1817 1825 1952 1877 οὗτοι
1976 1847 2028 1876 20

287 1911 382 1961 ὧδε
412 1909 510 1961 ἀπὸ
534 1908 738 1973 Μήδων.
806 1907 866 1972 ἧν
889 1906 1160 1972 Ὀνήσιλος
1184 1909 1373 1976 Γόργου
1402 1910 1493 1974 μὲν
1522 1913 1609 1960 τοῦ
1632 1910 1950 1974 Σαλαμινίων

286 1993 533 2057 βασιλέος
569 1992 812 2060 ἀδελφεὸς
854 1993 1106 2059 νεώτερος,
1145 1991 1362 2059 Χέρσιος
1398 1994 1452 2044 δὲ
1485 1997 1572 2044 τοῦ
1606 1993 1830 2060 Σιρώμου
1863 1997 1951 2057 τοῦ

287 2077 595 2130 Εὐέλθοντος
632 2082 762 2131 παῖς.
852 2076 993 2130 οὗτος
1030 2076 1159 2143 ὡνὴρ
1189 2075 1432 2130 πολλάκις
1465 2078 1558 2141 μὲν
1594 2076 1674 2128 καὶ
1709 2077 1948 2144 πρότερον

285 2160 372 2212 τὸν
397 2162 584 2227 Γόργον
614 2159 948 2227 παρηγορέετο
979 2161 1287 2212 ἀπίστασθαι
1319 2159 1417 2213 ἀπὸ
1445 2159 1706 2225 βασιλέος,
1732 2161 1846 2227 τότε
1873 2159 1944 2220 δέ,

287 2244 351 2298 ὡς
393 2245 470 2296 καὶ
505 2244 617 2298 τοὺς
644 2244 823 2298 Ἴωνας
863 2243 1069 2296 ἐπύθετο
1109 2242 1400 2303 ἀπεστάναι,
1439 2230 1608 2312 πάγχυ
1644 2245 1947 2311 ἐπικείμενος
1973 2266 2019 2307 25

285 2329 448 2394 ἐνῆγε.
523 2328 587 2381 ὡς
618 2331 669 2379 δὲ
698 2328 784 2378 οὐκ
815 2328 980 2379 ἔπειθε
1011 2326 1096 2379 τὸν
1128 2328 1332 2394 Γόργον,
1367 2326 1575 2379 ἐνθαῦτά
1603 2349 1687 2393 μιν
1717 2325 1945 2395 φυλάξας

339 2479 364 2504 2
413 2464 564 2506 αὐτέων
610 2464 649 2503 A
672 2465 705 2503 B
730 2464 764 2503 C
983 2476 1009 2512 3
1058 2464 1279 2513 Εὐελκῖδην
1318 2465 1358 2503 Α
1383 2465 1417 2503 Β
1440 2465 1502 2503 C:
1546 2465 1768 2507 Εὐαλκίδεα
1808 2466 1838 2505 S
1866 2465 1943 2518 [V]

285 2534 310 2569 4
340 2522 462 2573 ἆναιρ.
487 2520 517 2558 S
539 2535 547 2558 :
577 2522 717 2571 εὑραιρ.
741 2519 806 2557 V:
837 2519 958 2571 ἆραιρ.
984 2518 1024 2557 U
1150 2531 1174 2568 5
1206 2520 1412 2572 αιρεθέντα
1435 2520 1568 2559 SVU
1680 2522 1707 2558 6
1737 2519 1888 2561 αὐτέων
1908 2521 1942 2559 C

286 2575 431 2615 αὐτίκα.
449 2573 657 2626 ἀπέφυγον
679 2574 711 2611 Ρ
726 2573 755 2612 S
768 2573 806 2611 V
819 2573 857 2610 U
1039 2573 1065 2610 8
1100 2576 1135 2613 οἱ
1158 2572 1354 2622 Ἀθηναῖοι
1374 2574 1412 2612 V
1427 2574 1466 2613 U
1605 2574 1680 2624 μὲν
1699 2587 1781 2614 om.
1807 2575 1887 2614 SV
1901 2574 1941 2613 U

283 2641 310 2678 9
353 2628 662 2678 ἐπικαλεομένου
701 2628 903 2666 Gronov:
946 2643 1053 2668 -νους
1084 2627 1118 2664 L
1369 2641 1413 2667 11
1461 2636 1533 2680 σφι
1566 2629 1714 2667 Stein:
1758 2629 1875 2680 σφίσι
1908 2629 1942 2667 L

285 2693 333 2720 12
362 2685 409 2731 δὴ
430 2695 512 2722 om.
538 2682 716 2721 PSVU
914 2693 964 2731 13
995 2681 1238 2723 ἐσκευάδατο
1260 2682 1294 2720 C
1490 2695 1537 2731 14
1566 2682 1709 2724 πόλιας
1731 2683 1764 2721 Ρ
1779 2683 1808 2722 S
1824 2683 1940 2721 VU:

283 2737 423 2778 πόλεις
444 2737 477 2775 C
617 2736 772 2777 ἁπάσας
794 2735 833 2774 U
1059 2747 1107 2785 15
1136 2737 1209 2777 τὰς
1229 2749 1308 2777 om.
1335 2736 1369 2775 C
1581 2738 1630 2774 16
1660 2746 1775 2789 σφισι
1802 2738 1831 2776 S
1845 2738 1883 2775 V
1898 2737 1936 2776 U

286 2805 336 2842 19
366 2793 464 2840 αὐτὴ
487 2792 516 2830 S
530 2791 569 2829 V
653 2789 846 2831 ἐθελοντέ
863 2790 896 2829 C
915 2804 925 2829 ε
955 2790 1016 2830 -τί
1036 2790 1065 2829 S
1079 2791 1117 2828 V
1131 2789 1187 2829 Ul
1271 2791 1419 2832 πάντες
1439 2804 1520 2830 om.
1543 2791 1624 2830 SV
1638 2791 1676 2829 U
1782 2804 1836 2830 20
1863 2790 1939 2842 μὲν

280 2845 359 2896 ’γὰρ
389 2845 469 2884 SV
486 2845 539 2895 U,
571 2846 714 2884 nescio
752 2858 807 2883 an
845 2850 976 2892 recte,
1007 2845 1058 2884 cf.
1092 2844 1214 2884 Dem.
1244 2858 1303 2883 xx
1336 2858 1412 2894 139
1648 2858 1697 2884 21
1740 2844 1815 2886 ὧδε
1853 2858 1935 2885 om.

283 2900 313 2939 S
326 2901 364 2938 V
379 2899 435 2939 Ul
547 2912 598 2938 22
629 2900 804 2952 Εἱρώμου
824 2899 1045 2938 Noeldeke
1157 2909 1208 2948 23
1239 2900 1337 2953 ἀνὴρ
1356 2900 1386 2939 S
1401 2900 1438 2939 V
1548 2901 1602 2939 26
1632 2902 1682 2941 ὣς
1700 2931 1707 2939 .
1725 2930 1735 2939 .
1757 2929 1766 2939 .
1787 2899 1936 2953 Γόργον

283 2955 430 3006 (Γόγον
451 2953 488 2991 Α
504 2954 537 2992 Β
556 2968 564 2992 :
593 2954 721 3006 λόγον
744 2954 795 3006 C)
819 2967 901 2993 om.
930 2953 959 2992 S
973 2954 1011 2992 V
1946 2961 1952 2970 ³
