2132 3340
791 436 1153 498 ΙΣΤΟΡΙΩΝ
1243 442 1295 495 Θ

287 614 355 665 Οἱ
385 613 437 665 δὲ
460 609 727 676 Ἑλλήνων
759 612 810 665 ἐς
840 609 928 663 τὸν
952 609 1178 663 ναυτικὸν
1205 609 1423 678 στρατὸν
1445 609 1716 678 ταχθέντες
1747 609 1878 676 ἦσαν
1916 627 1939 664 1

202 697 321 756 οἵδε,
355 695 610 761 Ἀθηναῖοι
644 698 736 763 μὲν
765 694 880 750 νέας
910 696 1246 764 παρεχόμενοι
1283 698 1458 748 ἑκατὸν
1491 695 1569 747 καὶ
1607 696 1767 747 εἴκοσι
1799 696 1878 748 καὶ

203 779 346 834 ἑπτά·
392 779 486 833 ὑπὸ
523 782 576 833 δὲ
613 781 791 848 ἀρετῆς
825 802 880 833 τε
921 780 1001 832 καὶ
1037 780 1310 847 προθυμίης
1345 778 1644 838 Πλαταιέες,
1683 779 1879 853 ἄπειροι

202 868 290 931 τῆς
313 868 541 931 ναυτικῆς
565 866 748 926 ἐόντες,
771 863 1116 933 συνεπλήρουν
1138 870 1272 917 τοῖσι
1292 863 1607 929 Ἀθηναίοισι
1629 865 1716 918 τὰς
1740 863 1870 920 νέας.

154 966 176 1007 5
204 950 457 1018 Κορίνθιοι
499 952 554 1003 δὲ
594 949 968 1018 τεσσεράκοντα
1007 949 1122 1004 νέας
1162 950 1477 1017 παρείχοντο,
1523 947 1781 1016 Μεγαρέες
1822 952 1876 1002 δὲ

201 1035 378 1087 εἴκοσι.
469 1035 549 1088 καὶ
596 1034 873 1090 Χαλκιδέες
921 1032 1171 1102 ἐπλήρουν
1218 1035 1395 1095 εἴκοσι,
1446 1033 1726 1098 Ἀθηναίων
1779 1041 1876 1102 σφι
1913 1052 1939 1086 2

201 1119 524 1189 παρεχόντων
554 1121 641 1174 τὰς
679 1118 809 1179 νέας,
844 1121 1106 1187 Αἰγινῆται
1141 1121 1195 1172 δὲ
1232 1119 1579 1178 ὀκτωκαίδεκα,
1615 1118 1875 1171 Σικυώνιοι

201 1206 256 1257 δὲ
292 1204 596 1264 δυοκαίδεκα,
628 1203 1010 1270 Λακεδαιμόνιοι
1047 1206 1100 1256 δὲ
1137 1203 1268 1263 δέκα,
1303 1203 1612 1270 Ἐπιδαύριοι
1644 1205 1698 1255 δὲ
1728 1203 1870 1262 ὀκτώ,

201 1285 477 1356 Ἐρετριέες
506 1291 561 1341 δὲ
591 1287 732 1348 ἑπτά,
757 1286 1040 1355 Τροιζήνιοι
1071 1291 1123 1341 δὲ
1153 1286 1318 1348 πέντε,
1352 1286 1562 1355 Στυρέες
1592 1289 1645 1340 δὲ
1676 1287 1762 1339 δύο
1795 1288 1874 1339 καὶ

129 1393 176 1421 ιο
203 1370 349 1438 Κήιοι
371 1373 456 1425 δύο
479 1395 534 1426 τε
557 1371 673 1428 νέας
698 1374 778 1426 καὶ
801 1371 1218 1440 πεντηκοντέρους
1242 1371 1344 1425 δύο.
1420 1373 1605 1439 Λοκροὶ
1628 1370 1684 1424 δέ
1706 1379 1806 1440 σφι
1828 1375 1874 1424 οἱ

199 1456 490 1510 Ὀπούντιοι
519 1456 828 1524 ἐπεβοήθεον
857 1457 1273 1525 πεντηκοντέρους
1303 1456 1508 1526 ἔχοντες
1539 1455 1678 1509 ἑπτά.
1742 1454 1874 1521 ἦσαν
1910 1468 1943 1504 2

198 1544 290 1607 μὲν
326 1540 395 1595 ὧν
430 1542 566 1594 οὗτοι
601 1545 648 1595 οἱ
686 1543 1069 1609 στρατευόμενοι
1105 1541 1181 1594 ἐπ’
1218 1541 1554 1609 Ἀρτεμίσιον,
1595 1542 1783 1609 εἵρῃται
1819 1519 2132 1616 δέξω

197 1647 284 1692 μοι
309 1626 387 1679 καὶ
411 1626 476 1691 ὡς
498 1626 555 1679 τὸ
577 1629 768 1692 πλῆθος
791 1627 997 1680 ἕκαστοι
1019 1632 1118 1679 τῶν
1138 1631 1262 1680 νεῶν
1281 1627 1599 1695 παρείχοντο.
1668 1627 2020 1693 ἇριθμὸςαιω*
2051 1622 2060 1630 ’
2129 1628 2132 1636 ”

199 1713 253 1764 δὲ
288 1715 387 1763 τῶν
417 1710 828 1780 συλλεχθεισέων
864 1716 990 1764 νεῶν
1022 1711 1097 1765 ἐπ’
1129 1711 1448 1778 Ἀρτεμίσιον
1479 1709 1556 1776 ἧν,
1589 1708 1750 1778 πάρεξ
1775 1683 1962 1762 nsum*

127 1819 172 1860 15
198 1795 618 1863 πεντηκοντέρων,
659 1796 910 1861 διηκόσιαι
954 1795 1034 1848 καὶ
1078 1794 1425 1862 ἑβδομήκοντα
1469 1795 1549 1847 καὶ
1591 1797 1696 1860 μία.
1784 1794 1872 1847 τὸν
1910 1811 1936 1843 2

199 1882 251 1932 δὲ
297 1880 578 1948 στρατηγὸν
617 1884 702 1933 τὸν
742 1879 798 1933 τὸ
842 1879 1085 1948 μέγιστον
1126 1879 1301 1948 κράτος
1341 1879 1527 1948 ἔχοντα
1567 1881 1870 1948 παρείχοντο

199 1967 504 2032 Σπαρτιῆται
534 1963 853 2032 Εὐρυβιάδην
884 1965 1240 2033 Εὐρυκλείδεω·
1288 1967 1335 2017 οἱ
1364 1966 1460 2032 γὰρ
1491 1965 1745 2032 σύμμαχοι
1782 1963 1869 2015 οὐκ

197 2048 413 2116 ἔφασαν,
454 2045 517 2114 ἢν
554 2048 622 2115 μὴ
664 2050 691 2101 ὁ
731 2047 913 2102 Λάκων
952 2049 1245 2122 ἡγεμονεύῃ,
1290 2048 1603 2114 Ἀθηναίοισι
1649 2049 1869 2116 ἕψεσθαι

194 2132 528 2200 ἡγεομένοισι,
575 2135 710 2186 ἀλλὰ
752 2134 931 2187 λύσειν
974 2133 1031 2186 τὸ
1074 2133 1265 2200 μέλλον
1310 2133 1522 2186 ἔσεσθαι
1570 2131 1866 2199 στράτευμα.

122 2241 171 2269 20
197 2215 396 2284 ἐγένετο
447 2220 542 2286 γὰρ
596 2217 701 2270 κατ’
749 2219 907 2287 ἀρχὰς
957 2219 1126 2285 λόγος,
1178 2219 1293 2285 πρὶν
1338 2214 1368 2283 ἢ
1415 2218 1495 2270 καὶ
1539 2220 1590 2272 ἐς
1635 2219 1869 2282 Σικελίην
1904 2229 1936 2277 3

195 2300 409 2367 πέμπειν
444 2303 526 2356 ἐπὶ
562 2303 868 2371 συμμαχίην,
910 2302 975 2357 ὡς
1011 2302 1066 2354 τὸ
1100 2302 1331 2355 ναυτικὸν
1366 2301 1681 2367 Ἀθηναίοισι
1716 2301 1869 2370 χρεὸν

195 2387 267 2450 εἴη
317 2385 614 2454 ἐπιτρέπειν.
703 2385 1018 2453 ἀντιβάντων
1065 2389 1119 2440 δὲ
1164 2392 1264 2439 τῶν
1314 2386 1594 2455 συμμάχων
1642 2386 1775 2439 εἶκον
1823 2388 1868 2437 οῑ

252 2538 269 2565 1
302 2528 431 2567 ταῦτα
450 2524 525 2576 μὲν
543 2526 593 2576 δὴ
617 2525 676 2580 (R
694 2525 883 2579 quoque)
906 2527 1010 2567 οὕτω
1030 2524 1202 2578 λέγεται
1221 2524 1430 2578 γενέσθαι·
1452 2528 1487 2567 οἱ
1507 2524 1549 2566 δὲ
1574 2524 1607 2564 L
1709 2523 1865 2573 Ἕλλη·

193 2597 258 2623 νες
277 2581 350 2621 τὸν
371 2580 405 2619 C
420 2579 460 2619 R
474 2579 556 2620 SV
719 2582 768 2621 τὸ
797 2581 832 2619 Β
1055 2594 1080 2619 2
1111 2582 1214 2621 ἑπτὰ
1234 2581 1300 2622 καὶ
1322 2583 1451 2621 εἴκοσι
1473 2581 1538 2621 καὶ
1561 2578 1706 2621 ἑκατόν
1730 2578 1768 2616 R
1785 2579 1816 2619 S
1830 2579 1868 2618 V

191 2648 218 2685 3
246 2652 294 2676 τε
314 2648 397 2674 om.
420 2634 477 2675 Al
653 2647 677 2685 5
707 2651 876 2689 τεσσαρ.
903 2635 988 2674 CV
1153 2638 1180 2674 6
1211 2642 1347 2688 Καλχ.
1376 2635 1469 2673 RV
1597 2633 1867 2687 παρεχόντων

192 2698 265 2742 σφι
288 2690 321 2729 Ρ
335 2690 376 2729 R
389 2689 470 2730 SV
607 2691 632 2729 8
661 2692 836 2731 δυώδεκα
859 2689 899 2728 R
914 2690 943 2730 S
957 2690 995 2728 V
1132 2704 1160 2741 9
1188 2689 1373 2743 Στυριέες
1395 2690 1434 2728 R
1450 2690 1479 2729 S
1493 2689 1533 2727 V
1676 2702 1726 2728 10
1756 2691 1865 2729 Κεῖοι

189 2744 230 2783 Α
245 2745 304 2785 B:
335 2748 423 2786 Κῖοι
444 2744 534 2784 rell.
647 2747 744 2793 νῆας
773 2744 813 2783 R
829 2745 859 2785 S
874 2743 911 2782 V
1083 2758 1126 2785 11
1162 2747 1387 2792 ἐπεβώθεον
1409 2745 1448 2782 R
1465 2744 1546 2784 SV
1716 2756 1764 2781 12
1795 2742 1866 2784 οὖν

191 2799 225 2838 Ρ
239 2800 330 2840 RV
345 2799 440 2852 (S):
484 2813 565 2839 om.
602 2798 639 2837 A
653 2800 687 2839 B
703 2801 736 2839 C
907 2812 953 2849 13
996 2800 1093 2841 ὅσον
1126 2802 1176 2841 τὸ
1215 2799 1377 2839 Reiske
1396 2814 1405 2839 :
1451 2800 1548 2840 ὅσον
1578 2815 1619 2839 τι
1655 2797 1865 2838 Schaefer

190 2858 295 2903 νηῶν
317 2855 456 2912 R·SV
477 2855 541 2904 (it.
574 2855 639 2903 14)
814 2866 860 2904 15
889 2855 961 2906 μία
990 2857 1052 2896 καὶ
1084 2855 1367 2905 ἑβδομήκοντα
1396 2855 1461 2896 καὶ
1492 2853 1692 2902 διηκόσιαι
1725 2851 1863 2891 RSV

194 2911 244 2948 16
272 2911 320 2950 τὸ
339 2922 420 2949 om.
447 2908 495 2948 P1
511 2910 551 2949 R
566 2910 647 2949 SV
740 2909 886 2963 κάρτος
906 2908 945 2947 Α
959 2909 994 2948 Β
1111 2922 1158 2960 17
1190 2908 1437 2963 Εὐρυβιάδεα
1458 2908 1540 2949 SV
1560 2922 1569 2948 t
1598 2906 1798 2961 Εὐρυάδεα
1819 2905 1860 2945 R

188 2975 243 3005 20
269 2964 368 3018 γὰρ]
390 2963 432 3006 δὲ
455 2964 495 3004 R
662 2977 710 3004 21
745 2965 808 3006 ἐπὶ
829 2966 906 3015 τὴν
932 2964 971 3004 R
987 2965 1069 3004 SV
1500 2980 1502 2982 ·
