2132 3340
33 100 112 150 VI.
139 103 229 162 138

134 829 227 876 139

886 98 1309 149 HPOAOTOT

265 236 443 285 παῖδας
487 231 567 282 καὶ
610 230 794 282 τούτων
839 231 1013 282 αὐτίκα
1057 231 1230 299 ἄρχειν
1264 230 1519 302 πειρῴατο,
1558 234 1611 284 τί
1640 232 1698 297 δὴ
1740 233 1924 299 ἀνδρω-

265 314 434 369 θέντες
492 318 639 378 δῆθεν
699 312 985 378 ποιήσουσι.
1092 317 1303 367 ἐνθαῦτα
1361 314 1500 380 ἔδοξέ
1558 323 1658 384 σφι
1718 317 1926 373 κτείνειν

264 399 379 452 τοὺς
410 403 587 451 παῖδας
621 398 736 452 τοὺς
765 400 820 450 ἐκ
856 404 956 451 τῶν
992 398 1260 451 Ἀττικέων
1289 404 1549 467 γυναικῶν.
1635 404 1835 453 ποιεῦσι
1865 399 1924 464 δὴ

265 487 434 541 ταῦτα,
469 482 919 548 προσαπολλύουσι
957 482 1013 535 δέ
1053 490 1230 551 σφεων
1267 484 1345 536 καὶ
1381 486 1468 536 τὰς
1506 483 1736 551 μητέρας.
1827 482 1924 535 ἀπὸ

265 566 439 618 τούτου
469 569 522 618 δὲ
553 571 638 617 τοῦ
662 566 808 633 ἔργου
840 568 918 618 καὶ
948 572 1035 619 τοῦ
1065 566 1304 634 προτέρου
1333 568 1535 626 τούτων,
1558 567 1614 619 τὸ
1646 566 1925 634 ἐργάσαντο
1950 587 1974 631 5

265 652 315 701 αἱ
361 655 586 717 γυναῖκες
629 651 743 703 τοὺς
787 649 889 716 ἅμα
927 652 1118 702 Θόαντι
1158 651 1336 718 ἄνδρας
1378 650 1654 718 σφετέρους
1696 651 1924 702 ἀποκτεί-

267 755 430 793 νασαι,
458 735 748 799 νενόμισται
778 736 873 786 ἀνὰ
903 734 993 798 τὴν
1022 734 1248 785 Ἑλλάδα
1278 737 1339 785 τὰ
1371 734 1586 801 σχέτλια
1617 735 1737 801 ἔργα
1766 733 1927 787 πάντα

268 816 463 883 Λήμνια
494 817 781 869 καλέεσθαι.
858 820 1181 870 ἀποκτείνασι
1212 822 1265 869 δὲ
1295 823 1430 869 τοῖσι
1461 822 1784 885 Πελασγοῖσι
1813 817 1926 871 τοὺς

268 901 543 968 σφετέρους
582 902 760 955 παῖδάς
798 923 853 954 τε
901 903 980 954 καὶ
1022 906 1254 969 γυναῖκας
1294 902 1406 953 οὔτε
1445 905 1507 968 γῆ
1551 901 1739 969 καρπὸν
1778 902 1927 969 ἔφερε

266 986 378 1037 οὔτε
413 984 642 1052 γυναῖκές
683 1007 736 1037 τε
774 985 852 1037 καὶ
889 991 1092 1051 ποῖμναι
1128 987 1306 1050 ὁμοίως
1345 986 1536 1037 ἔτικτον
1579 986 1657 1037 καὶ
1694 984 1788 1050 πρὸ
1822 989 1926 1036 τοῦ.
1953 1008 2004 1036 10

267 1069 546 1134 πιεζόμενοι
576 1071 628 1121 δὲ
659 1075 787 1139 λιμῷ
821 1070 898 1120 καὶ
935 1071 1135 1141 ἀπαιδίῃ
1174 1072 1224 1122 ἐς
1258 1069 1495 1136 Δελφοὺς
1526 1069 1748 1134 ἔπεμπον
1776 1070 1927 1120 λύσιν

266 1155 377 1203 τινὰ
406 1154 726 1217 αἰτησόμενοι
755 1158 854 1204 τῶν
877 1154 1162 1219 παρεόντων
1188 1158 1364 1204 κακῶν.
1439 1153 1469 1217 ἡ
1495 1156 1549 1204 δὲ
1574 1154 1736 1217 Πυθίη
1762 1151 1927 1219 σφέας

2080 1048 2111 1064 Χ

269 1235 466 1288 ἐκέλευε
518 1236 829 1301 Ἀθηναίοισι
879 1239 1016 1290 δίκας
1070 1237 1257 1288 διδόναι
1306 1237 1486 1289 ταύτας
1537 1239 1625 1289 τὰς
1676 1235 1738 1287 ἂν
1789 1235 1927 1287 αὐτοὶ

269 1319 525 1384 Ἀθηναῖοι
548 1320 809 1372 δικάσωσι.
884 1319 1042 1384 ἦλθόν
1072 1341 1127 1372 τε
1156 1319 1215 1383 δὴ
1240 1321 1290 1373 ἐς
1320 1322 1407 1372 τὰς
1438 1318 1654 1383 Ἀθήνας
1683 1321 1729 1371 οἱ
1755 1323 1923 1370 Πελα-

271 1404 386 1470 σγοὶ
418 1405 497 1455 καὶ
527 1406 663 1456 δίκας
693 1404 1068 1470 ἐπαγγέλλοντο
1090 1404 1394 1469 βουλόμενοι
1416 1403 1605 1454 διδόναι
1629 1401 1811 1456 παντὸς
1840 1407 1928 1453 Τοῦ
1956 1423 2002 1462 15

270 1486 583 1552 ἀδικήματος.
672 1487 929 1551 Ἀθηναῖοι
965 1490 1018 1539 δὲ
1054 1488 1107 1538 ἐν
1143 1492 1210 1556 τῷ
1246 1487 1527 1555 πρυτανηίῳ
1561 1487 1734 1550 κλίνην
1766 1485 1924 1552 στρώ-

271 1592 452 1623 σαντες
490 1571 555 1625 ὡς
591 1571 730 1639 εἶχον
767 1570 1018 1622 κάλλιστα
1054 1570 1134 1622 καὶ
1169 1569 1411 1636 τράπεζαν
1450 1568 1694 1634 ἐπιπλέην
1729 1571 1927 1636 ἀγαθῶν

271 1653 471 1707 πάντων
514 1654 816 1721 παραθέντες
853 1653 1084 1706 ἐκέλευον
1124 1653 1237 1707 τοὺς
1280 1653 1582 1720 Πελασγοὺς
1628 1652 1718 1717 τὴν
1758 1653 1927 1721 χώρην

271 1740 423 1805 σφίσι
455 1740 776 1805 παραδιδόναι
806 1739 957 1791 οὕτως
982 1737 1215 1806 ἔχουσαν.
1290 1740 1336 1789 οἱ
1366 1741 1420 1789 δὲ
1445 1737 1709 1803 Πελασγοὶ
1738 1738 2042 1825 {mont-M

215 1858 217 1861 ι
269 1823 449 1886 βόντες
480 1823 639 1874 εἶπαν·
686 1822 875 1873 Ἐπεὰν
898 1821 1056 1892 βορέῃ
1079 1820 1243 1890 ἀνέμῳ
1268 1819 1541 1887 αὐτημερὸν
1572 1820 1788 1892 ἐξανύσῃ
1812 1824 1927 1884 νηῦς
1955 1815 2132 1866 mm

139 2088 233 2134 140

270 1908 324 1956 ἐκ
353 1909 440 1970 τῆς
475 1905 710 1972 ὑμετέρης
752 1908 802 1959 ἐς
838 1905 927 1969 τὴν
963 1904 1223 1971 ἡμετέρην,
1257 1906 1372 1956 τότε
1409 1905 1785 1971 παραδώσομεν,
1820 1905 1923 1955 ἐπι-

272 1988 511 2054 στάμενοι
529 1995 674 2041 τοῦτο
699 1991 824 2041 εἶναι
849 1989 1092 2040 ἀδύνατον
1116 1988 1366 2055 γενέσθαι·
1412 1989 1442 2052 ἡ
1467 1990 1563 2055 γὰρ
1585 1987 1782 2051 Ἀττικὴ
1808 1986 1928 2053 πρὸς

271 2073 418 2124 νότον
448 2079 603 2125 κεῖται
626 2073 819 2125 πολλὸν
843 2077 930 2137 τῆς
955 2071 1170 2137 Λήμνου.
1247 2073 1361 2123 τότε
1388 2074 1479 2137 μὲν
1509 2076 1745 2122 τοσαῦτα·
1792 2071 1929 2122 ἔτεσι

271 2159 324 2207 δὲ
357 2156 510 2223 κάρτα
539 2163 781 2208 πολλοῖσι
810 2158 1022 2222 ὕστερον
1057 2156 1260 2215 τούτων,
1295 2155 1360 2209 ὡς
1394 2156 1424 2220 ἡ
1457 2155 1783 2221 Χερσόνησος
1812 2154 1841 2218 ἡ
1872 2153 1928 2206 ἐν

270 2238 635 2309 Ἑλλησπόντῳ
661 2240 858 2306 ἐγένετο
880 2242 974 2291 ὑπὸ
999 2239 1326 2303 Ἀθηναίοισι,
1350 2238 1629 2302 Μιλτιάδης
1652 2239 1678 2288 ὁ
1704 2239 1930 2302 Κίμωνος
1956 2257 2002 2295 25

270 2323 511 2387 ἐτησιέων
530 2323 723 2389 ἀνέμων
748 2324 1120 2387 κατεστηκότων
1140 2322 1219 2386 νηὶ
1241 2323 1518 2375 κατανύσας
1537 2320 1597 2385 ἐξ
1611 2321 1928 2372 Ἐλαιοῦντος

324 2472 349 2509 3
386 2459 563 2501 ποιέουσι
592 2460 683 2498 ΑΒ
703 2461 736 2499 C
915 2461 964 2508 δὴ
997 2459 1054 2497 P:
1093 2476 1139 2499 τε
1170 2458 1208 2496 Α
1226 2458 1260 2496 Β
1280 2458 1339 2496 C:
1379 2457 1421 2498 δὲ
1453 2458 1482 2497 S
1515 2463 1629 2507 (post
1658 2459 1802 2505 ταῦτα)
1835 2457 1930 2496 RV

270 2515 582 2565 4o·‹ptRSV:
615 2515 755 2556 om.P
933 2513 1262 2564 5rbw>ABC
1373 2510 1927 2564 ἠργάσαντοΑΒεεὶργ.(ἶ

274 2582 295 2618 7
324 2570 404 2621 ’γὰρ
424 2571 497 2610 ἀνὰ
520 2570 612 2607 RV
781 2582 825 2607 11
859 2586 905 2608 τε
926 2570 990 2608 καὶ
1010 2568 1147 2606 Aldus
1315 2579 1364 2615 13
1394 2565 1651 2607 &sABCE
1800 2577 1848 2614 14
1878 2566 1927 2614 δὴ

271 2637 352 2661 om.
379 2623 413 2662 C
599 2635 646 2673 15
677 2627 826 2676 ἐπηγγ.
848 2623 887 2660 Α
905 2623 939 2660 Β
958 2623 991 2660 C
1010 2622 1044 2660 E
1182 2620 1419 2671 βουλόμενοι
1437 2634 1519 2659 om.
1539 2621 1572 2658 C
1705 2636 1777 2659 του
1792 2631 1871 2657 om.
1893 2619 1927 2657 E

275 2679 325 2715 16
356 2677 619 2729 στορέσαντες
645 2678 684 2715 R
700 2678 779 2717 SV
906 2679 953 2715 18
983 2676 1182 2717 παντοίων
1202 2676 1317 2715 Suid.
1340 2687 1372 2713 s.
1390 2687 1429 2715 v.
1454 2673 1625 2715 ἐπιπλέα
1734 2685 1788 2711 20
1817 2673 1928 2713 εἶπον

273 2731 308 2770 E
323 2731 362 2769 R
379 2733 408 2770 S
420 2733 459 2771 V
569 2736 662 2781 νηῦς
686 2732 854 2784 ἐξανύσῃ
877 2731 910 2769 Ρ
923 2732 959 2769 R
976 2731 1006 2770 S
1018 2731 1057 2769 V
1172 2742 1220 2767 21
1253 2733 1374 2770 τοῦτο
1395 2730 1509 2769 εἶπαν
1529 2727 1786 2777 ἐπιστάμενοι
1806 2730 1927 2767 τοῦτο

274 2786 307 2824 Ρ
322 2786 358 2823 R
377 2786 457 2825 SV
567 2800 619 2825 22
647 2785 836 2838 γενέσθαι
858 2799 939 2824 om.
959 2786 992 2823 E
1111 2797 1164 2832 23
1194 2784 1328 2824 κέεται
1346 2783 1379 2821 L
1483 2783 1604 2832 νήσου
1625 2781 1659 2819 C
1761 2783 1928 2821 τοιαῦτα.

271 2839 423 2878 ABC
652 2853 702 2888 24
744 2843 787 2880 ἐν
827 2839 1049 2878 ERSV:
1094 2837 1387 2879 e’vr'ABCP
1578 2836 1631 2874 26
1680 2834 1924 2883 ἐτησίωνΕ

273 2900 358 2934 καθ.
383 2895 417 2932 C
528 2894 757 2936 καταλύσας
782 2895 819 2933 R
833 2893 887 2934 V1
907 2910 915 2933 2
945 2893 1206 2942 καταστήσας
1229 2893 1259 2931 S
1271 2892 1325 2931 Vc
1438 2889 1671 2931 Ἐλεοῦντος
1697 2889 1731 2928 Β
1747 2890 1778 2927 Ρ
1793 2889 1830 2926 R
1845 2889 1875 2926 S
1887 2888 1926 2928 V
