2034 3328
42 82 61 96 Ο

88 74 210 142 v.2'

178 564 211 612 3

185 913 211 945 2

180 1157 214 1204 4

187 1501 210 1531 2

858 90 1287 139 HPOAOTOT

246 221 487 289 ἐχειρώθη
517 221 547 286 ἡ
573 220 834 288 Πέρινθος,
859 219 1043 286 ἤλαυνε
1073 220 1159 273 τὸν
1190 221 1405 289 στρατὸν
1436 222 1462 273 ὁ
1493 220 1800 289 Μεγάβαζος
1827 222 1907 273 διὰ

246 307 335 369 τῆς
365 306 601 372 Θρηίκης,
635 307 807 357 πᾶσαν
837 306 987 357 πόλιν
1025 307 1102 357 καὶ
1139 308 1235 357 πᾶν
1273 306 1413 360 ἔθνος
1450 311 1548 357 τῶν
1583 306 1735 376 ταύτῃ
1772 307 1904 370 οἰκη-

246 388 410 455 μένων
452 389 785 455 ἡμερούμενος
828 388 1054 456 βασιλέϊ·
1101 393 1252 440 ταῦτα
1294 389 1390 457 γάρ
1428 392 1474 441 οἱ
1520 386 1809 442 ἐνετέταλτο
1853 391 1908 441 ἐκ

251 474 482 540 Δαρείου,
517 473 742 540 Θρηίκην
774 472 1227 540 καταστρέφεσθαι.

335 558 566 624 Θρηίκων
598 559 651 608 δὲ
682 556 823 611 ἔθνος
853 555 1096 624 μέγιστόν
1128 558 1237 608 ἐστι
1265 557 1390 623 μετά
1420 579 1478 625 γε
1501 556 1686 611 Ἰνδοὺς
1709 554 1909 609 πάντων
1932 579 1955 620 5

250 640 538 708 ἀνθρώπων.
629 642 672 692 εἰ
702 642 754 692 δὲ
784 640 865 693 ὑπ’
897 640 1007 694 ἑνὸς
1045 639 1248 709 ἄρχοιτο
1278 637 1308 706 ἢ
1340 640 1546 708 φρονέοι
1581 642 1706 693 κατὰ
1734 640 1907 700 τώυτό,

249 724 445 792 ἄμαχόν
475 723 517 776 τ’
540 724 601 776 ἂν
633 726 706 789 εἵη
741 725 819 776 καὶ
848 729 1021 794 πολλῷ
1055 723 1319 791 κράτιστον
1343 724 1542 777 πάντων
1574 723 1756 777 ἐθνέων
1788 726 1910 776 κατὰ

249 809 450 876 γνώμην
468 808 556 872 τὴν
577 807 713 874 ἐμήν.
782 809 915 859 ἀλλὰ
934 810 1031 875 γὰρ
1048 812 1192 859 τοῦτο
1216 807 1403 875 ἄπορόν
1426 815 1523 876 σφι
1548 809 1626 861 καὶ
1651 805 1911 876 ἀμήχανον

249 891 315 958 μή
341 913 451 944 κοτε
482 891 758 959 ἐγγένηται·
799 892 900 944 εἰσὶ
930 891 987 955 δὴ
1015 894 1136 943 κατὰ
1166 896 1309 944 τοῦτο
1339 890 1588 946 ἀσθενέες.
1662 892 1911 957 οὐνόματα

250 976 291 1028 δ’
317 976 492 1045 ἔχουσι
514 977 684 1028 πολλὰ
704 978 827 1028 κατὰ
855 976 1021 1044 χώρας
1054 976 1273 1035 ἔκαστοι,
1300 976 1500 1042 νόμοισι
1522 978 1575 1028 δὲ
1597 975 1732 1027 οὗτοι
1754 996 1910 1043 παρα·
1938 995 1989 1025 10

250 1061 516 1124 πλησίοισι
556 1058 736 1114 πάντες
775 1058 1019 1128 χρέωνται
1060 1060 1180 1111 κατὰ
1216 1058 1393 1118 πάντα,
1431 1058 1564 1124 πλὴν
1601 1058 1792 1112 Γετέων
1833 1058 1914 1111 καὶ

250 1147 495 1210 Τραυσῶν
526 1144 605 1195 καὶ
635 1148 734 1195 τῶν
759 1144 1027 1210 κατύπερθε
1053 1145 1418 1210 Κρηστωναίων
1446 1144 1724 1196 οἰκεόντων.
1798 1143 1910 1196 τού-

251 1249 350 1280 των
380 1229 432 1279 δὲ
462 1229 524 1279 τὰ
558 1229 649 1292 μὲν
679 1226 827 1279 Γέται
855 1229 902 1279 οἱ
932 1228 1307 1292 ἀθανατίζοντες
1342 1231 1553 1286 ποιεῦσι,
1588 1226 1781 1294 εἴρηταί
1809 1244 1927 1292 μοι·ί

251 1312 472 1378 Τραυσοὶ
509 1314 562 1363 δὲ
594 1313 655 1363 τᾶ
694 1314 786 1377 μὲν
821 1310 956 1363 ἄλλα
992 1310 1154 1363 πάντα
1194 1313 1315 1363 κατὰ
1351 1310 1501 1362 ταύτὰ
1537 1316 1671 1363 τοῖσι
1706 1309 1912 1363 ἄλλοισι

255 1394 437 1462 Θρήιξι
472 1393 800 1454 ἐπιτελέουσι,
835 1398 958 1447 κατὰ
993 1397 1046 1447 δὲ
1076 1394 1163 1447 τὸν
1192 1396 1454 1462 γινόμενον
1485 1396 1639 1463 σφίσι
1672 1396 1751 1447 καὶ
1786 1395 1908 1448 ἆπο-
1938 1413 1988 1455 15

253 1479 517 1548 γινόμενον
556 1484 754 1532 ποιεῦσι
796 1478 976 1532 τοιάδε·
1021 1478 1109 1531 τὸν
1147 1481 1239 1544 μὲν
1279 1479 1547 1545 γενόμενον
1584 1478 1911 1545 περιιζόμενοι

252 1566 299 1617 οἱ
343 1562 678 1631 προσήκοντες
724 1563 1071 1630 ὀλοφύρονται,
1118 1564 1216 1614 ὅσα
1261 1583 1346 1628 μιν
1389 1566 1465 1615 δεῖ
1506 1564 1669 1615 ἐπείτε
1713 1560 1912 1630 ἐγένετο

254 1649 543 1713 ἀναπλῆσαι
580 1645 719 1708 κακά,
757 1647 1082 1715 ἀνηγεόμενοι
1115 1649 1177 1698 τὰ
1213 1645 1498 1714 ἀνθρωπήια
1537 1646 1699 1699 πάντα
1732 1644 1909 1705 πάθεα,

253 1731 340 1784 τὸν
364 1730 407 1782 δ’
432 1731 803 1798 ἀπογενόμενον
822 1729 1081 1795 παίζοντές
1102 1751 1157 1782 τε
1182 1730 1259 1782 καὶ
1283 1730 1513 1796 ἡδόμενοι
1535 1737 1600 1803 γῇ
1624 1729 1910 1797 κρύπτουσι,

255 1814 573 1882 ἐπιλέγοντες
595 1816 731 1867 ὅσων
755 1819 914 1867 κακῶν
940 1813 1340 1882 ἐξαπαλλαχθείς
1371 1816 1481 1866 ἐστι
1512 1816 1566 1867 ἐν
1587 1812 1726 1885 πάσῃ
1749 1813 1909 1866 εὖδαι-
1938 1829 1992 1859 20

188 1918 221 1969 5
254 1900 416 1971 μονίῃ.
489 1901 536 1951 οἱ
566 1901 619 1951 δὲ
651 1894 924 1966 κατύπερθε
955 1899 1322 1965 Κρηστωναίων
1353 1902 1551 1951 ποιεῦσι
1579 1896 1760 1950 τοιάδε·
1806 1897 1915 1965 ἔχει

255 1987 488 2051 γυναῖκας
531 1982 740 2036 ἕκαστος
783 1981 994 2037 πολλάς·
1040 1983 1192 2036 ἐπεὰν
1234 1979 1305 2034 ὧν
1347 2003 1421 2035 τις
1465 1981 1626 2034 αὐτῶν
1670 1979 1911 2053 ἀποθάνῃ,

257 2068 417 2133 κρίσις
461 2068 651 2134 γίνεται
694 2065 889 2135 μεγάλη
934 2069 1031 2118 τῶν
1074 2071 1319 2134 γυναικῶν
1366 2067 1445 2118 καὶ
1489 2067 1655 2132 φίλων
1699 2064 1919 2139 σπουδαὶ-

258 2151 458 2219 ἰσχυραὶ
488 2151 598 2217 περὶ
627 2154 784 2210 τοῦδε,
816 2150 923 2215 ἥτις
957 2149 1145 2202 αὐτέων
1175 2147 1407 2218 ἐφιλέετο
1439 2148 1662 2214 μάλιστα
1693 2146 1792 2201 ὑπὸ
1821 2151 1913 2199 τοῦ

258 2235 449 2302 ἀνδρός·
494 2232 525 2299 ἢ
566 2233 609 2285 δ’
646 2232 707 2286 ἂν
748 2237 889 2307 κριθῇ
928 2234 1008 2286 καὶ
1046 2237 1244 2307 τιμηθῇ,
1288 2235 1690 2300 ἐγκωμιασθεῖσα
1725 2231 1824 2284 ὑπό
1857 2252 1914 2283 τε
1939 2249 1991 2294 25

257 2319 448 2386 ἀνδρῶν
470 2318 549 2370 καὶ
572 2323 817 2385 γυναικῶν
842 2316 1087 2386 σφάζεται
1118 2319 1168 2371 ἐς
1197 2316 1284 2370 τὸν
1306 2316 1469 2384 τάφον
1489 2315 1585 2368 ὑπὸ
1607 2319 1695 2367 τοῦ
1725 2317 1909 2380 οἰκηιο-

314 2467 333 2495 1
366 2457 541 2508 ἐπεχειρ.
575 2453 610 2493 C
719 2453 746 2502 ἦ
773 2466 854 2493 om.
889 2453 1025 2493 ABC
1138 2460 1242 2505 Μεγ.
1273 2454 1312 2505 (ὁ
1339 2451 1446 2503 om.)
1476 2453 1549 2494 τὸν
1573 2453 1749 2506 στρατὸν
1773 2451 1911 2492 ABC

257 2523 284 2560 3
314 2508 537 2551 ἐντέταλτο
559 2507 635 2547 PS
651 2508 690 2547 V
705 2507 745 2547 U
868 2519 893 2557 5
921 2524 972 2560 ’γε
992 2520 1074 2548 om.
1098 2507 1138 2546 A
1153 2507 1236 2546 BC
1354 2508 1383 2545 6
1412 2507 1477 2559 ὑφ’
1497 2506 1585 2546 ΑΒ
1600 2507 1633 2547 C
1716 2507 1912 2561 ἆρχοίατο

259 2565 340 2606 SV
354 2564 393 2603 U
505 2562 633 2604 ταυτό
647 2562 683 2602 C
821 2575 849 2612 9
880 2561 924 2603 ἓν
941 2562 1110 2614 ’γένηται
1126 2561 1167 2600 Α
1183 2562 1218 2600 Β
1233 2560 1268 2601 C
1379 2561 1447 2613 δὴ]
1467 2560 1512 2602 δὲ
1527 2561 1562 2601 C
1703 2574 1754 2601 10
1773 2563 1913 2603 πολλὰ

260 2620 404 2671 ἔχουσι
425 2617 460 2656 Ρ
473 2617 503 2657 S
516 2617 555 2656 V
568 2617 608 2656 U
733 2628 778 2655 11
811 2617 876 2658 καὶ
897 2618 950 2658 τὰ
970 2616 1051 2656 SV
1132 2615 1265 2658 πάντα
1285 2615 1383 2657 εἶναι
1405 2616 1436 2655 S
1449 2615 1487 2655 V
1500 2615 1540 2655 U
1679 2628 1726 2654 12
1751 2613 1816 2668 (et
1836 2616 1910 2667 21)

261 2672 533 2728 Κρηστωνέων
550 2671 590 2710 Α
604 2671 638 2710 Β
652 2671 687 2711 C
701 2671 735 2710 P
887 2670 1036 2712 ἐόντων
1058 2670 1087 2710 S
1099 2670 1138 2710 V
1151 2671 1186 2710 U
1409 2683 1459 2720 14
1489 2671 1652 2712 ἄλλοισι
1671 2683 1752 2711 om.
1775 2670 1806 2710 S
1818 2670 1856 2709 V
1868 2669 1909 2710 U

263 2740 313 2777 15
342 2728 390 2768 τὸ
411 2726 452 2767 U
557 2727 674 2779 σφίσι
694 2726 735 2765 Α
749 2725 783 2764 Β
799 2725 833 2764 C
855 2725 970 2765 Stob.
992 2726 1079 2766 flor.
1105 2737 1193 2775 120,
1216 2737 1297 2775 33:
1326 2734 1400 2778 σφι
1420 2724 1510 2765 rell.
1654 2727 1703 2763 16
1731 2725 1911 2766 ποιέουσι

262 2783 294 2823 S
305 2782 344 2821 V
356 2781 395 2821 U
614 2781 712 2822 τάδε
733 2779 763 2819 S
775 2780 814 2819 V
826 2779 866 2819 U
1032 2781 1080 2820 τὸ
1098 2780 1138 2819 V
1150 2779 1190 2818 U
1345 2778 1560 2832 γινόμενον
1579 2777 1615 2817 Β
1630 2777 1662 2818 S
1673 2778 1712 2818 V
1725 2778 1765 2817 U
1788 2777 1907 2820 Stob.

264 2838 314 2876 18
342 2837 465 2888 ἆπηγ.
489 2835 661 2874 Bekker
768 2833 896 2876 πάθεα
915 2833 1048 2876 πάντα
1068 2833 1200 2873 SVU
1368 2846 1418 2883 19
1446 2834 1605 2886 ἄπογιν.
1629 2831 1711 2874 SV
1725 2832 1764 2872 U
1785 2833 1905 2873 Stob.

261 2903 318 2930 20
345 2890 667 2942 ἐξαλλαπαχθείς
688 2889 718 2930 S
730 2889 768 2929 V
782 2888 822 2928 U
931 2892 1030 2930 πᾶσι
1049 2887 1089 2926 Α
1207 2901 1256 2926 21
1289 2886 1386 2929 τάδε
1407 2887 1441 2926 Ρ
1454 2888 1485 2929 S
1497 2887 1537 2927 V
1551 2887 1590 2927 U
1701 2899 1752 2926 22
1781 2889 1911 2930 αὐτῶν

264 2945 324 2985 P:
353 2944 505 2987 αὐτέων
522 2944 614 2985 rell.
779 2944 833 2983 26
861 2943 1000 2985 οἴκειο·
1022 2941 1154 2983 SVU
1173 2955 1184 2982 ι
1213 2944 1364 2991 οἶκηιω·
1386 2939 1422 2982 Ρ
