2144 3328
742 55 1119 105 ΙΣΤΟΡΙΩΝ
1176 59 1216 107 Ζ
1858 65 2031 129 V1·7s

150 186 304 235 ταῦτα
335 182 414 235 καὶ
445 182 906 252 παραφρονήσαντα
936 186 1124 251 ἔδησαν
1155 189 1202 240 οἱ
1234 186 1568 255 προσήκοντες
1591 191 1645 243 ἐν
1668 190 1816 262 ξύλῳ·
1848 188 2040 241 sl'bdw·

150 267 179 318 ὃ
208 269 263 320 δὲ
292 267 452 323 δεθεὶς
481 267 570 322 τὸν
595 268 823 337 φύλακον
843 270 1163 337 μουνωθέντα
1194 273 1311 325 ἰδὼν
1340 277 1438 326 τῶν
1468 273 1640 328 ἄλλων
1663 274 1817 329 αἰτέει

148 351 418 420 μάχαιραν·
465 352 522 405 οὐ
550 353 864 420 βουλομένου
886 357 940 408 δὲ
964 358 1024 408 τὰ
1048 361 1218 425 πρῶτα
1236 353 1342 424 [τοῦ
1366 355 1609 426 φυλάκου]
1627 360 1815 413 διδόναι

149 435 355 490 ἀπείλεε
383 435 446 490 τά
483 459 569 504 μιν
608 438 776 494 λυθεὶς
812 437 1029 505 ποιήσει,
1063 443 1114 495 ἐς
1150 439 1177 492 ὃ
1214 443 1385 495 δείσας
1419 445 1507 496 τὰς
1543 443 1752 498 ἀπειλὰς
1789 445 1816 495 ὁ

102 541 126 584 5
150 521 375 590 φύλακος
418 519 499 587 (ἤν
545 524 640 591 γὰρ
687 528 786 576 τῶν
832 545 906 579 τις
957 522 1222 589 εἱλωτέων)
1270 529 1398 578 διδοῖ
1445 529 1492 579 οἱ
1543 527 1811 597 μάχαιραν.

148 603 439 672 Κλεομένης
496 609 551 660 δὲ
607 609 921 675 παραλαβὼν
979 609 1066 661 τὸν
1119 610 1325 676 σίδηρον
1375 609 1559 679 ἄρχετο
1611 613 1665 663 ἐκ
1716 618 1815 666 τῶν
1852 630 1878 673 3

149 687 373 757 κνημέων
418 690 602 745 ἑωυτὸν
639 693 990 759 λωβώμενος·,
1024 693 1307 759 ἐπιτάμνων
1347 696 1442 761 γὰρ
1492 697 1614 747 κατὰ
1662 699 1816 761 μῆκος

148 766 236 829 τὰς
266 774 455 844 σάρκας
491 773 764 844 προέβαινε
805 779 859 830 ἐκ
899 782 999 830 τῶν
1031 776 1254 845 κνημέων
1286 780 1336 832 ἐς
1375 778 1488 833 τοὺς
1526 781 1726 846 μηρούς,
1761 783 1815 832 ἐκ

149 861 204 913 δὲ
233 864 331 914 τῶν
359 866 530 929 μηρῶν
562 861 613 917 ἔς
643 883 697 915 τε
727 862 790 914 τὰ
820 862 966 931 ἰσχία
996 862 1076 914 καὶ
1106 865 1194 918 τὰς
1222 862 1466 929 λαπάρας,
1501 865 1552 917 ἐς
1583 863 1610 915 ὃ
1642 866 1692 919 ἐς
1722 863 1813 929 τὴν

75 962 126 993 10
148 941 373 1012 γαστέρα
403 946 607 999 ἀπίκετο
649 946 730 999 καὶ
767 946 950 1012 ταύτην
982 948 1358 1015 καταχορδεύων
1396 945 1613 1001 ἀπέθανε
1647 949 1812 1018 τρόπῳ
1941 953 1949 960 ’
2040 964 2109 992 w*

147 1029 369 1101 τοιούτῳ,
416 1029 482 1085 ὣς
527 1033 621 1097 μὲν
667 1032 715 1084 οἱ
765 1031 950 1084 πολλοὶ
999 1030 1210 1098 λέγουσι
1261 1030 1543 1096 Ἑλλήνων,
1596 1033 1672 1084 ὅτι
1723 1031 1812 1097 τὴν

148 1115 342 1178 Πυθίην
386 1114 645 1183 ἀνέγνωσε
688 1116 750 1167 τὰ
800 1115 913 1182 περὶ
959 1114 1258 1181 Δημαρήτου
1300 1112 1582 1183 [γενόμενα]
1623 1115 1811 1184 λέγειν,

147 1198 214 1253 ὡς
233 1200 287 1252 δὲ
306 1198 564 1264 Ἀθηναῖοι
584 1195 794 1267 [μοῦνοι]
816 1197 1042 1267 λέγουσι,
1064 1199 1190 1252 διότι
1215 1202 1266 1254 ἐς
1283 1199 1555 1253 Ἐλευσῖνα
1573 1201 1812 1267 ἐσβαλὼν

145 1282 306 1351 ἔκειρε
342 1283 401 1336 τὸ
445 1283 648 1350 τέμενος
689 1289 789 1336 τῶν
833 1286 975 1344 θεῶν,
1020 1283 1085 1338 ὣς
1129 1287 1183 1337 δὲ
1222 1282 1456 1352 Ἀργεῖοι,
1489 1285 1566 1336 ὅτι
1612 1282 1670 1349 ἐξ
1710 1287 1814 1352 ἱροῦ

71 1383 120 1428 15
145 1368 308 1421 αὐτῶν
331 1373 418 1421 τοῦ
431 1368 624 1437 Ἀργου
644 1368 887 1437 Ἀργείων
917 1369 1032 1423 τοὺς
1063 1370 1440 1437 καταφυγόντας
1465 1371 1518 1421 ἐκ
1539 1372 1627 1434 τῆς
1647 1367 1812 1438 μάχης

147 1452 455 1521 καταγινέων
482 1452 753 1528 κατέκοπτε
784 1452 863 1505 καὶ
902 1452 1022 1506 αὐτὸ
1064 1452 1121 1505 τὸ
1161 1452 1322 1507 ἄλσος
1363 1454 1416 1506 ἐν
1457 1455 1637 1526 ἀλογίῃ
1680 1453 1811 1522 ἔχων

145 1537 409 1605 ἐνέπρησε.
464 1537 738 1608 Κλεομένεϊ
755 1540 852 1606 γὰρ
870 1536 1213 1607 μαντευομένῳ
1235 1539 1288 1590 ἐν
1309 1541 1566 1605 Δελφοῖσι
1584 1535 1808 1605 ἐχρήσθη
1847 1543 1916 1602 76

137 1620 326 1690 Ἀργος
355 1621 597 1690 αἱρήσειν.
686 1622 854 1676 ἐπείτε
888 1624 943 1675 δὲ
978 1620 1291 1690 Σπαρτιήτας
1326 1621 1464 1689 ἄγων
1493 1621 1696 1674 ἀπίκετο
1727 1621 1808 1673 ἐπὶ

144 1705 369 1772 ποταμὸν
408 1706 696 1775 Ἐρασῖνον,
737 1705 792 1761 ὃς
830 1705 1036 1774 λέγεται
1073 1705 1205 1772 ῥέειν
1245 1708 1298 1758 ἐκ
1334 1709 1421 1771 τῆς
1458 1706 1809 1773 Στυμφηλίδος

67 1810 122 1839 20
141 1791 324 1856 λίμνης
350 1787 461 1857 (τὴν
488 1793 584 1859 γὰρ
613 1790 672 1856 δὴ
717 1791 898 1857 λίμνην
926 1789 1110 1854 ταύτην
1148 1792 1199 1845 ἐς
1231 1789 1408 1859 χάσμα
1447 1791 1636 1858 ἀφανὲς
1677 1791 1803 1842 ἐκδι-

142 1878 328 1927 δοῦσαν
368 1875 742 1944 ἀναφαίνεσθαι
788 1875 844 1929 ἐν
875 1873 1070 1943 Ἀργεϊ,
1112 1874 1171 1927 τὸ
1211 1875 1436 1928 ἐνθεῦτεν
1479 1876 1534 1927 δὲ
1577 1873 1635 1926 τὸ
1678 1874 1806 1941 ὕδωρ

139 1957 232 2024 ἤδη
273 1964 417 2025 τοῦτο
445 1959 529 2012 ὑπ’
565 1958 807 2028 Ἀργείων
849 1957 1119 2027 Ἐρασῖνον
1160 1956 1464 2022 καλέεσθαι),
1508 1959 1805 2024 ἀπικόμενος

120 2041 208 2095 ὢν
239 2044 265 2095 ὁ
297 2041 585 2111 Κλεομένης
615 2044 697 2097 ἐπὶ
726 2042 815 2096 τὸν
845 2035 1069 2110 ποταμὸν
1098 2047 1273 2096 τοῦτον
1296 2044 1435 2111 ἐσφα
1473 2040 1632 2126 ι’έετο
1656 2043 1716 2094 αὐ
1748 2047 1879 2141 (ἵκω
2080 2100 2144 2130 m

141 2128 221 2180 καὶ
252 2127 307 2180 οὐ
337 2130 433 2196 γὰρ
463 2126 751 2198 ἐκαλ-λιέρεε
775 2128 1000 2194 οὐδαμῶς
1028 2128 1308 2195 διαβαίνειν
1336 2148 1439 2193 μιν,
1464 2148 1600 2194 aya-cr
1633 2147 1684 2177 αι
1712 2129 1803 2191 μὲν
1840 2146 1866 2177 2
1892 2130 2144 2204 fem-uad

66 2231 114 2273 25
139 2211 238 2279 ἔφη
269 2217 355 2265 τοῦ
380 2212 650 2280 Ἐρασίνου
679 2212 737 2264 οὐ
769 2205 1088 2279 προδιδόντος
1118 2211 1233 2266 τοὺς
1263 2209 1521 2276 πολιήτας,
1546 2210 1802 2278 Ἀργείους

135 2295 307 2362 μέντοι
337 2297 439 2349 οὐδ’
471 2297 536 2351 ὣς
571 2295 854 2365 χαιρήσειν.
940 2297 1066 2362 μετὰ
1102 2298 1155 2349 δὲ
1189 2291 1380 2363 [ταῦτα]
1417 2294 1802 2363 ἐξαναχωρήσας

193 2449 217 2475 2
247 2438 354 2478 αἴτεε
378 2434 411 2475 Ρ
426 2434 466 2474 R
481 2433 564 2476 SV
713 2447 740 2485 3
769 2434 840 2486 τὰ]
862 2437 935 2475 τοῦ
957 2433 1048 2473 RV
1159 2435 1232 2474 τοῦ
1251 2432 1433 2485 φυλάκου
1455 2431 1518 2483 (in
1543 2432 1583 2471 A
1597 2432 1631 2471 B
1646 2432 1680 2472 C
1699 2438 1801 2471 ante

137 2492 190 2532 τὰ
217 2490 375 2541 posita)
407 2490 489 2530 del.
525 2487 787 2540 Kallenberg
975 2502 1001 2537 4
1039 2488 1171 2529 λυθεὶς
1202 2486 1286 2527 B²:
1325 2488 1436 2530 αὖτις
1468 2488 1525 2527 P:
1570 2488 1678 2529 αὖθις
1707 2486 1798 2526 rell.

137 2545 297 2595 ποιήσει
336 2544 755 2596 Schweighaeuser:
802 2543 1049 2596 ποιήσειε(ν)
1090 2542 1125 2581 L
1370 2553 1396 2592 5
1445 2545 1481 2583 οἱ
1520 2554 1605 2582 om.
1646 2542 1683 2580 A
1706 2541 1741 2580 B
1767 2541 1801 2580 C

139 2613 162 2650 7
207 2602 341 2642 ἑωυτῶ
376 2600 512 2639 RSV
694 2599 721 2638 8
763 2597 978 2651 προύβαινε
1012 2596 1152 2636 ABC
1343 2610 1370 2647 9
1411 2614 1459 2638 τε
1494 2609 1576 2637 om.
1615 2595 1802 2635 PRSV

142 2667 187 2694 11
219 2654 323 2696 διότι
344 2656 382 2694 R
399 2655 482 2694 SV
695 2666 743 2692 12
774 2652 928 2706 ἀνέγνω
950 2656 998 2694 ἐσ
1020 2652 1059 2691 R
1076 2651 1180 2692 SV:
1210 2649 1365 2704 ἀνέγνω
1389 2652 1422 2690 Ρ
1559 2650 1802 2704 Δημάρητον

139 2709 173 2748 Ρ
194 2709 234 2748 R
256 2709 287 2750 S
306 2710 346 2749 V
507 2708 708 2762 ’γενόμενα
750 2710 867 2761 (post
905 2707 1047 2760 λέγειν
1084 2707 1123 2745 Α
1145 2706 1179 2745 Β
1203 2707 1237 2746 C
1279 2705 1424 2758 [γιν.])
1466 2706 1547 2745 del.
1588 2706 1800 2756 Gomperz

142 2777 191 2814 13
224 2768 362 2816 μοῦνοι
391 2778 472 2804 om.
503 2764 592 2802 AB
612 2763 645 2802 C
812 2765 853 2804 ἐς
883 2775 963 2801 om.
999 2762 1038 2800 R
1264 2763 1314 2799 16
1347 2761 1488 2815 ἀπορίη
1518 2762 1633 2813 σχὼν
1664 2759 1802 2798 RSV

141 2820 192 2858 18
220 2821 268 2870 δὴ
288 2819 377 2859 ΑΒ
392 2820 426 2859 C
591 2832 640 2870 19
669 2818 953 2870 Στυμφαλίδος
971 2816 1011 2855 Α
1026 2817 1061 2855 Β
1084 2816 1218 2869 (τυμ->
1242 2815 1275 2855 C
1291 2815 1324 2855 Ρ
1343 2830 1352 2855 2
1382 2816 1644 2868 Στυμφηλίης
1667 2815 1704 2852 R
1721 2813 1800 2853 SV

137 2886 188 2914 21
221 2873 264 2915 δὲ
286 2877 470 2916 ἐνθεῦτεν
489 2873 534 2916 δὲ
557 2874 597 2912 R
791 2885 843 2923 23
875 2873 908 2913 δ’
922 2871 978 2914 ὧν
996 2871 1036 2911 Α
1051 2872 1086 2910 Β
1101 2872 1135 2911 C
1342 2872 1396 2909 26
1424 2873 1553 2912 ταῦτα
1572 2869 1614 2911 δὲ
1638 2870 1676 2909 R
1691 2869 1721 2908 S
1734 2869 1771 2907 V
1789 2882 1799 2907 :

136 2930 266 2970 ταῦτα
285 2928 368 2970 del.
393 2928 666 2970 Herwerden
1473 2965 1478 2968 .
