2132 3340
70 49 207 103 VIII.
236 68 305 102 111
962 50 1390 100 HPOAOTOT

335 179 606 246 “Ελληνες,
650 182 812 234 ἐπείτε
853 187 951 247 σφι
987 179 1200 245 ἀπέδοξε
1235 179 1350 246 μήτ’
1385 181 1663 234 ἐπιδιώκειν
1703 183 1776 235 ἔτι
1812 202 2008 250 προσω-
2068 236 2070 239 ,

347 265 472 332 τέρω
504 270 602 317 τῶν
639 263 919 333 βαρβάρων
950 267 1038 318 τὰς
1075 264 1188 318 νέας
1223 264 1347 331 μήτε
1378 265 1551 319 πλέειν
1586 268 1637 320 ἐς
1667 266 1753 319 τὸν
1782 265 2007 332 Ἑλλήσ-

348 371 532 401 ποντον
591 345 867 403 λύσοντας
902 348 989 401 τὸν
1049 349 1221 416 πόρον,
1276 349 1367 414 τὴν
1411 348 1631 417 Ἀνδρον
1688 350 2010 418 περικατέατο

279 453 304 484 2
343 432 535 498 ἐξελεῖν
573 432 848 488 ἐθέλοντες.
938 438 1125 500 πρῶτοι
1160 436 1255 501 γὰρ
1283 433 1511 500 ’Ἄνδριοι
1548 433 1836 499 νησιωτέων
1871 436 2008 500 αἰτη-

342 517 511 572 θέντες
541 518 663 586 πρὸς
696 517 1074 584 Θεμιστοκλέος
1104 517 1335 587 χρήματα
1364 518 1450 570 οὐκ
1481 520 1679 579 ἔδοσαν,
1706 521 1839 571 ἀλλὰ
1868 527 2007 586 προϊ-
2033 544 2056 584 5

342 602 595 671 σχομένου
634 602 1014 669 Θεμιστοκλέος
1050 603 1208 670 λόγον
1254 604 1415 663 τόνδε,
1455 603 1519 658 ὡς
1554 603 1721 668 ἥκοιεν
1755 602 2011 668 Ἀθηναῖοι

341 689 453 755 περὶ
498 687 708 741 ἑωυτοὺς
754 687 958 756 ἔχοντες
989 687 1074 739 δύο
1122 687 1263 742 θεοὺς
1306 686 1572 755 μεγάλους,
1618 688 1785 740 Πειθώ
1829 708 1885 740 τε
1929 687 2010 740 καὶ

340 771 657 839 Ἀναγκαίην,
691 773 817 824 οὕτω
851 771 907 824 τέ
944 779 1041 839 σφι
1079 771 1231 838 κάρτα
1267 771 1413 824 δοτέα
1450 772 1576 824 εἶναι
1612 770 1857 840 χρήματα,
1889 773 2006 825 ὑπε-

340 856 569 924 κρίναντο
606 861 726 924 πρός
758 862 912 908 ταῦτα
940 856 1178 924 λέγοντες
1210 856 1274 910 ὡς
1313 858 1437 909 κατὰ
1471 857 1627 924 λόγον
1657 855 1790 920 ἦσαν
1826 855 1920 923 ἄρα
1958 858 2008 908 αἱ

338 941 547 1006 Ἀθῆναι
580 941 796 1009 μεγάλαι
828 963 883 994 τε
921 941 1001 992 καὶ
1039 941 1341 1006 εὐδαίμονες,
1372 936 1469 1007 <αἳ>
1503 941 1581 992 καὶ
1618 944 1744 994 θεῶν
1774 945 2007 1008 χρηστῶν
2033 965 2083 994 ιο

273 1049 299 1092 3
338 1025 505 1090 ἥκοιεν
535 1026 603 1078 εὖ·
653 1027 760 1078 ἐπεὶ
790 1025 1047 1092 Ἀνδρίους
1076 1047 1135 1092 γε
1166 1025 1292 1077 εἶναι
1320 1026 1593 1093 γεωπείνας
1625 1027 1674 1079 ἐς
1703 1026 1764 1077 τὰ
1792 1023 2007 1092 μέγιστα
2076 1083 2087 1087 ,
2125 1024 2129 1028 ’

337 1108 624 1174 ἀνήκοντας,
661 1111 739 1162 καὶ
781 1110 921 1163 θεοὺς
963 1110 1049 1161 δύο
1091 1108 1372 1178 ἀχρήστους
1414 1110 1500 1161 οὐκ
1542 1110 1789 1162 ἐκλείπειν
1828 1107 2006 1177 σφέων

336 1193 427 1258 τὴν
463 1198 621 1260 νῆσον
643 1194 757 1246 ἀλλ’
786 1195 880 1246 αἰεὶ
907 1193 1258 1262 φιλοχωρέειν,
1286 1194 1473 1259 Πενίην
1495 1215 1550 1246 τε
1575 1193 1654 1245 καὶ
1677 1193 2001 1262 Ἀμηχανίην,

339 1279 419 1330 καὶ
449 1279 634 1330 τούτων
665 1285 763 1331 τῶν
787 1283 913 1330 θεῶν
941 1280 1232 1344 ἐπηβόλους
1256 1279 1429 1332 ἐόντας
1458 1278 1714 1346 Ἀνδρίους
1743 1278 1800 1329 οὐ
1823 1277 2004 1330 δώσειν

335 1361 582 1431 χρήματα·
627 1362 854 1415 οὐδέκοτε
878 1365 972 1430 γὰρ
997 1359 1102 1430 (ἂν)
1122 1366 1208 1428 τῆς
1233 1366 1428 1415 ἑωυτῶν
1452 1364 1718 1428 ἀδυναμίης
1742 1361 1832 1427 τὴν
1853 1361 2002 1427 Ἀθη·
2030 1388 2077 1429 15

337 1449 488 1500 ναίων
506 1448 712 1513 δύναμιν
722 1448 847 1500 εἶναι
859 1446 1075 1515 κρέσσω.
1110 1448 1246 1499 οὗτοι
1263 1450 1355 1512 μὲν
1375 1447 1432 1512 δὴ
1452 1451 1605 1499 ταῦτα
1625 1446 2004 1514 ὑποκρινάμενοι

221 1547 300 1583 112
338 1532 417 1584 καὶ
440 1532 497 1583 οὐ
521 1533 691 1587 δόντες
721 1531 952 1601 χρήματα
975 1531 1370 1599 ἐπολιορκέοντο.
1447 1531 1826 1598 Θεμιστοκλέης
1848 1530 1919 1590 δέ,
1946 1531 2003 1582 οὐ

335 1619 430 1684 γὰρ
467 1617 675 1670 ἐπαύετο
713 1615 1071 1676 πλεονεκτέων,
1107 1616 1378 1682 ἐσπέμπων
1415 1618 1465 1671 ἐς
1501 1617 1589 1670 τὰς
1623 1615 1784 1671 ἄλλας
1818 1614 2002 1681 νήσους

335 1702 715 1769 ἀπειλητηρίους
738 1702 922 1768 λόγους
946 1703 1078 1754 αἵτεε
1102 1701 1333 1770 χρήματα
1363 1703 1442 1753 διὰ
1464 1706 1562 1753 τῶν
1583 1701 1741 1753 αὐτῶν
1770 1699 2002 1769 ἀγγέλων

334 1782 651 1854 [χρεώμενος]
680 1791 814 1838 τοῖσι
848 1786 925 1838 καὶ
956 1785 1078 1852 πρὸς
1110 1785 1336 1851 βασιλέα
1366 1785 1634 1855 ἐχρήσατο,
1667 1784 1830 1853 λέγων
1862 1785 1927 1840 ὡς
1957 1787 2001 1838 εἰ
2026 1809 2076 1838 20

333 1870 398 1935 μὴ
440 1871 662 1923 δώσουσι
698 1870 753 1922 τὸ
795 1871 1096 1936 αἰτεόμενον,
1136 1868 1307 1934 ἐπάξει
1341 1870 1431 1935 τὴν
1468 1869 1709 1938 στρατιὴν
1744 1875 1843 1922 τῶν
1878 1868 1997 1922 Ἑλ-

270 1975 297 2007 2
334 1953 502 2019 λήνων
540 1955 618 2007 καὶ
655 1954 963 2022 πολιορκέων
1007 1953 1276 2022 ἐξαιρήσει.
1365 1954 1533 2022 λέγων
1566 1959 1720 2007 ταῦτα
1759 1952 1999 2022 συνέλεγε

332 2038 563 2107 χρήματα
590 2039 787 2107 μεγάλα
817 2041 951 2107 παρὰ
984 2041 1278 2107 Καρυστίων
1300 2061 1355 2092 τε
1385 2041 1466 2092 καὶ
1489 2040 1709 2106 Παρίων,
1737 2039 1783 2092 οἳ
1811 2042 1995 2092 πυνθα-

333 2125 531 2189 νόμενοι
566 2123 655 2189 τήν
693 2146 748 2176 τε
774 2123 993 2191 ’Ἀνδρον
1031 2125 1097 2178 ὡς
1132 2123 1473 2191 πολιορκέοιτο
1510 2125 1636 2176 διότι
1664 2122 1884 2189 ἐμήδισε,
1920 2122 1998 2175 καὶ

0 2223 308 2300 [ων-ωεστ
328 2207 689 2273 ’Θεμιστοκλέα
719 2208 783 2262 ὡς
821 2210 893 2273 ε’ίη
934 2211 988 2261 ἐν
1023 2210 1135 2282 αἴνῃ
1177 2210 1392 2286 μεγίστη
1423 2214 1522 2261 τῶν
1554 2212 1862 2275 στρατηγῶν,
1896 2209 1994 2260 δεί-
2023 2231 2070 2273 25

0 2275 516 2397 {Jssg‘wfffravres
544 2298 698 2345 ταῦτα
735 2294 957 2359 ἔπεμπον
994 2292 1239 2362 χρήματα.
1329 2295 1372 2346 εἰ
1404 2295 1457 2345 δὲ
1488 2291 1547 2358 δή
1576 2314 1706 2346 τινες
1739 2291 1818 2353 καὶ
1846 2291 1996 2344 ἄλλοι

210 2378 295 2418 ⁶⁹²⁴
386 2445 410 2471 2
442 2434 541 2480 νῆας
557 2431 653 2481 μήτ’
679 2433 899 2472 ἐπιπλώειν
924 2431 962 2469 R
980 2431 1061 2471 SV
1190 2444 1216 2481 3
1245 2431 1533 2484 περιεκατέατο
1555 2431 1588 2469 C
1604 2430 1637 2469 P
1766 2443 1791 2479 4
1823 2428 1996 2482 ἐξελέειν

333 2486 476 2525 RSV
639 2497 665 2535 5
708 2487 925 2539 χρήματα.
946 2517 955 2526 .
974 2517 983 2527 .
1002 2493 1170 2538 Θεμιστ.
1214 2499 1298 2527 om.
1339 2486 1379 2524 R
1543 2487 1571 2524 6
1609 2484 1844 2537 τὸνλόγον
1876 2484 1995 2526 τόνδε

326 2541 372 2593 vR
395 2540 426 2580 S
446 2541 486 2579 V
652 2553 674 2590 7
715 2540 900 2594 μεγάλας
942 2540 1157 2580 Richards
1322 2554 1349 2591 9
1377 2539 1474 2581 τάδε
1515 2541 1555 2579 R
1577 2540 1608 2579 S
1628 2539 1666 2578 V
1777 2540 1850 2592 ἆρα
1889 2538 1995 2587 ἦσαν

332 2594 492 2644 Ἀθῆναι
517 2594 552 2631 R
570 2595 654 2634 SV
877 2609 927 2635 10
957 2597 997 2636 αἳ
1021 2597 1117 2636 add.
1141 2596 1263 2635 Stein
1487 2607 1532 2633 11
1563 2594 1761 2647 γεωπίνας
1781 2592 1888 2632 ΑΒ1
1903 2593 1994 2632 RV

330 2650 513 2701 μάλιστα
534 2649 567 2687 Ρ
587 2650 703 2689 solus
833 2663 880 2688 12
911 2651 1116 2703 χρηστοὺς
1138 2650 1177 2689 R
1192 2649 1274 2689 SV
1386 2649 1561 2691 ἐλείπειν
1579 2648 1634 2687 Α1
1650 2649 1685 2687 Β
1819 2661 1868 2698 14
1899 2651 1993 2697 ἐπη-

331 2704 502 2752 βούλους
520 2704 553 2743 C
569 2719 578 2743 :
613 2704 854 2753 ἐπιβούλους
873 2705 911 2742 R
930 2706 959 2744 S
972 2705 1011 2744 V
1137 2716 1185 2754 15
1206 2706 1254 2745 ἃν
1268 2704 1364 2743 add.
1385 2704 1554 2743 Dobree
1668 2715 1714 2753 17
1737 2705 1789 2744 τὰ
1803 2703 1994 2755 χρήματα

329 2759 416 2798 ΑΒ
433 2760 467 2799 C
638 2774 688 2810 19
718 2763 804 2801 αἵτε
830 2762 918 2813 ἐχρ.
945 2760 984 2798 R
1150 2772 1205 2797 20
1232 2759 1458 2811 χρεώμενος
1479 2758 1576 2798 dell.
1601 2758 1737 2797 Cobet
1757 2764 1801 2797 et
1821 2756 1993 2807 Madvig

329 2815 491 2867 λόγοισι
511 2819 620 2856 τοῖσι
644 2815 678 2854 Ρ
691 2815 731 2852 R
747 2814 776 2853 S
791 2815 829 2852 V
924 2812 1120 2865 βασιλέα]
1139 2812 1338 2866 Ἀνδρίους
1357 2812 1390 2851 Ρ
1404 2812 1443 2850 R
1459 2813 1489 2852 S
1502 2813 1539 2851 V
1676 2825 1724 2851 21
1756 2811 1915 2864 ἐπάξειν
1930 2811 1964 2850 C
1981 2824 1991 2849 τ

330 2870 468 2923 ἀπάξει
493 2870 531 2908 R
547 2870 577 2909 S
590 2870 628 2907 V
794 2881 846 2907 22
879 2871 1079 2922 ἐξαιρῆσαι
1100 2868 1135 2908 C
1246 2867 1383 2921 λέγων
1401 2866 1491 2920 (ὧν)
1512 2867 1718 2908 Schaefer
1862 2877 1915 2916 23
1942 2883 1990 2906 τε

332 2925 477 3018 οΗιῃὲξξ
498 2925 529 2964 S
545 2925 583 2963 V
715 2935 768 2973 25
799 2923 908 2978 αἴνῃ]
931 2925 1029 2975 τιμῆ
1052 2923 1092 2963 R
1110 2921 1192 2964 SVV
1358 2924 1413 2964 26
1442 2922 1582 2964 ἄλλων
1602 2919 1830 2971 νησιωτέων
1845 2921 1991 2982 ἔδοσαν
