2132 3340
62 135 174 186 vn.
205 137 236 184 8
250 160 280 204 γ

249 2294 254 2300 “
301 2282 398 2337 πάς
432 2306 486 2337 τε
522 2285 600 2336 καὶ
636 2285 935 2353 Ἀσσυρίους
969 2287 1104 2338 ἄλλα
1146 2309 1202 2339 τε
1244 2288 1388 2339 ἔθνεα
1432 2290 1599 2340 πολλὰ
1644 2289 1724 2340 καὶ
1761 2288 1960 2356 μεγάλα
2011 2307 2030 2345 ζ

938 138 983 184 H
1001 138 1368 186 ΡΟΔΟΤΟΎ

318 266 564 327 τεύεσθαι,
607 267 771 334 ἀγαθὰ
811 269 864 319 δὲ
909 269 964 319 ἐν
999 267 1194 320 αὐτοῖσι
1236 267 1418 322 τοσάδε
1461 271 1737 338 ἀνευρίσκω
1779 271 1976 339 λογιζό-

318 372 483 415 μενος·
529 353 572 402 εἰ
602 352 802 406 τούτους
824 373 879 403 τε
906 343 988 403 ’καὶ
1019 352 1131 406 τοὺς
1161 353 1385 405 τούτοισι
1417 356 1798 424 πλησιοχώρους
1830 356 1975 408 κατα-

319 436 660 501 στρεψόμεθα,
694 458 741 487 οι
773 435 1008 490 Πέλοπος
1037 442 1124 488 τοῦ
1161 437 1357 505 Φρυγὸς
1393 438 1626 505 νέμονται
1661 440 1846 508 χώρην,
1880 444 1977 508 γῆν

317 540 407 582 την
439 519 667 586 Περσίδα
696 518 1002 585 ἀποδέξομεν
1032 526 1098 591 τῷ
1133 521 1256 575 Διὸς
1286 521 1444 590 αἰθέρι
1475 523 1976 591 ὁμουρέουσαν.οὐ

316 603 410 669 γὰρ
455 602 512 667 δη
555 603 723 671 χώρην
764 625 822 670 γε
862 605 1095 670 οὐδεμίαν
1140 607 1414 674 κατόψεται
1457 608 1598 672 ἥλιος
1639 607 1976 676 ὁμουρέουσαν

314 694 374 759 τῇ
410 686 637 759 ἡμετέρῃ,
672 687 806 740 ἀλλά
841 695 1006 755 σφεας
1043 689 1210 745 πάσας
1245 691 1344 758 ἐγὼ
1380 689 1481 756 ἅμα
1514 693 1630 758 ὑμῖν
1659 693 1777 758 μίαν
1807 693 1975 761 χώρην

316 769 471 836 θήσω,
521 773 600 823 διὰ
650 771 817 836 πάσης
864 771 1132 838 διεξελθὼν
1177 778 1264 840 τῆς
1318 774 1575 842 Εὐρώπης.
1664 775 1975 842 πυνθάνομαι

314 856 409 922 γὰρ
440 857 534 908 ὧδε
558 856 710 925 ἔχειν,
738 857 851 909 οὔτε
882 859 993 909 τινὰ
1024 858 1176 910 πόλιν
1206 860 1398 926 ἀνδρῶν
1427 860 1661 926 οὐδεμίαν
1691 861 1802 913 οὔτε
1832 860 1974 916 ἔθνος

313 938 455 991 οὐδὲν
485 940 758 1007 ἀνθρώπων
779 942 1159 1002 ὑπολείπεσθαι,
1186 942 1241 995 τὸ
1263 943 1381 1008 ἡμῖν
1411 945 1517 996 οἶόν
1545 966 1600 996 τε
1631 944 1774 997 ἔσται
1806 947 1974 998 ἐλθεῖν

314 1024 365 1077 ἐς
399 1022 582 1092 μάχην,
624 1025 813 1077 τούτων
849 1030 948 1078 τῶν
994 1025 1235 1096 κατέλεξα
1277 1026 1760 1095 ὑπεξαραιρημένων.
1845 1030 1972 1082 οὕτω

312 1108 364 1159 οἵ
388 1130 442 1161 τε
469 1109 588 1174 ἡμῖν
618 1110 767 1161 αἴτιοι
796 1109 966 1175 ἕξουσι
996 1111 1195 1163 δούλιον
1228 1110 1372 1180 ςυγὸν
1395 1113 1518 1165 οἵτε
1541 1113 1766 1165 ἀναίτιοι.
1832 1115 1972 1180 ὑμεῖς

311 1191 355 1243 δ’
387 1191 448 1244 ἄν
482 1214 566 1258 μοι
602 1193 719 1246 τάδε
754 1192 1008 1248 ποιέοντες
1042 1195 1348 1263 χαρίζοισθε.
1439 1197 1590 1249 ἐπεὰν
1618 1199 1733 1263 ὑμῖν
1764 1196 1969 1264 σημήνω

1998 631 2021 672 5

1998 1052 2048 1081 10

309 1275 397 1328 τὸν
433 1277 618 1345 χρόνον
653 1279 704 1332 ἐς
738 1277 825 1330 τὸν
860 1278 1000 1343 ἥκειν
1034 1283 1124 1339 δεῖ,
1162 1280 1424 1346 προθύμως
1464 1279 1628 1334 πάντα
1661 1284 1773 1334 τινὰ
1807 1280 1995 1347 ὑμέων·

307 1358 490 1427 χρήσει
540 1367 784 1429 παρεῖναι·
856 1361 910 1416 ὃς
961 1362 1022 1415 ἂν
1072 1365 1125 1416 δὲ
1171 1363 1303 1432 ἔχων
1354 1364 1449 1437 ἥκῃ
1498 1364 1970 1432 παρεσκευασμένον

309 1444 526 1510 στρατὸν
563 1445 830 1506 κάλλιστα,
863 1447 1010 1498 δώσω
1051 1449 1099 1500 οἱ
1140 1452 1272 1515 δῶρα
1308 1450 1370 1499 τὰ
1409 1450 1680 1514 τιμιώτατα
1720 1451 1969 1516 νομίζεται

309 1526 437 1580 εἶναι
466 1530 520 1581 ἐν
550 1527 806 1597 ἡμετέρου.
881 1528 1088 1596 ποιητέα
1117 1529 1211 1597 μέν
1241 1553 1328 1584 νυν
1358 1532 1511 1585 ταῦτά
1540 1535 1652 1586 ἐστι
1683 1535 1825 1586 οὕτω·
1886 1535 1968 1587 ἵνα

307 1614 362 1664 δὲ
390 1612 456 1678 μὴ
490 1612 819 1679 ἶδιοβουλέειν
849 1617 963 1680 ὑμῖν
994 1613 1164 1675 δοκέω,
1190 1617 1370 1684 τίθημιἢ
1388 1615 1444 1668 τὸ
1476 1621 1678 1685 πρῆγμα
1708 1617 1760 1673 ἐς
1788 1617 1963 1684 μέσον,

307 1697 509 1762 γνώμην
570 1699 785 1750 κελεύων
842 1697 1006 1764 ὑμέων
1062 1699 1149 1751 τὸν
1199 1702 1515 1766 βουλόμενον
1575 1703 1963 1770 ἀποφαίνεσθαι.

307 1785 458 1831 ταῦτα
490 1783 630 1835 εἴπας
661 1781 886 1834 ἐπαύετο.
974 1783 1080 1848 μετ’
1111 1783 1259 1836 αὐτὸν
1290 1787 1343 1837 δὲ
1376 1787 1656 1852 Μαρδόνιος
1686 1787 1848 1853 ἔλεγε·
1888 1785 1963 1838 9Ω

305 1861 643 1926 δέσποτα,ὀὐ
678 1871 859 1931 μοῦνον
902 1867 972 1921 εἷς
1006 1873 1106 1920 τῶν
1141 1866 1422 1935 γενομένων
1464 1867 1707 1937 Περσέων
1743 1869 1960 1938 ἄριστος,

304 1948 438 2000 ἀλλὰ
470 1950 549 2001 καὶ
578 1955 676 2002 τῶν
706 1948 975 2016 ἐσομένων,
1002 1950 1055 2005 ὃς
1084 1951 1145 2003 τά
1169 1974 1222 2004 τε
1245 1951 1378 2004 ἄλλα
1406 1950 1571 2020 λέγων
1595 1953 1761 2006 ἐπίκεο
1783 1954 1963 2021 ἄριστα

305 2032 399 2089 καὶ,
422 2031 742 2098 ἀληθέστατα
779 2036 859 2087 καὶ
890 2033 1069 2089 Ἴωνας
1104 2030 1222 2089 τοὺς
1248 2036 1303 2088 ἐν
1333 2044 1394 2109 τῇ
1427 2037 1639 2109 Εὐρώπῃ
1671 2036 1958 2103 κατοικημέ-

305 2137 418 2171 νους
448 2117 535 2168 οὐκ
566 2117 734 2172 ἐάσεις
760 2119 1100 2186 καταγελάσαι
1122 2120 1238 2185 ἡμῖν
1269 2121 1441 2173 ἐόντας
1471 2120 1715 2185 ἀναξίους.
1763 2122 1843 2173 καὶ
1865 2124 1960 2189 γὰρ

303 2200 466 2252 δεινὸν
502 2201 562 2253 ἂν
596 2203 669 2267 εἵη
705 2205 921 2269 πρῆγμα,
956 2205 999 2255 εἶ
1030 2202 1191 2256 Σάκας
1225 2206 1316 2269 μὲν
1347 2205 1426 2255 καὶ
1457 2203 1643 2258 Ἰνδοὺς
1680 2207 1758 2257 καὶ
1789 2207 1956 2258 Αἰθίο-

301 2366 608 2432 ἆδικήσαντα
638 2367 842 2436 Πέρσας
874 2369 1031 2431 οὐδέν,
1065 2372 1198 2422 ἀλλὰ
1228 2371 1432 2436 δύναμιν
1463 2376 1807 2439 προσκτᾶσθαι
1834 2379 1956 2438 βου-

297 2453 518 2518 λόμενοι,
566 2453 1032 2521 καταστρεψάμενοι
1085 2455 1290 2508 δούλους
1348 2452 1547 2523 ἔχομεν,
1585 2454 1846 2521 ’Έλληνας
1903 2460 1958 2509 δὲ

351 2602 377 2639 3
416 2589 555 2644 (τὴν)
550 2592 704 2645 χώρην
743 2591 942 2641 Krueger
1105 2605 1130 2640 4
1176 2591 1418 2645 ὁιιορέυυσαν
1453 2592 1492 2630 R
1511 2592 1540 2631 S
1554 2593 1619 2632 V.
1663 2594 1804 2646 ὅμορον
1833 2593 1957 2635 οὖσαν

300 2643 426 2685 Dion.
541 2646 632 2686 οὐδὲ
650 2649 729 2700 γὰρ
750 2648 882 2695 ἄλλην
902 2647 1039 2698 χώρην
1057 2645 1097 2684 Α
1112 2647 1144 2683 Β
1162 2647 1196 2685 C
1317 2658 1342 2696 5
1373 2651 1394 2687 ὁ
1414 2648 1527 2695 ἥλιος
1549 2649 1672 2686 Dion.
1789 2649 1957 2698 ὅμουρον

299 2701 444 2740 ἐοῦσαν
482 2700 515 2738 Ρ
533 2702 571 2739 R
590 2701 700 2740 SV.
748 2703 892 2753 ὅμορον
929 2701 1053 2742 οὖσαν
1096 2701 1220 2740 Dion.
1442 2715 1470 2752 9
1513 2702 1774 2742 ὑπολίπεσθαι
1815 2702 1852 2739 R
1872 2702 1956 2741 SV

296 2753 392 2802 ἡμῖν
410 2755 432 2794 ὃ
457 2755 581 2795 Dion.
736 2768 784 2804 13
816 2757 871 2796 εἷς
889 2757 935 2796 ον
956 2758 1045 2806 ὑμῖν
1064 2756 1177 2803 ἥκειν
1199 2756 1251 2794 D
1254 2769 1322 2794 on.
1480 2768 1527 2804 14
1558 2757 1644 2803 ἥκει
1667 2756 1706 2793 R
1722 2756 1779 2796 V:
1810 2757 1898 2804 ἥκοι
1922 2758 1953 2796 S

295 2809 705 2860 παρασκευασάμενον
744 2809 782 2847 R
806 2810 844 2848 V
865 2810 895 2848 S
935 2811 1034 2859 (Ὃς)
1055 2824 1065 2848 :
1112 2808 1488 2860 κατεσκευασμένον
1527 2810 1652 2849 Dion.
1819 2822 1873 2859 ,15
1915 2813 1954 2851 οἱ

295 2864 408 2902 δώσω
431 2864 467 2901 R
485 2863 514 2902 S
527 2864 566 2902 V
760 2866 808 2903 16
838 2865 936 2905 εἶναι
958 2877 1040 2902 om.
1064 2864 1187 2904 Dion.
1378 2877 1424 2913 17
1454 2863 1739 2912 ἰδιοβουλεύειν
1757 2864 1796 2902 Α
1814 2865 1847 2903 Β
1866 2865 1899 2903 C
1919 2865 1952 2902 P

295 2915 420 2955 Dion.
541 2923 543 2925 '
614 2919 662 2956 18
701 2918 853 2959 κελεύω
885 2919 921 2956 R
1107 2933 1161 2958 20
1196 2918 1320 2971 μόνον
1350 2919 1384 2956 Ι,
1567 2931 1615 2957 21
1654 2919 1786 2959 ἐπίκεο
1815 2918 1952 2971 λέγων

295 2969 330 3008 R
352 2970 382 3009 S
398 2971 436 3009 V
491 2987 494 2989 ·
600 2984 652 3021 23
682 2971 814 3023 ἡμέων
837 2971 876 3009 R
894 2971 1061 3022 ;,ὑμε’ων
1084 2973 1113 3012 S
1127 2973 1164 3010 V
1328 2974 1381 3010 26
1410 2973 1736 3024 προσκτήσασθαι
1760 2972 1798 3010 R
1814 2973 1895 3012 SV

1995 1471 2042 1513 15

1989 1889 2038 1917 20
