2132 3340
26 119 108 170 VI.
137 123 256 187 86γ
840 129 845 133 ’
906 120 1340 170 ΗΡΟΔΟΤΟΥ

228 254 255 303 δ
291 255 375 302 τοῦ
411 247 526 303 ’θεοῦ
564 251 643 303 καὶ
677 251 734 303 τὸ
771 253 978 316 ποιῆσαι
1011 251 1127 304 ἴσον
1165 250 1421 302 δύνασθαι.
1510 252 1733 304 Γλαῦκος
1773 250 1865 315 μὲν
1896 248 1957 314 δὴ

285 335 742 403 μεταπεμψάμενος
781 331 896 389 τοὺς
939 336 1224 400 Μιλησίους
1263 333 1453 400 ξείνους
1497 335 1741 387 ἀποδιδοῒ-
1761 340 1861 401 σφι
1897 334 1959 385 τὰ

289 418 531 487 χρήματα.
621 424 708 471 τοῦ
738 421 792 472 δὲ
822 420 986 472 εἵνεκα
1017 421 1044 470 ὁ
1072 419 1227 486 λόγος
1263 419 1361 479 ὅδε,
1395 417 1434 471 ὦ
1464 410 1736 484 Ἀθηναῖοι,
1768 415 1957 484 ὁρμήθη

287 503 530 570 λέγεσθαι
561 506 611 558 ἐς
634 503 798 569 ὑμέας,
827 502 1093 570 εἰρήσεται·
1141 504 1367 555 Γλαύκου
1391 507 1478 556 νῦν
1502 502 1615 555 οὔτε
1635 523 1684 554 τι
1707 502 1958 569 ἀπόγονον

289 588 401 640 ἔστι
445 588 588 640 οὐδὲν
631 587 733 639 οὔτ’
780 589 913 653 ἱστίη
959 588 1162 654 οὐδεμία
1204 586 1496 654 νομιζομένη
1544 587 1670 640 εἶναι
1713 585 1955 645 Γλαύκου,
1980 607 2005 649 5
2054 613 2066 620 «

290 670 603 739 ἐκτέτριπταί
634 693 688 724 τε
726 672 980 740 πρόρριζος
1019 674 1073 724 ἐκ
1116 671 1358 739 Σπάρτης.
1451 672 1577 724 οὕτω
1614 669 1803 739 ἀγαθὸν
1833 671 1959 736 μηδὲ

290 756 604 810 διανοέεσθαι
643 757 755 823 περὶ
793 755 1081 824 παραθήκης
1119 755 1250 808 ἄλλο
1290 777 1349 824 γε
1387 752 1419 821 ἢ
1455 755 1796 808 ἀπαιτεόντων
1832 755 1955 806 ἀπο-

288 841 491 894 διδόναι.
580 843 884 911 Λευτυχίδης
925 844 1017 907 μὲν
1062 842 1204 894 εἴπας
1242 845 1412 902 ταῦτα,
1454 840 1519 894 ὥς
1562 842 1610 893 οἱ
1650 839 1764 892 οὐδὲ
1804 838 1958 893 οὕτως

186 928 249 988 87
288 924 531 990 ἐσήκουον
562 927 608 978 οἱ
638 925 908 991 Ἀθηναῖοι,
942 924 1323 978 ἀπαλλάσσετο·
1368 927 1416 979 οἱ
1446 926 1500 978 δὲ
1531 926 1809 992 Αἰγινῆται,
1841 923 1959 990 πρὶν

287 1015 386 1061 τῶν
423 1011 665 1077 πρότερον
705 1009 1019 1076 ἀδικημάτων
1057 1014 1227 1063 δοῦναι
1266 1009 1403 1064 δίκας
1441 1013 1541 1062 τῶν
1577 1010 1628 1063 ἐς
1663 1007 1958 1073 Ἀθηναίους
1985 1027 2034 1057 ιο

287 1096 508 1161 ὕβρισαν
541 1096 824 1160 Θηβαίοισι
860 1095 1192 1163 χαριζόμενοι,
1228 1094 1472 1160 ἐποίησαν
1502 1093 1711 1146 τοιόνδε·
1757 1091 1953 1160 μεμφό-

286 1200 427 1244 μενοι
456 1184 591 1232 τοῖσι
620 1178 934 1244 Ἀθηναίοισι
973 1179 1053 1231 καὶ
1084 1176 1334 1242 ἀξιοῦντες
1370 1176 1672 1237 ἀδικέεσθαι,
1708 1177 1774 1230 ὡς
1803 1197 1952 1242 τιμω-

286 1264 557 1330 ρησόμενοι
586 1263 699 1317 τοὺς
728 1262 1019 1329 Ἀθηναίους
1048 1262 1491 1331 παρεσκευάζοντο.
1567 1263 1659 1314 καὶ.
1679 1260 1739 1326 ἦν
1769 1262 1865 1328 γὰρ
1894 1259 1953 1326 δὴ

287 1353 419 1400 τοῖσι
441 1347 751 1413 Ἀθηναίοισι
775 1348 1059 1414 πεντετηρὶς
1089 1348 1170 1400 ἐπὶ
1201 1348 1404 1418 Σουνίῳ,
1430 1345 1748 1415 λοχήσαντες
1769 1342 1838 1398 ὧν
1859 1343 1951 1410 τὴν

0 1435 221 1495 unffi—ko
289 1434 497 1501 Heagpffia
531 1431 621 1485 νέα
657 1434 794 1485 εἶλον
829 1430 1024 1500 πλήρεα
1060 1433 1253 1500 ἀνδρῶν
1288 1437 1386 1484 τῶν
1415 1431 1623 1499 πρώτων
1654 1429 1948 1494 Ἀθηναίων,
1983 1448 2030 1490 15

185 1523 251 1570 88
287 1517 536 1582 λαβόντες
570 1519 624 1569 δὲ
660 1516 775 1570 τοὺς
815 1516 996 1583 ἄνδρας
1035 1517 1236 1581 ἔδησαν.
1325 1515 1581 1581 Ἀθηναῖοι
1621 1516 1674 1567 δὲ
1711 1513 1953 1568 παθόντες

287 1605 438 1652 ταῦτα
477 1600 599 1667 πρὸς
635 1600 941 1668 Αἰγινητέων
976 1600 1138 1653 οὐκέτι
1178 1599 1527 1666 ἀνεβάλλοντο
1562 1598 1628 1665 μὴ
1669 1597 1725 1650 οὗ
1760 1597 1817 1650 τὸ
1853 1600 1953 1650 πᾶν

285 1673 679 1753 μηχανήσασθαι
732 1685 809 1739 ἐπ’
858 1684 1172 1758 Αἰγινήτῃσι.
1261 1685 1340 1737 καὶ
1392 1682 1452 1749 ἧν
1500 1686 1596 1752 γὰρ
1642 1683 1952 1750 Νικόδρομος

288 1771 501 1821 Κνοίθου
560 1760 859 1835 καλεόμενος
919 1772 971 1822 ἐν
1022 1778 1083 1843 τῇ
1135 1770 1314 1841 Αἰγίνῃ
1365 1768 1489 1836 ἀνὴρ
1541 1768 1754 1833 δόκιμος,
1809 1766 1952 1819 οὗτος

285 1855 603 1921 μεμφόμενος
631 1857 722 1919 μὲν
745 1860 879 1906 τοῖσι
903 1852 1199 1926 Αἰγινήτῃσι
1229 1852 1471 1920 προτέρην
1502 1855 1684 1905 ἑωυτοῦ
1716 1848 1952 1915 ἐξέλασιν
1978 1868 2029 1897 20

286 1940 342 1989 ἐκ
370 1941 457 2003 τῆς
487 1937 658 2003 νήσου,
691 1940 861 2004 μαθὼν
891 1941 943 1990 δὲ
974 1939 1086 1990 τότε
1117 1937 1231 1992 τοὺς
1262 1937 1553 2002 Ἀθηναίους
1587 1932 1950 2002 ἀναρτωμένους
1974 1937 2132 2004 buh-

287 2022 446 2088 ἕρδειν
482 2021 749 2090 Αἰγινήτας
791 2028 963 2082 κακῶς,
1005 2023 1287 2074 συντίθεται
1320 2021 1635 2086 Ἀθηναίοισι
1675 2018 1951 2086 προδοσίην

287 2108 506 2173 Αἰγίνης,
535 2106 736 2173 φράσας
767 2109 820 2159 ἐν
844 2115 905 2180 τῇ
935 2128 989 2159 τε
1018 2105 1173 2180 ἡμέρῃ
1200 2103 1511 2174 ἐπιχειρήσει
1542 2103 1620 2155 καὶ
1655 2104 1870 2156 ἐκείνους
1898 2103 1950 2155 ἐς

281 2190 376 2254 τὴν
394 2190 531 2254 ἥκειν
555 2189 724 2255 δεήσει
747 2190 1111 2265 βοηθέονταςγ
1140 2192 1264 2256 μετὰ
1287 2193 1439 2241 ταῦτα
1460 2186 1836 2254 καταλαμβάνει
1856 2187 1949 2252 μὲν

288 2276 411 2325 κατὰ
431 2271 530 2341 [τὰ]
557 2273 864 2339 συνεθήκατο
890 2274 1203 2339 Ἀθηναίοισι
1233 2274 1260 2324 ὁ
1284 2273 1591 2339 Νικόδρομος
1614 2270 1705 2335 τὴν
1727 2267 1950 2333 παλαιὴν
1975 2287 2024 2329 25

288 2357 593 2423 καλεομένην
630 2359 797 2418 πόλιν,
843 2358 1099 2423 Ἀθηναῖοι
1139 2359 1192 2409 δὲ
1232 2357 1289 2408 οὐ
1328 2356 1683 2424 παραγίνονται
1725 2356 1776 2407 ἐς
1817 2352 1946 2405 δέον·

175 2446 246 2503 89
286 2442 343 2493 οὐ
373 2444 467 2509 γὰρ
498 2442 674 2510 ἔτυχον
705 2444 879 2494 ἐοῦσαι
914 2441 1022 2496 νέες
1059 2447 1157 2508 σφι
1195 2439 1460 2508 ἀξιόμαχοι
1495 2447 1613 2512 τῇσι
1643 2436 1948 2505 Αἰγινητέων

346 2592 363 2618 1
396 2581 445 2620 τὺ
466 2591 548 2619 om.
575 2578 712 2619 RSV
733 2579 849 2619 Stob.
1035 2593 1060 2618 2
1092 2580 1275 2620 ἇποδιδεῖ
1294 2578 1384 2617 RV
1576 2589 1602 2627 3
1630 2577 1789 2629 ὡρμήθη
1811 2576 1851 2615 R
1865 2575 1948 2615 SV

286 2648 311 2683 4
356 2634 524 2687 λέγεται
560 2635 600 2674 R
619 2648 631 2675 2
672 2633 756 2675 del.
791 2634 927 2674 Cobet
1146 2646 1171 2683 5
1211 2633 1328 2682 εστίη
1356 2632 1396 2671 Α
1414 2632 1449 2671 Β
1615 2631 1777 2682 οὐδεμίη
1807 2631 1848 2669 R
1865 2630 1948 2670 SV

285 2691 313 2727 6
341 2688 553 2742 προρρίζως
575 2690 629 2731 S:
657 2687 869 2743 προροίζως
883 2689 923 2728 V
1060 2701 1083 2738 7
1105 2691 1346 2730 διανοεῖσθαι
1366 2685 1405 2725 Α
1419 2685 1455 2725 Β
1469 2686 1503 2725 C
1613 2685 1947 2739 παρακαταθήκης

285 2742 325 2780 Α
339 2743 374 2781 Β
392 2743 425 2781 C
439 2744 472 2781 P
662 2758 691 2795 9
717 2746 863 2793 ἤκουον
883 2743 970 2781 ΑΒ
985 2742 1019 2781 C
1216 2754 1266 2781 10
1296 2745 1336 2783 ἐς
1357 2754 1439 2781 om.
1463 2741 1502 2779 R
1699 2751 1747 2788 13
1777 2739 1841 2779 καὶ
1862 2751 1944 2777 om.

285 2796 326 2834 A
340 2797 374 2834 B
393 2798 426 2835 C
654 2811 703 2848 14
746 2798 945 2852 πεντήρης
978 2797 1018 2836 Α
1032 2797 1066 2835 Β
1081 2797 1114 2836 C
1131 2796 1165 2834 P
1392 2809 1439 2845 17
1479 2793 1731 2842 ἀνεβάλοντο
1763 2793 1796 2831 Ρ
1810 2793 1850 2830 R
1866 2792 1896 2831 S
1909 2791 1947 2830 V

293 2853 339 2890 18
381 2856 638 2904 μηχανᾶσθαι
674 2854 714 2891 R
730 2853 759 2892 S
774 2853 812 2891 V
1033 2866 1084 2902 19
1126 2850 1297 2893 Κνούθου
1334 2850 1374 2890 R
1389 2850 1470 2890 SV
1607 2847 1823 2899 ἀλεόμενος
1854 2847 1893 2886 R
1907 2845 1946 2884 V

287 2919 342 2945 20
368 2906 442 2956 μὲν
463 2920 547 2947 om.
570 2907 610 2945 R
625 2907 706 2947 SV
785 2906 977 2959 ἐξέλασεν
999 2906 1076 2946 PS
1090 2906 1129 2945 V
1238 2919 1286 2944 21
1321 2907 1457 2958 ἆνηρτ.
1480 2904 1520 2943 R
1535 2902 1565 2943 S
1580 2902 1619 2940 V
1727 2915 1781 2952 23
1809 2901 1889 2954 5510)
1912 2900 1946 2939 L

287 2973 340 3010 24
368 2959 419 3009 ἢν
439 2959 474 2999 L
638 2971 690 3010 25
719 2962 771 3002 τὰ
789 2973 870 3001 om.
895 2959 922 3000 d
