2034 3328
680 118 1058 169 ΙΣΤΟΡΙΩΝ
1121 119 1161 168 Ε
1345 103 1354 111 “
1791 121 1852 172 v,
1879 84 1927 172 fi

86 250 222 304 οὗτοι
250 251 342 316 μὲν
373 248 494 302 κατὰ
524 249 587 301 τὰ
615 249 1130 321 εἵλοντογέτράποντο,
1166 247 1381 318 Δαρεῖον
1410 253 1464 304 δὲ
1495 248 1752 316 συνήνεικε
1790 267 1847 303 12

86 338 288 405 πρῆγμα
310 334 502 387 τοιόνδε
534 334 762 400 ἰδόμενον
786 336 1088 400 ’φιθυμῆσαι
1119 335 1439 388 ἐντείλασθαι
1463 334 1752 405 Μεγαβάζῳ

86 420 310 474 Παίονας
333 419 514 472 ἑλόντα
537 418 894 474 ἀνασπάστους
918 422 1125 485 ποιῆσαι
1149 422 1202 472 ἐκ
1226 424 1313 486 τῆς
1334 420 1571 488 Εὐρώπης
1595 421 1646 473 ἐς
1664 419 1754 484 τὴν

84 504 284 570 Ἀσίην·
331 503 392 569 ἣν
422 505 617 572 Πίγρης
649 503 728 556 καὶ
760 504 1005 569 Μαστύης
1040 503 1215 572 ἄνδρες
1247 507 1481 564 Παίονες,
1513 505 1560 557 οἳ
1591 505 1754 557 ἐπείτε

35 611 61 655 5
87 593 300 658 Δαρεῖος
349 587 493 654 διέβη
544 591 594 643 ἐς
640 587 731 653 τὴν
775 588 974 654 Ἀσίην,
1024 589 1162 641 αὐτοὶ
1214 589 1471 643 ἐθέλοντες
1518 589 1753 641 Παιόνων

83 674 396 742 τυραννεύειν
425 672 743 726 ἀπικνέονται
779 674 830 728 ἐς
860 672 1054 740 Σάρδις,
1088 672 1191 739 ἄμα
1226 675 1462 742 ἀγόμενοι
1500 673 1755 741 ἀδελφεὴν

82 757 309 827 μεγάλην
332 779 388 812 τε
412 757 490 810 καὶ
521 756 724 810 εὐειδέα.
799 757 1115 826 φυλάξαντες
1144 761 1198 810 δὲ
1225 763 1439 826 Δαρεῖον
1463 758 1751 826 προκατιζό·
1793 773 1819 806 2

82 864 235 910 μενον
281 844 334 898 ἐς
377 842 433 895 τὸ
477 842 751 910 προάστιον
795 842 852 894 τὸ
895 847 994 894 τῶν
1038 845 1212 895 Λυδῶν
1257 845 1502 907 ἐποίησαν
1545 843 1753 895 τοιόνδε·

85 928 424 995 σκευάσαντες
445 926 537 992 τὴν
561 926 814 995 ἀδελφεὴν
839 926 904 982 ὣς
927 926 1066 996 εἶχον
1089 926 1270 994 ἄριστα
1293 927 1368 979 ἐπ’
1386 929 1513 995 ὕδωρ
1535 926 1755 993 ἔπεμπον

11 1035 62 1066 10
83 1006 239 1081 ἄγγος
273 1012 356 1066 ἐπὶ
393 1019 452 1085 τῇ
485 1018 681 1085 κεφαλῇ
712 1012 932 1080 ἔχουσαν
964 1011 1043 1064 καὶ
1079 1014 1134 1064 ἐκ
1168 1018 1255 1065 τοῦ
1291 1013 1566 1082 βραχίονος
1602 1012 1754 1064 ἵππον

85 1097 398 1151 ἐπέλκουσαν
429 1097 510 1150 καὶ
541 1097 837 1149 κλώθουσαν
867 1098 1026 1149 λίνον.
1108 1096 1173 1151 ὡς
1203 1100 1257 1150 δὲ
1286 1095 1522 1165 παρεξήιε
1550 1096 1580 1162 ἡ
1611 1094 1750 1164 γυνή,
1792 1108 1818 1151 3

83 1183 318 1249 ἐπιμελὲς
361 1187 428 1253 τῷ
472 1182 669 1252 Δαρείῳ
715 1178 930 1249 ἐγένετο·
977 1181 1089 1234 οὔτε
1128 1183 1225 1249 γὰρ
1265 1184 1494 1249 Περσικὰ
1538 1179 1600 1245 ἧν
1640 1181 1755 1233 οὔτε

82 1267 241 1319 Λύδια
271 1267 332 1318 τὰ
361 1266 629 1332 ποιεύμενα
666 1267 720 1318 ἐκ
756 1269 844 1330 τῆς
873 1267 1119 1334 γυναικός,
1153 1267 1267 1319 οὔτε
1296 1266 1418 1334 πρὸς
1453 1270 1552 1318 τῶν
1583 1267 1637 1318 ἐκ
1667 1268 1754 1330 τῆς

83 1350 262 1417 Ἀσίης
285 1350 526 1418 οὐδαμῶν.
601 1346 836 1417 ἐπιμελὲς-
859 1352 912 1402 δὲ
936 1351 1001 1404 ὥς
1024 1353 1071 1403 οἱ
1101 1349 1315 1418 ἐγένετο,
1342 1355 1441 1403 τῶν
1466 1350 1755 1418 δορυφόρων

11 1458 59 1501 15
81 1438 220 1490 τινὰς
259 1435 443 1502 πέμπει
483 1436 701 1488 κελεύων
740 1433 963 1504 φυλάξαι
1001 1436 1032 1487 ὅ
1069 1457 1115 1488 τι
1155 1434 1399 1504 χρήσεται
1441 1441 1508 1505 τῷ
1550 1436 1682 1505 ἵππῳ
1723 1435 1753 1499 ἡ

82 1519 222 1589 γυνή.
291 1523 337 1574 οἱ
367 1523 458 1586 μὲν
483 1519 541 1586 δὴ
561 1520 743 1573 ὄπισθε
767 1518 982 1580 εἵποντο,
1009 1520 1038 1585 ἡ
1064 1522 1117 1573 δὲ
1147 1521 1311 1573 ἐπείτε
1334 1520 1538 1573 ἀπίκετο
1564 1521 1644 1572 ἐπὶ
1667 1518 1752 1571 τὸν
1791 1533 1819 1575 4

61 1621 64 1624 ’
83 1606 323 1671 ποταμόν,
348 1602 473 1674 ἦρσε
496 1604 583 1657 τὸν
607 1606 776 1665 ἵππον,
802 1604 1007 1672 ἄρσασα
1031 1608 1084 1658 δὲ
1110 1604 1189 1657 καὶ
1211 1604 1269 1656 τὸ
1292 1604 1447 1681 ἄγγος
1470 1609 1555 1656 τοῦ
1577 1605 1753 1658 ὕδατος

84 1679 442 1756 ἐμπλησαμένη
473 1689 563 1754 τὴν
592 1689 745 1754 αὐτὴν
768 1688 884 1742 ὁδὸν
915 1687 1165 1757 παρεξήιε,
1193 1688 1418 1758 φέρουσα
1442 1688 1498 1740 τὸ
1519 1690 1649 1755 ὕδωρ
1671 1690 1753 1740 ἐπὶ

17 1802 19 1806 ·
83 1778 171 1840 τῆς
202 1778 425 1842 κεφαλῆς
456 1774 535 1826 καὶ
565 1773 851 1827 ἐπέλκουσα
880 1775 937 1826 ἐκ
966 1779 1052 1826 τοῦ
1082 1775 1356 1842 βραχίονος
1379 1773 1466 1826 τὸν
1490 1774 1642 1826 ἵππον
1675 1773 1753 1824 καὶ

11 1879 62 1910 20
85 1857 379 1927 στρέφουσα
422 1859 510 1911 τὸν
553 1858 811 1926 ἄτρακτον.
901 1857 1138 1925 θωμάζων
1179 1862 1233 1910 δὲ
1276 1859 1302 1908 ὁ
1345 1863 1556 1925 Δαρεῖος
1599 1857 1660 1909 τά
1701 1879 1754 1909 τε
1792 1873 1847 1921 13

83 1942 269 2009 ἤκουσε
303 1945 359 1996 ἐκ
392 1948 491 1996 τῶν
522 1943 855 1996 κατασκόπων
887 1943 966 1994 καὶ
996 1946 1058 1995 τὰ
1095 1942 1240 1997 αὐτὸς
1276 1943 1393 2010 ὥρα,
1427 1942 1566 2010 ἄγειν
1603 1941 1755 2006 αὐτὴν

84 2026 284 2081 ἐκέλευε
333 2030 497 2098 ἑωυτῷ
550 2029 602 2082 ἐς
654 2030 792 2095 ὄψιν.
884 2027 948 2081 ὡς
997 2021 1053 2080 δὲ
1103 2027 1251 2096 ἄχθη,
1300 2030 1532 2094 παρῆσαν
1581 2027 1660 2079 καὶ
1706 2028 1754 2078 οἱ

86 2113 327 2180 ἀδελφεοὶ
378 2113 528 2178 αὐτῆς
580 2112 636 2164 οὔ
689 2134 748 2184 κῃ
800 2113 974 2180 πρόσω
1028 2111 1244 2176 σκοπιὴν
1296 2110 1499 2180 ἔχοντες
1549 2111 1752 2163 τούτων.

87 2199 384 2264 εἰρωτῶντος
408 2199 461 2250 δὲ
483 2201 571 2249 τοῦ
596 2197 810 2264 Δαρείου
834 2190 1061 2260 ὁποδαπὴ
1087 2198 1177 2261 ε’ίη,
1204 2195 1415 2263 ἔφασαν·
1430 2198 1477 2248 οἱ
1500 2197 1755 2261 νεηνίσκοι

12 2306 62 2350 ²5
87 2281 215 2335 εἶναι
257 2283 472 2355 Παίονες
522 2283 601 2334 καὶ
647 2282 840 2347 ἐκείνην
886 2280 1012 2333 εἶναι
1057 2279 1234 2348 σφέων
1278 2278 1546 2348 ἀδελφεήν.
1637 2281 1663 2331 ὁ
1710 2279 1752 2331 δ’
1792 2296 1819 2329 2

87 2366 341 2433 ἀμείβετο,
383 2367 514 2421 τίνες
540 2369 604 2419 δὲ
640 2368 688 2419 οἱ
724 2366 940 2419 Παίονες
983 2364 1240 2432 ἄνθρωποί
1277 2365 1377 2416 εἶσι
1418 2365 1498 2417 καὶ
1540 2369 1625 2416 κοῦ
1664 2367 1755 2432 γῆς

145 2518 163 2545 1
195 2506 248 2548 τὰ
267 2518 349 2546 om.
372 2503 459 2544 AB
474 2505 507 2544 C
526 2520 535 2545 :
566 2505 656 2546 κατ’
679 2505 704 2547 ἃ
725 2505 923 2556 Krueger
1088 2506 1255 2557 Δαρεῖος
1282 2503 1316 2542 C
1538 2516 1563 2542 2
1591 2506 1756 2556 πρᾶγμα

88 2560 268 2602 PSVU
487 2573 513 2610 3
545 2563 585 2602 ἐς
614 2561 692 2610 τὴν
716 2562 775 2601 Ἀ.
804 2563 849 2601 ἐκ
874 2562 950 2609 τῆς
977 2558 1180 2601 E.ABC
1415 2571 1441 2608 4
1470 2558 1618 2612 Τίγρης
1639 2558 1753 2597 SU:

85 2615 241 2670 Τύγρης
259 2616 298 2655 V
463 2615 649 2665 Μαστίης
679 2615 709 2655 S
722 2615 784 2655 V:
826 2614 1015 2664 Μαντύης
1041 2614 1081 2653 Α
1094 2613 1129 2653 Β
1143 2614 1177 2654 C
1400 2614 1427 2652 8
1455 2613 1699 2666 προάστειον
1719 2613 1753 2652 L

85 2672 135 2713 τὸ
163 2683 242 2712 om.
275 2671 306 2711 S
318 2671 358 2710 V
371 2670 410 2710 U
637 2683 653 2708 1
665 2683 682 2709 1
716 2675 882 2712 κλῶσαν
900 2669 940 2708 Α
955 2669 989 2708 Β
1004 2669 1038 2708 C
1205 2669 1392 2723 παρεξήει
1425 2668 1455 2708 S
1468 2669 1507 2708 V
1523 2669 1561 2707 U
1593 2668 1654 2719 (it.
1682 2669 1750 2713 18)

89 2737 138 2776 13
175 2726 325 2768 Λυδικὰ
355 2725 490 2765 SVU
613 2725 682 2765 alt.
709 2727 754 2766 ἐκ
787 2726 879 2777 τῆς]
916 2727 1041 2794 αὐτῆς
1076 2724 1158 2764 SV
1261 2779 1279 2796 u
1326 2737 1374 2774 15
1414 2723 1586 2774 πέμπειν
1615 2722 1750 2793 S‘VQ

85 2780 388 2877 ἔτῇᾄεῖἶδτοὸξὸ
401 2780 439 2820 V
453 2780 638 2885 Uguaed
653 2793 758 2887 {px-e
767 2787 1003 2874 εέημελεὲο
1032 2782 1230 2886 &Spano-103
1252 2784 1422 2873 gnVUOW
1453 2779 1525 2872 1:22
1557 2781 1751 2874 ἐκέλἸεῚυιξέ

85 2889 126 2929 Α
139 2890 220 2930 BC
402 2903 455 2940 23
485 2893 531 2931 οὔ
550 2890 621 2943 κῃ]
643 2891 734 2940 οὐχὶ
757 2889 787 2928 S
800 2889 837 2927 V
853 2889 916 2929 U:
948 2890 1034 2930 οὐκὶ
1053 2888 1302 2938 Wesseling
1411 2886 1589 2929 τουτέων
1609 2886 1648 2925 Α
1664 2887 1698 2924 Β
1715 2887 1748 2925 C

87 2958 138 2995 24
167 2946 326 2994 ποδαπὴ
349 2945 462 2987 PU:
494 2945 654 2995 ποταπὴ
674 2944 738 2984 V:
768 2944 943 2986 ποταποὶ
974 2943 1029 2984 S:
1066 2945 1244 2994 ὁκοδαπὴ
1273 2941 1447 2983 Bekker
1607 2942 1686 2983 εἶεν
1715 2942 1747 2981 S

85 3011 139 3051 25
169 3000 329 3042 ἐκείνων
350 3000 383 3039 C

1775 318 1866 364 «εί
1898 310 2034 363 Ur*

1920 364 2034 397 ιψιαι
