2034 3328
719 102 1101 152 ΙΣΤΟΡΙΩΝ
1160 103 1202 152 Ε
1835 106 1897 159 V.
1924 117 1980 170 15

132 237 315 303 λίμνης
339 232 400 300 ἐξ
422 230 583 299 ἠθέων
609 230 972 298 ἐξαναστάντες
1001 234 1184 303 ἤγοντο
1209 236 1260 290 ἐς
1281 234 1372 300 τὴν
1396 234 1596 302 Ἀσίην.
1669 237 1716 288 οἱ
1746 237 1799 288 δὲ
1837 237 1899 287 16

133 320 247 384 περὶ
288 318 345 371 τὸ
391 317 656 387 Πάγγαιον
700 321 813 388 ὅρος
856 315 955 386 [καὶ
1001 319 1241 388 Δόβηρας
1287 321 1366 372 καὶ
1408 319 1676 388 Ἀγριᾶνας
1721 320 1802 372 καὶ

134 400 487 471 Ὀδομάντους]
539 403 620 456 καὶ
677 402 831 469 αὐτὴν
879 402 971 469 τὴν
1021 404 1203 470 λίμνην
1254 403 1345 468 τὴν
1398 403 1664 471 Πρασιάδα
1712 403 1801 456 οὐκ

135 488 476 559 ἐχειρώθησαν
504 487 666 557 ἀρχὴν
693 487 791 541 ὑπὸ
822 487 1146 555 Μεγαβάζου.
1235 486 1470 556 ἐπειρήθη
1495 491 1549 541 δὲ
1580 487 1659 540 καὶ
1686 486 1801 542 τοὺς

86 594 111 638 5
133 576 189 627 ἐν
211 574 270 646 τῇ
292 574 443 645 λίμνῃ
469 571 850 639 κατοικημένους
882 569 1120 640 ἐξαιρέειν
1142 574 1254 626 ὧδε·
1299 574 1432 640 ἵκρια
1462 572 1545 625 ἐπὶ
1575 577 1801 641 σταρρῶν
1830 579 1986 640 biku-

133 660 357 727 ὑψηλῶν
376 654 643 724 ἐζευγμένα
680 659 734 713 ἐν
761 655 894 730 μέσῃ
925 657 1104 723 ἕστηκε
1131 658 1191 730 τῇ
1221 658 1390 730 λίμνῃ,
1423 656 1602 710 ἔσοδον
1633 658 1687 710 ἐκ
1715 659 1802 722 τῆς

133 742 340 810 ἠπείρου
369 740 573 807 στεινὴν
597 742 780 811 ἔχοντα
808 742 896 814 μιῇ
918 742 1129 814 γεφύρῃ.
1195 741 1310 796 τοὺς
1339 743 1394 794 δὲ
1424 740 1666 809 σταυροὺς
1689 740 1802 796 τοὺς
1839 759 1865 791 2

110 817 450 881 ’ὑπεστεῶτας
474 830 607 878 τοῖσι
638 827 842 893 ἰκρίοισι
861 825 920 878 τὸ
948 825 1041 893 μέν
1064 846 1150 878 κου
1181 826 1391 895 ἀρχαῖον
1415 826 1641 891 ἔστησαν
1666 832 1803 898 κοινῇ

135 911 317 966 πάντες
346 914 392 964 οἱ
423 913 675 975 πολιῆται,
705 911 832 976 μετὰ
861 913 915 963 δὲ
945 911 1078 981 νόμῳ
1109 910 1384 980 χρεώμενοι
1415 912 1590 962 ἱστᾶσι
1611 913 1801 980 τοιῷδε·

63 1024 113 1055 10
137 996 417 1063 κομίζοντες
447 994 508 1061 ἐξ
532 997 670 1063 ὄρεος
699 1000 766 1066 τῷ
798 993 983 1061 οὔνομά
1013 996 1125 1047 ἐστι
1146 994 1414 1062 Ὄρβηλος
1446 996 1568 1046 κατὰ
1597 998 1804 1062 γυναῖκα

136 1079 353 1146 ἑκάστην
404 1081 432 1131 ὁ
481 1079 682 1148 γαμέων
725 1084 856 1148 τρεῖς
907 1078 1152 1147 σταυροὺς
1200 1080 1460 1144 ὑπίστησι·
1526 1077 1700 1147 ἄγεται
1750 1081 1803 1131 δὲ

136 1166 350 1219 ἕκαστος
396 1166 587 1233 συχνὰς
629 1169 880 1232 γυναῖκας.
967 1162 1189 1216 οἰκέουσι
1236 1166 1291 1216 δὲ
1334 1166 1557 1216 τοιοῦτον
1600 1163 1799 1229 τρόπον,
1841 1177 1866 1221 3

138 1248 355 1318 κρατέων
385 1249 598 1303 ἕκαστος
627 1248 710 1301 ἐπὶ
736 1252 841 1323 ,τῶν
864 1249 1033 1317 ἰκρίων
1058 1247 1283 1315 καλύβης
1311 1268 1366 1300 τε
1396 1249 1451 1300 ἐν
1473 1255 1534 1321 τῇ
1564 1249 1805 1299 διαιτᾶται

138 1335 217 1387 καὶ
249 1334 397 1402 θύρης
427 1335 742 1399 καταὶακτῆς
773 1335 854 1386 διὰ
875 1337 974 1386 τῶν
998 1334 1166 1400 ἰκρίων
1197 1331 1326 1385 κάτω
1351 1332 1606 1400 φερούσης
1635 1333 1686 1385 ἐς
1714 1330 1805 1395 τὴν
1826 1334 2034 1407 fut'dm

64 1422 112 1487 1‘5
135 1418 334 1485 λίμνην.
421 1419 485 1470 τὰ
526 1421 581 1472 δὲ
626 1416 778 1484 νήπια
822 1418 994 1471 παιδία
1039 1415 1210 1470 δέουσι
1251 1421 1340 1469 τοῦ
1381 1416 1533 1470 ποδὸς
1577 1414 1801 1485 σπάρτῳ,

136 1503 203 1570 μὴ
244 1503 581 1577 κατακυλισθῇ
622 1504 971 1569 δειμαίνοντες.
1058 1506 1191 1554 τοῖσι
1226 1503 1279 1554 δὲ
1316 1501 1518 1554 ἵπποισι
1558 1500 1637 1552 καὶ
1671 1504 1804 1552 τοῖσι
1839 1516 1867 1559 4

137 1587 451 1655 ὑποζυγίοισι
485 1586 766 1657 παρέχουσι
803 1587 990 1656 χόρτον
1026 1588 1183 1655 ἰχθῦς·
1228 1590 1328 1638 τῶν
1368 1587 1423 1637 δὲ
1462 1585 1653 1650 πλῆθός
1693 1586 1805 1636 ἐστι

137 1677 379 1725 τοσοῦτον
414 1672 562 1732 ὥστε,
595 1673 716 1724 ὅταν
749 1671 840 1736 τὴν
876 1671 1029 1739 θύρην
1062 1669 1152 1735 τὴν
1190 1668 1505 1734 καταπακτὴν
1541 1669 1800 1740 ἀνακλίνῃ,

141 1758 297 1810 κατίει
326 1758 535 1827 σχοινίῳ
567 1758 782 1826 σπυρίδα
813 1754 976 1820 κεινὴν
1001 1756 1052 1810 ἐς
1080 1753 1170 1820 τὴν
1199 1756 1383 1820 λίμνην
1414 1754 1493 1806 καὶ
1523 1753 1580 1805 οὐ
1610 1754 1804 1806 πολλόν
1832 1747 2031 1804 (να-αἱαὶ»

66 1868 117 1897 20
139 1862 249 1894 τινα
270 1841 454 1911 χρόνον
474 1842 700 1909 ἐπισχὼν
720 1841 924 1910 ἀνασπᾷ
946 1839 1141 1907 πλήρεα
1164 1838 1364 1906 ἰχθύων.
1431 1842 1530 1891 τῶν
1547 1840 1600 1890 δὲ
1620 1838 1803 1905 ἰχθύων

141 1925 251 1979 ἐστὶ
289 1924 439 1993 γένεα
476 1925 578 1991 δύο,
616 1925 731 1979 τοὺς
773 1923 1010 1976 καλέουσι
1050 1922 1310 1991 πάπρακάς
1352 1943 1409 1975 τε
1453 1922 1534 1975 καὶ
1572 1923 1802 1975 τίλωνας.

141 2011 376 2063 Παιόνων
397 2013 489 2075 μὲν
513 2009 572 2075 δὴ
596 2012 642 2062 οἱ
671 2007 994 2077 χειρωθέντες
1017 2007 1197 2076 ἤγοντο
1221 2008 1272 2063 ἐς
1295 2006 1386 2072 τὴν
1410 2006 1604 2071 Ἀσίην,
1632 2004 1802 2072 Μεγά-
1841 2016 1894 2067 17

140 2094 295 2160 βαζος
324 2097 379 2147 δὲ
409 2094 475 2149 ὡς
513 2094 816 2162 ἐχειρώσατο
844 2092 959 2146 τοὺς
990 2094 1226 2151 Παίονας,
1259 2090 1443 2157 πέμπει
1478 2088 1723 2158 ἀγγέλους
1753 2091 1804 2143 ἐς

143 2180 460 2244 Μακεδονίην
483 2177 661 2246 ἄνδρας
684 2179 809 2231 ἑπτὰ
831 2176 1051 2244 Πέρσας,
1077 2177 1124 2229 οἳ
1152 2174 1259 2242 μετ’
1284 2176 1434 2228 αὐτὸν
1458 2176 1648 2227 ἐκεῖνον
1671 2172 1803 2238 ἦσαν

0 2324 3 2325 ⁷
68 2288 117 2329 25
141 2263 466 2328 δοκιμώτατοι
502 2265 557 2315 ἐν
586 2267 653 2332 τῷ
689 2260 1025 2332 στρατοπέδῳ.
1113 2258 1394 2326 ἐπέμποντο
1424 2261 1477 2312 δὲ
1508 2259 1642 2311 οὗτοι
1673 2260 1805 2324 παρὰ

142 2345 390 2413 Ἀμύντην
413 2345 705 2412 αἰτήσοντες
727 2349 823 2414 γῆν
846 2367 901 2398 τε
925 2345 1002 2397 καὶ
1032 2345 1161 2411 ὕδωρ
1186 2345 1382 2414 Δαρείῳ
1404 2342 1634 2410 βασιλέϊ.
1694 2343 1803 2395 ἔστι
1839 2357 1864 2388 2

141 2433 196 2484 δὲ
226 2432 281 2483 ἐκ
309 2434 397 2498 τῆς
427 2430 715 2498 Πρασιάδος
749 2431 930 2496 λίμνης
965 2430 1208 2495 σύντομος
1245 2427 1397 2495 κάρτα
1432 2429 1483 2481 ἐς
1512 2427 1601 2492 τὴν
1634 2430 1801 2478 Μακε-

141 2515 325 2581 δονίην.
357 2557 363 2563 .
414 2520 584 2582 πρῶτα
612 2517 704 2581 μὲν
733 2515 829 2581 γὰρ
861 2514 1030 2582 ἔχεται
1059 2516 1146 2578 τῆς
1174 2513 1353 2578 λίμνης
1381 2510 1439 2563 τὸ
1466 2509 1721 2577 μέταλλον
1749 2507 1809 2572 ἐξ

197 2665 223 2692 2
251 2652 322 2706 τὸ]
344 2670 392 2695 τε
412 2652 500 2692 ΑΒ
514 2651 549 2692 C
658 2653 723 2693 καὶ
744 2681 754 2692 .
779 2681 789 2691 .
815 2682 824 2692 .
849 2649 1118 2703 Ὀδομάντους
1140 2648 1314 2690 seclusit
1335 2648 1455 2689 Stein
1569 2647 1803 2701 Ἀγριᾶννας

144 2707 280 2748 SVU
375 2719 403 2758 3
422 2705 670 2758 Ὀδομάντας
687 2707 717 2746 S
731 2706 769 2745 V
864 2708 892 2746 6
913 2704 1135 2754 ἑστήκεεΑ
1151 2705 1186 2743 Β
1202 2705 1235 2744 C
1251 2704 1284 2743 P
1382 2716 1404 2753 7
1425 2703 1484 2743 alt
1509 2702 1622 2755 τοὺς]
1635 2702 1804 2744 τούτους

144 2762 280 2802 SVU
427 2763 454 2801 8
482 2763 550 2814 τὸ]
571 2765 696 2803 τοῦτο
719 2761 798 2801 SV
814 2760 853 2801 U
1003 2774 1053 2799 10
1085 2762 1218 2812 οὔρεος
1240 2759 1274 2799 C
1291 2757 1419 2798 PSV
1569 2770 1618 2795 12
1647 2758 1804 2797 πολλὰς

145 2816 179 2856 Ρ
193 2817 222 2856 S
237 2817 273 2856 V
290 2816 328 2857 U
465 2819 615 2859 οἰκεῦσι
638 2817 668 2856 S
807 2819 954 2857 τοῦτον
972 2816 1046 2856 τὸν
1066 2813 1200 2854 SVU
1410 2826 1457 2863 13
1486 2830 1532 2853 τε
1552 2825 1635 2852 om.
1660 2812 1690 2851 S
1708 2811 1745 2849 V
1764 2811 1802 2849 U

141 2869 168 2919 ἦ
208 2872 242 2910 L
451 2913 455 2916 ,
483 2883 530 2920 14
578 2874 856 2925 καταρρακτῆς
906 2870 1065 2909 Reiske
1315 2880 1362 2917 15
1410 2871 1482 2909 τοῦ
1530 2867 1667 2908 παιδὸς
1703 2865 1742 2904 V
1765 2865 1804 2905 U

142 2913 197 2965 Ι18
216 2930 389 2968 τοσοῦτο
411 2925 451 2965 Α
463 2926 500 2965 Β
616 2939 666 2976 19
690 2927 842 2979 σχοίνῳ
859 2925 898 2963 Α
913 2926 947 2964 Β
961 2925 994 2963 C
1011 2924 1044 2963 P
1120 2924 1240 2972 κενὴν
1254 2922 1294 2961 Α
1310 2922 1342 2962 Β
1454 2933 1506 2971 25
1528 2925 1570 2962 ἐν
1585 2926 1643 2962 τῶ
1661 2937 1802 2972 στρατ.

144 2984 272 3032 δοκιμ.
295 2980 430 3021 SVU
544 2982 590 3030 δὴ
613 2980 645 3020 S
756 2993 808 3030 27
840 2983 884 3021 ἐκ
904 2980 977 3028 τῆς
997 2992 1077 3018 om.
1105 2978 1184 3017 SV
1201 2978 1238 3016 U
1352 2978 1405 3016 28
1435 2982 1592 3030 πρῶτον
1612 2974 1651 3014 Α
1666 2974 1700 3014 Β
1715 2975 1749 3014 C
