2132 3340
39 106 126 164 vl.
154 107 248 167 136
901 87 1332 154 ΗΡοΔοΤοτ

0 233 340 337 maj&
370 233 584 287 θανάτου
562 235 883 301 ὑπαγαγὼν
912 236 1006 287 ὑπὸ
1037 234 1124 286 τὸν
1158 238 1312 300 δῆμον
1344 234 1624 288 Μιλτιάδεα
1653 236 1824 291 ἐδίωκε
1852 238 1941 301 τῆς

0 341 122 392 my
142 351 153 366 ι
285 318 608 383 Ἀθηναίων’
584 318 775 382 απάτης
800 320 1002 371 εἵνεκεν.
1079 317 1358 384 Μιλτιάδης
1381 321 1434 371 δὲ
1457 319 1602 373 αὐτὸς
1623 339 1715 384 μεν
1744 319 1941 384 παρεὼν

284 402 370 453 οὐκ
394 400 698 469 ἀπελογέετο
716 401 794 466 (ἧν
817 404 912 469 γὰρ
931 403 1224 457 ἀδύνατος
1188 424 1320 455 ωστε
1344 401 1628 473 σηπομένου
1647 407 1732 453 τοῦ
1748 399 1935 468 μηροῦ),
1944 398 2132 462 ”umba

283 484 604 552 προκειμένου
645 488 696 537 δὲ
734 487 881 538 αὐτοῦ
916 488 970 538 ἐν
1008 488 1151 558 κλίνῃ
1191 485 1652 552 ὑπεραπελογέοντο
1687 488 1734 538 οἱ
1779 486 1937 552 φίλοι,

282 573 370 634 τῆς
396 568 561 637 μάχης
584 591 638 621 τε
668 573 754 634 τῆς
784 572 838 621 ἐν
870 573 1144 637 Μαραθῶνι
1174 569 1444 637 γενομένης
1476 572 1644 621 πολλὰ
1668 571 1936 635 ἐπιμεμνη-
1964 591 1986 630 5

281 652 421 718 μένοι
473 655 552 706 καὶ
596 653 688 718 τὴν
731 653 935 719 Λήμνου
979 655 1187 720 αἵρεσιν,
1230 654 1295 707 ὣς
1340 654 1467 706 ἑλὼν
1512 653 1715 718 Λῆμνόν
1758 674 1814 705 τε
1859 653 1940 704 καὶ

217 748 243 791 3
281 736 574 803 τεισάμενος
604 738 727 809 τοὺς
749 737 1050 804 Πελασγοὺς
1086 737 1339 804 παρέδωκε
1366 737 1692 802 Ἀθηναίοισι.
1781 757 1936 803 προσ-

5 820 548 887 Μπνυὼῦὒγ-ςνομένου
578 824 631 873 δὲ
661 826 745 872 τοῦ
775 820 928 886 δήμου
961 822 1088 891 αὐτῷ
1122 823 1242 872 κατὰ
1271 821 1361 885 τὴν
1392 821 1642 873 ἀπόλυσιν
1672 824 1758 871 τοῦ
1787 819 1936 872 θανά-

280 926 380 963 του,
407 906 740 969 ζημιώσαντος
758 907 810 956 δὲ
835 907 958 956 κατὰ
981 904 1072 968 τὴν
1091 906 1283 970 ἀδικίην
1302 903 1609 968 πεντήκοντα
1627 902 1935 963 ταλάντοισι,
2050 942 2069 957 χ

0 992 227 1078 'vv-vdua
282 987 560 1053 Μιλτιάδης
589 992 679 1053 μὲν
708 990 833 1054 μετὰ
851 993 1006 1040 ταῦτα
1037 989 1443 1057 σφακελίσαντός
1472 1009 1526 1040 τε
1555 991 1643 1038 τοῦ
1670 991 1827 1054 μηροῦ
1859 988 1939 1039 καὶ
1966 1010 2014 1037 10

281 1071 529 1126 σαπέντος
550 1074 771 1142 τελευτᾷ,
796 1074 856 1123 τὰ
885 1075 938 1125 δὲ
962 1071 1266 1137 πεντήκοντα
1287 1071 1510 1124 τάλαντα
1532 1070 1751 1136 ἐξέτεισε
1775 1072 1801 1122 6
1824 1076 1939 1126 παῖς

280 1156 426 1207 αὐτοῦ
454 1158 641 1221 Κίμων.

154 1247 241 1296 137
364 1243 567 1304 Λῆμνον
603 1243 655 1292 δὲ
694 1238 975 1304 Μιλτιάδης
1012 1242 1038 1291 ὁ
1067 1242 1295 1306 Κίμωνος
1334 1241 1430 1292 ὧδε
1470 1240 1610 1307 ἔσχε·
1671 1238 1938 1304 Πελασγοὶ

222 1353 224 1355 >
280 1325 444 1376 ἐπείτε
473 1325 527 1375 ἐκ
550 1327 637 1388 τῆς
661 1323 888 1388 Ἀττικῆς
916 1324 1012 1376 ὑπὸ
1035 1324 1311 1389 Ἀθηναίων
1344 1322 1712 1389 ἐξεβλήθησαν,
1741 1323 1838 1374 εἴτε
1868 1319 1937 1374 ὧν

280 1406 337 1471 δὴ
363 1408 561 1462 δικαίως
586 1410 685 1460 εἴτε
707 1409 902 1462 ἀδίκως·
946 1413 1091 1460 τοῦτο
1121 1411 1217 1475 γὰρ
1249 1407 1334 1459 οὐκ
1359 1408 1459 1475 ἔχω
1485 1405 1694 1474 φράσαι,
1719 1404 1853 1469 πλὴν
1875 1407 1936 1457 τᾶ
1962 1427 2012 1468 15

278 1492 652 1557 λεγόμενα,’ὅτι
680 1491 940 1545 Ἑκαταῖος
969 1495 1058 1558 μὲν
1090 1493 1116 1542 6
1143 1490 1497 1559 εΗγησάνδρου
1526 1490 1690 1558 ἔφησε
1720 1492 1774 1541 ἐν
1801 1494 1937 1541 τοῖσι

217 1588 242 1619 2
279 1575 481 1642 λόγοισι
504 1574 671 1642 λέγων
701 1577 894 1629 ἀδίκως·
941 1578 1107 1628 ἐπείτε
1130 1578 1225 1643 γὰρ
1251 1578 1372 1628 ἰδεῖν
1395 1575 1509 1629 τοὺς
1531 1574 1823 1639 Ἀθηναίους
1846 1572 1936 1637 τὴν

279 1660 464 1727 χώρην,
475 1657 565 1724 τήν
574 1669 670 1725 σφι
691 1659 828 1711 αὐτοὶ
847 1659 942 1711 ὑπὸ
960 1660 1046 1711 τὸν
1054 1659 1314 1724 Ὑμησσὸν
1335 1661 1516 1711 ἐοῦσαν
1535 1659 1717 1710 ἔδοσαν
1737 1658 1937 1721 οἰκῆσαι

278 1742 461 1807 μισθὸν
490 1748 577 1794 τοῦ
599 1744 791 1812 τείχεος
812 1748 898 1794 τοῦ
927 1744 1039 1810 περὶ
1061 1743 1151 1807 τὴν
1175 1744 1448 1810 ἀκρόπολίν
1473 1764 1584 1794 κοτε
1607 1739 1934 1806 ἐληλαμένου,

278 1826 462 1890 ταύτην
509 1827 573 1880 ὡς
623 1829 744 1878 ἰδεῖν
795 1827 908 1880 τοὺς
954 1826 1247 1891 Ἀθηναίους
1300 1825 1669 1894 ἐξεργασμένην
1727 1825 1796 1883 εὖ,
1845 1823 1936 1888 τὴν
1962 1845 2012 1874 20

279 1911 517 1975 πρότερον
566 1911 691 1962 εἶναι
743 1909 895 1975 κακήν
941 1932 994 1962 τε
1039 1911 1120 1962 καὶ
1163 1916 1250 1963 τοῦ
1287 1914 1496 1976 μηδενὸς
1539 1909 1698 1974 ἀξίην,
1752 1912 1936 1972 λαβεῖν

280 1994 470 2059 φθόνον
500 2015 554 2045 τε
586 1994 663 2045 καὶ
693 1995 862 2060 ἵμερον
892 1997 979 2058 τῆς
1009 1997 1116 2061 γῆς,
1151 1996 1230 2047 καὶ
1260 1996 1415 2049 οὕτως
1447 1993 1729 2059 ἐξελαύνειν
1760 1990 1935 2045 αὐτοὺς

280 2076 509 2141 οὐδεμίαν
554 2077 716 2142 ἄλλην
752 2078 1026 2145 πρόφασιν,
1047 2078 1442 2146 προϊσχομένους
1473 2077 1588 2130 τοὺς
1622 2075 1932 2140 Ἀθηναίους.

215 2175 242 2219 3
282 2160 345 2213 ὣς
377 2163 428 2211 δὲ
460 2161 597 2212 αὐτοὶ
621 2160 878 2225 Ἀθηναῖοι
900 2161 1126 2227 λέγουσι,
1154 2162 1350 2215 δικαίως
1376 2160 1628 2225 ἐξελάσαι.
1705 2179 1929 2222 κατοικη-

278 2240 456 2307 μένους
507 2246 602 2310 γᾶρ
651 2245 765 2297 τοὺς
812 2244 1114 2311 Πελασγοὺς
1158 2247 1253 2296 ὑπὸ
1300 2250 1368 2314 τῷ
1414 2244 1657 2313 (Ὑμησσῷ
1707 2244 1933 2294 ἐνθεῦτεν
1959 2260 2008 2302 25

280 2326 595 2392 ὁρμωμένους
643 2326 856 2379 ἀδικέειν
905 2328 1038 2380 τάδε·
1098 2332 1280 2394 φοιτᾶν
1327 2330 1422 2395 γὰρ
1462 2327 1520 2392 δὴ
1557 2329 1645 2381 τὰς
1684 2324 1933 2392 σφετέρας

279 2409 550 2477 θυγατέρας
589 2406 661 2477 [τε
703 2412 781 2463 καὶ
817 2412 929 2465 τοὺς
966 2410 1160 2478 παῖδας]
1203 2411 1280 2463 ἐπ’
1316 2413 1444 2478 ὕδωρ
1478 2411 1560 2463 ἐπὶ
1600 2410 1690 2475 τὴν
1726 2406 1928 2460 Ἐννεά-

335 2560 353 2585 Ι
396 2549 561 2600 ἀγαγὼν
588 2548 726 2588 ABC
866 2548 1094 2598 Μιλτιάδην
1124 2549 1163 2588 R
1179 2549 1208 2588 S
1224 2549 1300 2602 [V]
1522 2559 1547 2598 5
1586 2564 1634 2587 τε
1666 2549 1748 2587 τῶν
1779 2547 1822 2586 ἐν
1851 2544 1933 2584 SV

279 2615 302 2650 7
332 2602 469 2653 τισάμ.
491 2603 524 2641 L
635 2603 950 2657 προσγινομένου
974 2604 1013 2642 R
1028 2604 1057 2643 S
1070 2605 1109 2643 V
1217 2617 1244 2653 9
1273 2602 1488 2645 ταλάντοις
1504 2602 1571 2640 R.
1601 2600 1787 2641 τάλαντα
1807 2598 1837 2637 S
1853 2598 1930 2650 [V]

281 2668 332 2694 10
360 2674 407 2697 τε
428 2670 510 2697 om.
535 2657 568 2696 P
584 2658 623 2695 R
642 2658 672 2697 S
687 2659 727 2697 V
894 2671 939 2698 11
975 2657 1129 2709 ἐξέτισε
1151 2658 1184 2696 L
1224 2681 1227 2683 -
1335 2657 1384 2695 18
1408 2665 1482 2705 σφι
1502 2656 1613 2697 αὐτοὶ
1636 2653 1933 2692 Herwerden:

277 2711 457 2763 σφίσι(ν)
476 2712 694 2763 αὐτοισκν)
715 2713 749 2751 L
860 2716 942 2752 τῶν
964 2713 998 2750 Β
1015 2713 1052 2750 V
1186 2725 1235 2762 19
1261 2710 1363 2752 ποτὲ
1381 2710 1469 2749 ΑΒ
1483 2710 1517 2749 C
1647 2720 1699 2757 23
1728 2706 1819 2747 οὐδὲ
1838 2706 1933 2756 μίην

275 2764 372 2803 ΑΒ
610 2766 1072 2816 24a1'1r020m.RSV
1290 2768 1344 2804 26
1372 2763 1613 2814 δὴΚΞν.
1645 2759 1933 2803 alelABCP

277 2819 495 2872 σφετέρας]
518 2820 663 2873 φρενας
685 2821 719 2860 C
884 2834 934 2871 27
966 2838 1012 2862 τε
1033 2822 1099 2862 καὶ
1118 2821 1212 2863 τοὺς
1232 2823 1374 2862 παῖδας
1393 2817 1720 2858 dcl.Schaefe1-:
1752 2815 1816 2856 καὶ
1836 2814 1931 2855 τοὺς

277 2877 415 2914 παῖδας
436 2887 515 2914 om.
542 2876 572 2913 S
