2132 3340
71 77 209 127 VIII.
237 91 330 139 144

711 77 1146 127 ΗΡΟΔΟΤΟΤ
1207 80 1585 128 ΙΣΤΟΡΙΩΝ
1646 82 1696 130 Θ

365 228 505 273 μενοι
544 205 599 257 τὸ
637 206 916 272 Ἀθηναίων
960 209 1193 275 φρόνημα
1237 211 1534 277 ἀρρωδῆσαι,
1579 212 1657 263 ὅτι
1697 210 1810 264 οὔτε
1848 211 2036 280 χρυσός

367 294 477 344 ἐστι
519 294 610 358 γῆς
655 291 892 357 οὐδαμόθι
935 298 1174 348 τοσοῦτος
1215 294 1326 346 οὔτε
1371 295 1508 364 χώρη
1551 293 1728 347 κάλλεϊ
1770 294 1848 347 καὶ
1887 296 2036 369 ἀρετῇ

364 375 494 442 μέγα
530 374 897 444 ὑπερφέρουσα,
935 379 998 429 τὰ
1041 378 1181 442 ἡμεῖς
1222 376 1481 444 δεξάμενοι
1513 378 1767 445 ἐθέλοιμεν
1805 378 1867 432 ἂν
1901 381 2035 444 μηδί-

366 482 546 514 σαντες
596 465 974 513 καταδουλῶσαι
1022 461 1112 526 τὴν
1165 461 1411 515 ςΕλλάδα.
1498 462 1667 516 πολλά
1702 470 1767 516 ’τε
1813 465 1906 531 γὰρ
1954 465 2036 519 καὶ

364 543 561 611 μεγάλα
608 545 717 597 ἐστὶ
769 547 831 597 τὰ
885 547 1224 598 διακωλύοντα
1273 552 1425 600 ταῦτα
1469 547 1534 613 μὴ
1583 546 1770 600 ποιέειν
1815 547 1945 613 μηδ’,
1973 544 2036 613 ἢν
2058 570 2081 612 5

366 628 630 694 ἐθέλωμεν,
664 635 834 696 πρῶτα
868 633 960 695 μὲν
1003 630 1082 682 καὶ
1115 630 1332 699 μέγιστα
1372 637 1470 684 τῶν
1510 635 1637 684 θεῶν
1670 634 1732 684 τὰ
1770 631 2036 699 ἀγάλματά

365 715 445 766 καὶ
475 716 536 765 τὰ
565 712 807 779 οἰκήματα
839 715 1228 782 ἐμπεπρησμένα
1260 738 1315 769 τε
1346 715 1425 768 καὶ
1456 715 1867 785 συγκεχωσμένα,
1900 721 2034 769 τοῖσι

363 797 840 866 ἡμέαςάναγκαίως
882 799 990 867 ἔχει
1029 799 1284 867 τιμωρέειν
1327 803 1378 854 ἐς
1415 802 1477 852 τὰ
1515 799 1731 868 μέγιστα
1768 803 1968 866 μᾶλλον
2000 799 2034 867 ἤ

366 903 455 948 περ
493 882 784 949 ὁμολογέειν
820 884 886 954 τῷ
921 888 1072 935 ταῦτα
1111 884 1451 955 ἐργασαμένῳ,
1491 885 1627 939 αὖτις
1663 887 1717 937 δὲ
1757 884 1814 937 τὸ
1842 884 2029 949 Ἑλλη-

363 968 517 1026 νικόν,
552 967 635 1019 ἐὸν
664 968 875 1033 ὅμαιμόν
912 990 967 1020 τε
1005 969 1084 1020 καὶ
1109 967 1476 1036 ὁμόγλωσσον,
1511 971 1591 1021 καὶ
1632 972 1757 1021 θεῶν
1796 967 2033 1036 ἱδρύματά
2063 989 2110 1020 ιο

365 1073 419 1104 τε
450 1054 589 1103 κοινὰ
610 1052 687 1103 καὶ
706 1053 875 1104 θυσίαι
894 1051 1017 1117 ἤθεά
1036 1074 1091 1105 τε
1113 1054 1382 1120 ὁμότροπα,
1407 1058 1505 1106 τῶν
1529 1054 1772 1119 προδότας
1794 1052 2032 1120 γενέσθαι

364 1134 655 1200 Ἀθηναίους
686 1136 770 1188 οὐκ
801 1135 863 1189 ἂν
901 1136 953 1189 εὗ
985 1137 1112 1205 ἔχοι.
1187 1137 1469 1190 ἐπίστασθέ
1505 1158 1559 1189 τε
1595 1137 1735 1197 οὕτω,
1770 1139 1812 1190 εἰ
1845 1137 1912 1203 μὴ
1951 1137 2032 1189 καὶ

365 1220 604 1287 πρότερον
648 1219 945 1288 ἐτυγχάνετε
991 1220 1329 1287 ἐπιστάμενοι,
1380 1220 1487 1273 ἔστ’
1534 1221 1595 1273 ἂν
1641 1221 1719 1273 καὶ
1764 1222 1834 1275 εἷς
1886 1229 2032 1294 περιῇ

364 1303 659 1368 Ἀθηναίων,
701 1308 901 1370 μηδαμὰ
949 1305 1358 1373 ὁμολογήσοντας
1405 1305 1559 1371 ἡμέας
1602 1304 1783 1377 Ξέρξῃ.
1869 1303 2031 1370 ὑμέων

363 1388 534 1453 μέντοι
579 1387 805 1455 ἀγάμεθα
847 1389 938 1454 τὴν
983 1391 1219 1456 προνοίην
1257 1389 1348 1454 τὴν
1389 1392 1439 1443 ἐς
1480 1388 1635 1455 ἡμέας
1675 1390 1912 1458 ἔχουσαν,
1953 1390 2032 1442 ὅτι
2059 1407 2106 1449 15

364 1474 619 1538 προείδετε
673 1471 839 1538 ἡμέων
900 1473 1334 1541 οἰκοφθορημένων
1394 1475 1519 1526 οὕτω
1578 1475 1711 1526 ὥστε
1760 1471 2031 1540 ἐπιθρέψαι

366 1556 557 1609 ἐθέλειν
592 1556 757 1622 ἡμέων
794 1557 907 1611 τοὺς
948 1557 1156 1612 οἰκέτας.
1247 1559 1326 1610 καὶ
1362 1559 1477 1624 ὑμῖν
1518 1561 1607 1623 μὲν
1636 1558 1666 1623 ᾖ
1699 1556 1844 1627 χάρις
1885 1559 2026 1619 ἐκπε-

364 1640 636 1708 πλήρωται,
663 1642 804 1707 ἡμεῖς
833 1641 1004 1707 μέντοι
1034 1641 1380 1717 λιπαρήσομεν
1412 1644 1537 1694 οὕτω
1568 1643 1693 1696 ὅκως
1725 1641 1786 1694 ἂν
1816 1630 2132 1710 ἔχωμεν,“ἦᾹ

365 1725 506 1778 οὐδὲν
535 1725 805 1780 λυπέοντες
833 1724 999 1792 ὑμέας.
1075 1732 1162 1779 νῦν
1182 1725 1251 1787 δέ,
1279 1727 1344 1781 ὡς
1375 1728 1499 1779 οὕτω
1530 1727 1766 1795 ἐχόντων,
1793 1725 2030 1794 στρατιὴν
2050 1700 2132 1743 ω

365 1809 430 1864 ὡς
452 1809 671 1878 τάχιστα
706 1810 996 1877 ἐκπέμπετε.
1086 1811 1150 1864 ὡς
1186 1813 1281 1878 γὰρ
1316 1812 1457 1877 ἡμεῖς
1495 1810 1767 1877 εἰκάζομεν,
1792 1811 1879 1863 οὐκ
1916 1811 2030 1864 ἑκὰς
2055 1827 2106 1858 20

364 1895 548 1962 χρόνου
591 1893 835 1961 παρέσται
880 1897 907 1946 ὁ
951 1895 1213 1962 βάρβαρος
1257 1896 1497 1961 ἐσβαλὼν
1541 1897 1592 1949 ἐς
1635 1894 1725 1959 τὴν
1768 1894 2026 1961 ἡμετέρην,

365 1978 480 2029 ἀλλ’
512 1980 663 2030 ἐπεὰν
693 1978 912 2047 τάχιστα
948 1979 1162 2044 πύθηται
1196 1979 1286 2044 τὴν
1317 1980 1558 2047 ἀγγελίην
1589 1979 1664 2030 ὅτι
1704 1979 1845 2032 οὐδὲν
1885 1976 2026 2043 ποιή-

365 2083 520 2127 σομεν
560 2068 659 2115 τῶν
704 2065 889 2117 ἐκεῖνος
932 2063 1100 2129 ἡμέων
1143 2063 1456 2130 προσεδέετο.
1531 2063 1647 2130 πρὶν
1690 2060 1758 2115 ὧν
1802 2066 2029 2130 παρεῖναι
2073 2123 2078 2125 ,

365 2147 554 2198 ἐκεῖνον
597 2149 647 2201 ἐς
690 2147 781 2212 τὴν
826 2146 1076 2212 Ἀττικήν,
1119 2148 1271 2213 ὑμέας
1317 2148 1481 2214 καιρός
1524 2149 1634 2199 ἐστι
1677 2150 2029 2215 προβοηθῆσαι

366 2232 417 2283 ἐς
445 2229 535 2294 τὴν
574 2231 834 2296 Βοιωτίην.
911 2234 958 2284 οἱ
993 2234 1086 2297 μὲν
1121 2236 1277 2284 ταῦτα
1313 2229 1719 2300 ὑποκριναμένων
1750 2231 2028 2296 Ἀθηναίων
2054 2247 2102 2288 25

364 2313 763 2367 ἀπαλλάσσοντο
797 2317 846 2369 ἐς
879 2314 1128 2383 Σπάρτην.

420 2464 442 2501 7
473 2453 524 2493 τὰ
545 2453 745 2502 οἰκήματα
765 2455 815 2494 τὰ
839 2453 921 2492 SV
1062 2453 1344 2507 ἐμπεπρημένα
1361 2453 1449 2492 ΑΒ
1465 2454 1499 2493 C
1718 2467 1746 2504 9
1774 2457 1879 2495 τοῖσι
1899 2456 2028 2494 ταῦτα

366 2506 701 2558 ἐργασαμένοισιν
723 2508 762 2546 R
777 2509 858 2547 SV
986 2521 1035 2547 10
1066 2509 1130 2549 ἐὸν
1152 2522 1233 2548 om.
1259 2509 1293 2548 P
1418 2522 1463 2548 11
1496 2507 1609 2549 3⁸:qu
1625 2509 1659 2547 B
1675 2509 1708 2548 C
1724 2509 1757 2547 P
1884 2521 1932 2547 12
1961 2509 2026 2549 καὶ

364 2560 676 2600 om.ABCP
900 2574 948 2612 15
994 2565 1048 2604 εἷς
1081 2563 1147 2603 R:
1192 2564 1287 2616 πρὸς
1321 2562 1508 2602 ABCP
1658 2566 1803 2604 ἐοῦσαν
1840 2561 2027 2602 ABCP

369 2617 417 2653 16
455 2616 633 2669 οἶκοφορ.
666 2617 706 2655 R
837 2648 839 2652 .
924 2630 971 2667 17
1012 2618 1107 2668 ἡμῖν
1134 2617 1250 2656 VSm
1465 2618 1513 2656 18
1547 2616 1667 2668 ἡμέες
1699 2617 1834 2656 RSV
1865 2617 1929 2669 (it.
1951 2618 2026 2668 20)

365 2682 419 2708 20
449 2673 516 2710 ε’ἇς
539 2670 689 2723 χρόνον
711 2671 745 2709 C
903 2685 955 2709 22
988 2672 1108 2712 ἐπεὰν
1131 2672 1344 2712 Bredow:
1378 2673 1536 2712 ἐπειδὰν
1559 2672 1592 2710 L
1757 2684 1809 2720 23
1838 2670 2026 2725 προσεδέ-

365 2739 459 2764 κετο
482 2724 515 2763 C
731 2738 783 2773 24
815 2725 936 2775 ὑμέας
957 2722 1208 2775 Wesseling
1227 2740 1236 2765 :
1266 2725 1389 2777 ἡμέας
1411 2727 1444 2764 L
1582 2727 1870 2774 προσβωθῆσαι
1891 2725 1930 2763 R
1945 2723 2027 2765 SV

365 2789 416 2826 25
447 2779 616 2828 Βιωτίην
639 2780 679 2818 R
791 2781 829 2820 οἶ
848 2809 858 2819 .
883 2810 894 2820 .
918 2809 929 2819 .
954 2779 1142 2834 Σπάρτην
1162 2780 1205 2819 in
1227 2780 1434 2831 principio
1454 2781 1479 2819 1.
1505 2779 1562 2822 ix,
1585 2780 1631 2831 P,
1657 2780 1878 2830 utrobique
1898 2778 1988 2818 rell.
