2132 3340
719 59 1095 107 ΙΣΤΟΡΙΩΝ
1172 59 1220 107 H
1844 62 2073 122 VII.170

131 187 442 256 ’καλευμένην
464 190 734 243 ἀποθανεῖν
756 191 908 261 βιαίῳ
934 190 1144 262 θανάτῳ.
1212 192 1307 243 ἀνὰ
1331 193 1383 243 δὲ
1406 191 1590 258 χρόνον
1611 194 1805 257 Κρῆτας

135 278 249 327 θεοῦ
297 268 462 342 σφέας
509 275 884 342 ἐποτρύναντος,
935 275 1125 331 πάντας
1172 275 1307 340 πλὴν
1355 273 1702 344 Πολιχνιτέων
1750 297 1805 328 τε

135 357 213 411 καὶ
265 359 542 426 Πραισίων,
597 358 926 426 ἀπικομένους
985 362 1153 431 στόλῳ
1212 359 1415 431 μεγάλῳ
1468 362 1518 414 ἐς
1569 362 1805 425 Σικανίην

135 442 448 510 πολιορκέειν
491 443 570 496 ἐπ’
611 443 724 496 ἔτεα
767 443 917 497 πέντε
962 445 1112 498 πόλιν
1154 445 1393 511 Καμικόν,
1436 444 1527 510 τὴν
1573 444 1677 497 κατ’
1719 446 1805 510 ἐμὲ

85 548 108 589 5
135 528 513 596 Ἀκραγαντῖνοι
543 526 794 594 ἐνέμοντο.
861 529 1007 583 τέλος
1037 533 1090 583 δὲ
1121 530 1176 581 οὐ
1208 528 1504 594 δυναμένους
1528 530 1639 583 οὔτε
1671 533 1806 582 ἑλεῖν
1843 553 1869 585 2

134 613 248 664 οὔτε
282 611 581 679 παραμένειν
613 619 743 683 λιμῷ
781 620 1142 682 συνεστεῶτας,
1181 614 1521 668 ἀπολιπόντας
1556 617 1803 683 οἴχεσθαι.
1828 614 2132 672 haudbm

135 697 201 751 ὡς
231 699 284 749 δὲ
315 699 438 749 κατὰ
460 696 714 765 Ἰηπυγίην
739 698 977 766 γενέσθαι
1001 698 1263 759 πλέοντας,
1289 699 1618 765 ὑπολαβόντα
1641 697 1807 766 σφέας

133 785 356 850 χειμῶνα
383 781 544 849 μέγαν
568 783 807 849 ἐκβαλεῖν
832 785 882 837 ἐς
904 783 992 849 τὴν
1018 787 1129 851 γῆν·
1177 782 1594 852 συναραχθέντων
1625 786 1678 836 δὲ
1708 789 1807 836 τῶν

134 866 325 919 πλοίων
348 865 600 932 (οὐδεμίαν
623 866 718 935 γάρ
743 874 842 936 σφι
871 868 945 920 ἔτι
970 868 1174 934 κομιδὴν
1199 870 1250 923 ἐς
1276 867 1475 936 Κρήτην
1500 866 1804 936 φαίνεσθαι),

61 969 111 998 10
135 953 346 1004 ἐνθαῦτα
375 950 547 1018 Ὑρίην
578 953 728 1005 πόλιν
759 953 1029 1008 κτίσαντας
1065 955 1360 1021 καταμεῖναί
1385 975 1440 1006 τε
1472 954 1551 1006 καὶ
1578 959 1803 1020 μεταβα-

132 1036 317 1091 λόντας
361 1036 472 1088 ἀντὶ
514 1040 606 1102 μὲν
647 1041 856 1105 Κρητῶν
892 1036 1133 1106 γενέσθαι
1171 1036 1407 1105 Ἰήπυγας
1452 1040 1803 1098 Μεσσαπίους,

133 1120 242 1173 ἀντὶ
279 1122 332 1173 δὲ
369 1121 494 1174 εῖναι
534 1122 782 1188 νησιώτας
817 1122 1111 1190 ἠπειρώτας.
1199 1121 1298 1175 ἀπὸ
1334 1125 1389 1175 δὲ
1424 1121 1594 1190 Ὑρίης
1628 1123 1807 1178 πόλιος
1844 1142 1870 1186 3

131 1207 220 1259 τὰς
249 1204 410 1260 ἄλλας
440 1207 643 1267 οἰκίσαι,
670 1208 758 1260 τὰς
788 1206 847 1272 δὴ
870 1211 1171 1275 Ταραντῖνοι
1199 1208 1363 1278 χρόνῳ
1394 1209 1607 1275 ὕστερον
1630 1213 1805 1278 πολλῷ

133 1288 484 1355 ἐξανιστάντες
524 1290 908 1359 προσέπταισαν
951 1291 1200 1360 μεγάλως,
1243 1292 1376 1345 ὥστε
1419 1293 1576 1360 φόνος
1614 1291 1802 1357 Ἑλλη-

61 1391 109 1433 15
134 1378 268 1428 νικὸς
301 1373 541 1442 μέγιστος
579 1376 721 1430 οὗτος
757 1375 815 1441 δὴ
856 1375 1063 1444 ἐγένετο
1093 1377 1293 1430 πάντων
1332 1382 1429 1428 τῶν
1466 1377 1607 1443 ἡμεῖς
1646 1379 1802 1442 ἴδμεν,

134 1460 296 1512 αὐτῶν
337 1481 394 1512 τε
435 1461 758 1528 Ταραντίνων
804 1461 882 1513 καὶ
922 1460 1180 1540 Ῥηγίνων,
1223 1461 1272 1514 οι
1314 1460 1412 1514 ὑπὸ
1453 1462 1679 1513 Μικύθου
1718 1465 1805 1513 τοῦ
1823 1467 2132 1531 somma-,q-

135 1544 316 1611 Χοίρου
362 1545 810 1613 ἀναγκαζόμενοιῦ
769 1567 861 1613 gout
823 1534 901 1609 ὗν·
935 1546 1104 1613 ,ἀστῶν
1131 1535 1263 1598 καί
1268 1546 1562 1611 ἀπικόμενοι
1599 1528 2053 1613 τιμωροὶωεὶ11ΜΜ
2075 1563 2087 1572 ·

132 1629 489 1696 Ταραντίνοισι
523 1629 774 1683 ἀπέθανον
810 1632 1088 1699 τρισχίλιοι
1123 1631 1274 1683 οὗτοι·
1322 1630 1484 1683 αὐτῶν
1517 1632 1571 1683 δὲ
1606 1634 1801 1697 Ταραν-

132 1714 281 1766 τίνων
311 1714 398 1766 οὐκ
427 1715 552 1779 ἐπῆν
583 1716 802 1782 ἀριθμός.
891 1716 917 1766 ὁ
948 1717 1001 1767 δὲ
1034 1716 1272 1776 Μίκυθος,
1305 1713 1499 1786 οἰκέτης
1528 1715 1624 1767 ἐὼν
1654 1714 1800 1767 Ἀνα-
1840 1721 2132 1788 4qffisffl

59 1813 110 1842 20
133 1796 298 1862 ξίλεω,
323 1800 586 1866 ἐπίτροπος
603 1798 801 1867 Ῥηγίου
827 1798 1198 1860 κατελέλειπτο,
1222 1800 1364 1853 οὗτος
1387 1800 1442 1853 ὅς
1465 1821 1557 1866 περ
1577 1800 1805 1852 ἐκπεσὼν
1975 1778 2132 1822 *M*

134 1883 189 1934 ἐκ
227 1880 425 1950 Ῥηγίου
465 1884 544 1936 καὶ
580 1883 776 1951 Τεγέην
816 1883 908 1948 τὴν
948 1883 1205 1952 Ἀρκάδων
1244 1882 1453 1949 οἰκήσας
1498 1883 1708 1948 ἀνέθηκε
1752 1885 1806 1936 ἐν

133 1965 387 2039 Ὀλυμπίῃ
433 1967 546 2022 τοὺς
593 1968 813 2022 πολλοὺς
859 1967 1169 2035 ἀνδριάντας.
1256 1970 1391 2021 ἀλλὰ
1436 1970 1499 2020 τὰ
1543 1970 1636 2034 μὲν
1682 1970 1806 2020 κατὰ
1842 1978 1921 2029 171

132 2048 387 2118 Ῥηγίνους
431 2073 488 2104 τε
539 2052 620 2104 καὶ
667 2054 1002 2119 Ταραντίνους
1047 2057 1136 2104 τοῦ
1182 2053 1341 2120 λόγου
1389 2074 1474 2119 μοι
1520 2050 1803 2120 παρενθήκη

133 2133 326 2202 γέγονε.
416 2138 467 2191 ἐς
524 2139 577 2189 δὲ
635 2136 726 2202 τὴν
785 2135 986 2204 Κρήτην
1046 2138 1405 2204 ἐρημωθεῖσαν,
1469 2137 1534 2191 ὡς
1590 2135 1804 2204 λέγουσι

26 2228 113 2280 ‘25-
134 2219 388 2286 Πραίσιοι,
432 2221 770 2285 ἐσοικίζεσθαι
808 2220 995 2275 ἄλλους
1036 2243 1091 2273 τε
1132 2222 1420 2290 ἀνθρώπους
1461 2220 1540 2273 καὶ
1578 2220 1803 2287 μάλιστα

124 2300 401 2367 ’Ἐλληνας,
427 2307 562 2376 τρίτῃ
587 2307 642 2357 δὲ
662 2306 809 2378 γενεῇ
828 2307 953 2371 μετὰ
977 2306 1152 2357 Μίνων
1170 2304 1542 2370 τελευτήσαντα
1565 2304 1803 2372 γενέσθαι

132 2388 193 2438 τὰ
236 2387 450 2453 Τρωικά,
500 2390 553 2439 ἐν
598 2393 731 2441 τοῖσι
782 2390 840 2441 οὐ
887 2388 1262 2457 φλαυροτάτους
1309 2392 1580 2458 φαίνεσθαι
1631 2390 1803 2443 ἐόντας

191 2538 208 2564 1
242 2523 494 2577 καλεομένην
513 2524 552 2564 Α
567 2525 602 2564 Β
618 2526 652 2564 C
764 2525 859 2578 ἀνὰ]
878 2528 944 2568 ἵνα
965 2526 1080 2566 RV:
1114 2527 1198 2568 e‘lva
1220 2528 1251 2567 S
1364 2541 1389 2566 2
1420 2526 1547 2580 σφέας
1569 2527 1768 2567 Cantabr.
1789 2543 1799 2568 ε

134 2589 214 2633 σφε
237 2580 272 2619 L
397 2593 421 2630 4
454 2579 631 2631 Κάμικον
653 2580 687 2619 L
796 2583 873 2630 τὴν
897 2594 979 2620 om.
1001 2581 1035 2620 C
1150 2593 1175 2631 5
1207 2582 1396 2634 νέμονται
1419 2583 1454 2621 Β
1595 2595 1618 2632 7
1650 2583 1802 2624 ἀπολα-

134 2635 265 2684 βόντα
297 2635 360 2674 C.
350 2649 360 2659 ·
402 2634 689 2683 ὑπολαβόντσίς
723 2635 762 2672 R
987 2649 1036 2675 10
1079 2637 1264 2690 ’Τρηδίην
1296 2636 1435 2676 A¹B:
1475 2638 1666 2691 ’Τρηλίην
1694 2636 1801 2676 A⁰C

132 2707 180 2730 τε
201 2703 283 2730 orn.
309 2689 359 2729 Pl
374 2689 414 2728 R
430 2689 511 2730 SV
735 2703 779 2729 11
812 2690 1044 2732 Μεσαπίους
1074 2690 1108 2729 C
1334 2705 1382 2730 12
1412 2690 1523 2746 (τοῦ)
1544 2693 1643 2733 εἶναι
1662 2691 1802 2732 Aldus

137 2745 181 2786 ‘T
179 2744 324 2798 ρηλίης
362 2744 402 2783 Α
424 2745 459 2783 Β
483 2744 517 2783 C
653 2744 772 2786 πόλις
812 2744 1087 2786 Herwerden
1285 2759 1334 2796 13
1378 2747 1524 2788 οἰκίσαι
1565 2746 1802 2787 Schaefer.
1793 2762 1802 2771 ·

133 2801 294 2849 οἰκῆσαι
316 2799 350 2838 L
444 2798 489 2840 ἃς
509 2797 548 2838 Α
565 2799 599 2838 Β
615 2799 649 2838 C
777 2812 824 2848 17
854 2797 1060 2853 (φεύγειν)
1079 2799 1396 2852 ἀναγκαζόμενοι
1418 2802 1485 2841 vel
1507 2800 1801 2853 ἀναχαζόμενοι

135 2853 308 2904 Madvig
529 2855 578 2893 18
621 2853 730 2894 οὗτοι
775 2853 953 2905 Pingel:
1002 2857 1106 2895 οὕτω
1147 2856 1180 2893 L
1346 2855 1412 2907 δὲ]
1451 2873 1527 2910 ’γερ
1568 2856 1637 2895 R:
1676 2873 1728 2908 γε
1760 2856 1801 2895 V

137 2919 188 2957 19
217 2907 340 2958 ἐπέην
360 2908 395 2947 L
552 2921 607 2947 20
634 2908 936 2950 καταλέλειπτο
959 2909 992 2948 L
1104 2911 1237 2964 ωσπερ
1259 2910 1299 2950 R
1314 2910 1344 2950 S
1359 2909 1397 2949 V
1508 2914 1552 2952 ἐκ
1574 2915 1740 2965 Περσῶν
1760 2912 1797 2950 R

134 2963 189 3000 26
218 2962 350 3004 Μίνεω
371 2963 406 3003 L
515 2963 700 3015 ’γίνεσθαι
721 2963 759 3001 Α
775 2963 809 3002 Β
826 2963 859 3002 C
