2132 3340
9 87 120 135 VII.
150 100 243 149 144

154 823 244 872 145

0 1149 189 1197 bum.

148 2241 243 2300 146

898 85 943 132 H
963 84 1322 132 ΡΟΔΟΤΟὙ

282 217 375 279 μὲν
426 213 750 280 ἐποιήθησαν,
800 214 885 266 οὐκ
940 212 1280 283 ἐχρήσθησαν,
1334 216 1385 269 ἐς
1435 214 1549 268 δέον
1600 219 1653 269 δὲ
1705 216 1830 269 οὕτω
1882 219 1942 290 τῇ

283 298 498 351 Ἑλλάδι
535 297 785 366 ἐγένοντο.
853 298 1020 351 ,αὗταί
1051 321 1106 351 τε
1141 298 1200 364 δὴ
1238 301 1289 352 αἱ
1319 298 1427 354 νέες
1462 305 1596 352 τοῖσι
1627 300 1945 366 Ἀθηναίοισι

285 387 668 450 προποιηθεῖσαι
705 384 946 451 ὑπῆρχον,
986 381 1156 450 ἑτέρας
1187 405 1242 436 τε
1278 384 1383 437 ἔδεε
1422 384 1941 453 προσναυπηγέεσθαι.

285 467 425 533 ἔδοξέ
465 467 521 519 τέ
561 474 658 534 σφι
693 469 818 532 μετὰ
853 467 911 519 τὸ
944 466 1254 536 χρηστήριον
1289 468 1705 535 βουλευομένοισι
1739 470 1945 523 ἐπιόντα

284 551 366 604 ἐπὶ
423 552 515 616 τὴν
571 551 798 604 Ἑλλάδα
854 550 941 603 τὸν
998 551 1262 619 βάρβαρον
1328 551 1558 605 δέκεσθαι
1622 561 1740 627 τῇσι
1799 555 1944 620 νηυσὶ
1969 578 1991 619 5

285 637 544 702 πανδημεί,
579 641 645 706 τῷ
677 640 770 706 θεῷ
803 635 1139 702 πειθομένους,
1173 635 1273 702 ἅμα
1300 629 1565 703 Ἑλλήνων
1595 643 1727 690 τοῖσι
1757 644 1942 704 βουλοκ

282 719 496 786 μένοισι.

365 806 444 856 Τὰ
473 808 564 870 μὲν
595 805 653 870 δὴ
690 803 971 873 χρηστήρια
1004 810 1156 857 ταῦτα
1189 810 1324 857 τοῖσι
1353 805 1671 871 Ἀθηναίοισι.
1696 807 1943 874 ἐγεγόνεε·

284 888 672 956 συλλεγομένων
711 892 764 941 δὲ
809 891 859 943 ἐς
900 889 1056 942 τώυτὸ
1103 895 1200 941 τῶν
1247 888 1511 955 Ἑλλήνων
1556 895 1654 942 τῶν
1697 890 1811 958 περὶ
1854 891 1945 957 τὴν

282 972 511 1025 Ἑλλάδα
547 975 607 1025 τὰ
643 974 827 1039 ἀμείνω
865 973 1182 1041 φρονεόντων
1221 974 1299 1026 καὶ
1336 975 1572 1026 διδόντων
1604 975 1761 1042 σφίσι
1789 976 1944 1043 λόγον

285 1059 365 1110 καὶ
395 1059 585 1118 πίστιν,
619 1059 830 1110 ἐνθαῦτα
862 1058 1027 1110 ἐδόκεε
1062 1057 1481 1124 βουλευομένοισι
1516 1058 1715 1111 αὐτοῖσι
1749 1064 1945 1128 πρῶτον

282 1144 375 1207 μὲν
405 1141 671 1211 χρημάτων
701 1141 902 1195 πάντων
940 1141 1388 1195 καταλλάσσεσθαι
1424 1141 1512 1196 τάς
1548 1164 1604 1196 τε
1642 1143 1824 1212 ἔχθρας
1865 1145 1945 1207 καὶ

283 1226 397 1281 τοὺς
436 1225 539 1278 κατ’
585 1225 837 1292 ἀλλήλους
877 1227 1051 1281 ἐόντας
1085 1226 1350 1293 πολέμους·
1395 1226 1527 1292 ἦσαν
1563 1230 1617 1280 δὲ
1653 1228 1774 1295 πρός
1806 1249 1944 1283 τινας

286 1313 363 1363 καὶ
394 1310 582 1365 ἄλλους
620 1310 984 1378 ἐγκεκρημένοι,
1018 1313 1045 1362 ὁ
1081 1315 1135 1364 δὲ
1171 1310 1241 1364 ὧν
1275 1311 1515 1379 μέγιστος
1546 1311 1866 1377 Ἀθηναίοισί
1889 1334 1944 1366 τε

285 1396 362 1447 καὶ
409 1394 722 1468 Αἰγινήτῃσι.
825 1398 950 1461 μετὰ
994 1398 1047 1448 δὲ
1092 1397 1453 1462 πυνθανόμενοι
1498 1394 1693 1463 Ξέρξην
1737 1396 1833 1449 σὺν
1874 1401 1943 1468 τῷ

284 1485 478 1550 στρατῷ
518 1480 642 1532 εἶναι
678 1481 731 1531 ἐν
769 1479 978 1547 Σάρδισι
1015 1480 1387 1547 ἐβουλεύσαντο
1434 1481 1774 1534 κατασκόπους
1817 1479 1940 1547 πέμ-

282 1585 394 1616 πειν
425 1566 476 1617 ἐς
506 1563 596 1629 τὴν
627 1563 807 1628 Ἀσίην
837 1570 937 1616 τῶν
966 1563 1214 1630 βασιλέος
1250 1563 1565 1632 πρηγμάτων,
1599 1566 1650 1619 ἐς
1671 1564 1861 1632 Ἀργος
1888 1587 1944 1618 τε

214 1675 221 1683 ·
283 1647 528 1715 ἀγγέλους
563 1650 834 1720 ὁμαιχμίην
876 1648 1277 1715 συνθησομένους
1317 1653 1437 1716 πρὸς
1476 1648 1563 1701 τὸν
1600 1648 1823 1717 Πέρσην,
1849 1647 1944 1702 ικαὶ

283 1735 334 1787 ἐς
365 1735 599 1797 Σικελίην
629 1732 814 1787 ἄλλους
846 1732 1057 1799 πέμπειν
1087 1734 1219 1801 παρὰ
1250 1732 1452 1786 Γέλωνα
1480 1732 1568 1785 τὸν
1599 1732 1941 1799 Δεινομένεος,

283 1818 333 1871 ἔς
374 1839 427 1869 τε
469 1816 721 1884 Κέρκυραν
766 1818 1097 1872 κελεύσοντας
1132 1816 1365 1883 βοηθέειν
1405 1819 1464 1890 τῇ
1504 1817 1734 1877 Ἑλλάδι,
1774 1818 1854 1870 καὶ
1894 1820 1945 1872 ἐς

285 1900 483 1968 Κρήτην
506 1901 708 1960 ἄλλους,
736 1901 1081 1969 φρονήσαντες
1105 1903 1151 1954 εἴ
1173 1923 1266 1955 κως
1291 1902 1344 1954 ἔν
1367 1924 1420 1954 τε
1444 1901 1638 1969 γένοιτο
1668 1901 1725 1954 τὸ
1754 1901 1942 1967 Ἑλλη-

282 1985 421 2037 νικὸν
473 1985 553 2037 καὶ
605 1987 647 2038 εἶ
699 1986 1049 2057 συγκόψαντες
1099 1986 1255 2038 τώυτὸ
1308 1984 1589 2054 πρήσσοιεν
1619 1985 1835 2046 πάντες,
1879 1986 1944 2041 ὡς

282 2073 455 2122 δεινῶν
501 2071 743 2122 ἐπιόντων
788 2071 967 2135 ὁμοίως
1018 2074 1145 2123 πᾶσι
1179 2069 1422 2135 ’Ἐλλησμ
1510 2073 1572 2123 τᾶ
1617 2073 1669 2123 δὲ
1715 2069 1942 2125 Γέλωνος

281 2152 548 2221 πρήγματα
582 2153 780 2221 μεγάλα
815 2153 1019 2221 ἐλέγετο
1057 2154 1198 2214 εἶναι,
1238 2155 1462 2220 οὐδαμῶν
1497 2154 1810 2220 Ἑλληνικῶν
1843 2159 1942 2207 τῶν

282 2237 339 2288 οὐ
369 2238 562 2290 πολλὸν
597 2237 742 2303 μέζω.
832 2238 897 2291 ὡς
939 2241 992 2290 δὲ
1030 2237 1182 2290 ταῦτά
1221 2246 1318 2305 σφι
1354 2237 1509 2303 ἔδοξε,
1545 2238 1943 2304 καταλυσάμενοι

281 2324 369 2375 τὰς
400 2321 583 2390 ἔχθρας
614 2327 782 2388 πρῶτα
810 2324 899 2387 μὲν
933 2323 1273 2376 κατασκόπους
1296 2322 1546 2388 πέμπουσι
1570 2325 1622 2377 ἐς
1651 2322 1740 2387 τὴν
1765 2322 1945 2387 Ἀσίην

281 2405 461 2472 ἄνδρας
489 2411 634 2472 τρεῖς.
723 2408 770 2458 οἱ
806 2408 858 2458 δὲ
894 2407 1187 2472 ἀπικόμενοί
1219 2429 1273 2459 τε
1308 2408 1359 2461 ἐς
1395 2405 1573 2473 Σάρδις
1610 2407 1689 2458 καὶ
1726 2428 1941 2472 καταμα-

283 2490 453 2544 θόντες
483 2490 572 2554 τὴν
595 2488 843 2555 βασιλέος
867 2489 1122 2558 στρατιήν,
1151 2491 1215 2544 ὡς
1246 2489 1476 2542 ἐπάϊστοι
1500 2489 1746 2558 ἐγένοντο,
1773 2496 1940 2556 βασα-

343 2640 360 2666 1
393 2626 538 2669 τούτωι
560 2627 600 2667 Α
617 2628 651 2667 Β
666 2629 700 2667 C
923 2643 948 2669 2
979 2629 1164 2682 ἐγίνοντο
1185 2629 1217 2668 S
1355 2629 1404 2678 δὴ
1425 2641 1506 2667 οῐη.
1532 2629 1567 2667 C
1695 2630 1787 2677 νῆες
1809 2627 1847 2666 R
1863 2628 1894 2668 S
1908 2627 1946 2665 V

284 2695 310 2731 3
339 2687 670 2736 προσποιηθεΐσαι
692 2683 726 2722 C
906 2698 930 2733 4
961 2682 1245 2735 βουλομένοισι
1267 2684 1300 2722 C
1465 2695 1490 2732 5
1521 2681 1782 2724 ἆναδέκεσθαι
1804 2683 1843 2722 R
1861 2683 1892 2722 S
1908 2682 1946 2720 V

283 2739 311 2776 6
350 2739 524 2788 πανδημὶ
558 2737 599 2776 Α
617 2738 651 2776 Β
765 2737 1096 2789 βουλευομένοισι
1130 2739 1169 2777 R
1352 2751 1379 2788 9
1420 2742 1501 2779 τῶν
1534 2738 1622 2791 περὶ
1656 2738 1734 2795 τὴν
1766 2736 1946 2778 Ἐλλάδα

285 2792 496 2841 Ἑλλήνων
528 2796 608 2833 τῶν
644 2793 677 2830 L
696 2806 704 2831 :
748 2799 910 2844 transp.
948 2792 1151 2832 Schaeser
1371 2805 1416 2830 11
1461 2794 1616 2833 αὐτοῖσι
1650 2797 1766 2839 βουλ.
1806 2791 1846 2829 R
1863 2791 1946 2830 SV

290 2857 338 2884 12
368 2846 531 2887 πάντων
550 2860 629 2887 om.
654 2847 693 2885 R
709 2847 789 2886 SV
990 2860 1036 2897 14
1069 2844 1356 2900 ἐγκεκρημένοι
1379 2846 1567 2886 Reiske:
1598 2845 1889 2899 ἐγκεχρημένοι
1912 2845 1945 2884 L

290 2902 338 2939 18
369 2902 589 2952 ὁμαιχμίην
608 2919 654 2943 τε
676 2901 715 2939 Α
730 2901 763 2941 Β
780 2902 813 2940 C
984 2915 1038 2941 20
1065 2902 1306 2943 κελεύοντας
1329 2902 1362 2940 C
1520 2914 1568 2940 21
1598 2901 1788 2952 γενοίατο
1810 2899 1847 2939 R
1865 2901 1895 2940 S
1909 2899 1947 2938 V

286 2956 335 2996 τὸ
357 2968 438 2994 om.
460 2955 499 2994 R
668 2970 719 2995 22
742 2956 795 3008 εἰ]
819 2959 855 2998 οἱ
876 2956 915 2995 R
934 2971 943 2996 ε
971 2957 1050 2996 del.
1071 2957 1204 2996 Cobet
1368 2952 1420 3005 25
1449 2960 1592 2997 πολλῶ
1613 2955 1646 2994 C
1667 2970 1676 2994 :
1703 2959 1869 2996 πολλῶν
1886 2954 1919 2993 Ρ

1971 996 2018 1025 10

1973 1838 2022 1868 20
