2132 3340
101 45 189 93 IX.

217 48 282 106 84

221 181 286 240 85

939 49 1364 97 HPOAOTOT

324 197 447 228 νιον.
521 175 637 227 ἀλλ’
669 177 695 227 ὁ
725 180 817 242 μὲν
853 179 1018 248 τρόπῳ
1052 179 1319 249 Ϋτοιούτῳῒ
1351 179 1529 248 ἐτάφη·
1577 183 1622 233 οἱ
1658 184 1712 234 δὲ
1732 179 1984 247 Ἕλληνες

324 260 390 314 ὡς
419 262 476 312 ἐν
506 265 799 334 Πλαταιῇσι
829 261 919 326 τὴν
948 265 1097 328 ληίην
1128 265 1386 323 διείλοντο,
1413 265 1625 318 ἔθαπτον
1656 265 1769 320 τοὺς
1793 269 1985 318 ἑωυτῶν
2039 312 2046 321 ,

323 346 477 412 χωρὶς
502 346 717 397 ἕκαστοι.
794 348 1174 412 Λακεδαιμόνιοι
1196 351 1287 413 μὲν
1309 347 1478 414 τριξὰς
1497 348 1797 414 ἐποιήσαντο
1817 348 1984 414 θήκας·

324 428 444 480 ἔνθα
489 432 578 493 μὲν
627 429 741 484 τοὺς
788 429 951 496 ἰρένας
997 432 1211 498 ἔθαψαν,
1257 438 1355 484 τῶν
1401 434 1478 486 καὶ
1524 432 1862 488 Ποσειδώνιος
1906 435 1986 486 καὶ

322 513 702 580 Ἀμομφάρετος
734 513 867 579 ἦσαν
900 516 980 566 καὶ
1013 517 1276 569 Φιλοκύων
1305 539 1359 569 τε
1384 519 1462 569 καὶ
1494 517 1857 586 Καλλικράτης.
1931 520 1986 570 ἐν
2009 539 2032 581 5

322 600 413 662 μὲν
450 597 507 662 δὴ
542 597 616 649 ἑνὶ
651 604 749 650 τῶν
787 597 964 666 τάφων
1005 599 1135 664 ἦσαν
1174 603 1220 653 οἱ
1256 600 1426 668 ἰρένες,
1462 603 1514 653 ἐν
1554 604 1606 653 δὲ
1640 608 1707 672 τῷ
1749 601 1897 672 ἑτέρῳ
1939 605 1986 654 οἳ

322 682 472 734 ἄλλοι
512 686 832 749 Σπαρτιῆται,
869 686 924 735 ἐν
967 687 1020 736 δὲ
1050 689 1117 754 τῷ
1159 687 1304 755 τρίτῳ
1346 688 1392 738 οἱ
1434 687 1651 739 εἵλωτες.
1724 686 1859 738 οὗτοι
1896 689 1987 751 μὲν

319 766 448 817 οὕτω
469 767 700 826 ἔθαπτον,
723 771 967 835 Τεγεῆται
992 771 1046 820 δὲ
1065 769 1218 838 χωρὶς
1238 769 1426 824 πάντας
1445 769 1612 830 ἁλέας,
1632 770 1710 822 καὶ
1730 771 1987 836 Ἀθηναῖοι

321 851 435 903 τοὺς
465 854 659 903 ἑωυτῶν
689 853 827 917 ὁμοῦ,
857 852 936 904 καὶ
972 852 1232 920 Μεγαρέες
1261 876 1316 906 τε
1347 855 1426 906 καὶ
1456 853 1723 906 Φλειάσιοι
1752 854 1866 908 τοὺς
1892 855 1986 906 ὑπὸ

321 938 408 998 τῆς
445 937 597 987 ἵππου
631 936 1016 1004 διαφθαρέντας.
1093 937 1281 990 τούτων
1315 941 1407 1004 μὲν
1443 938 1500 1003 δὴ
1538 938 1739 991 πάντων
1775 937 1987 1004 πλήρεες

270 1062 272 1066 .
322 1019 555 1086 ἐγένοντο
594 1023 640 1072 οἱ
676 1020 847 1088 τάφοι·
910 1026 1007 1073 τῶν
1050 1024 1103 1074 δὲ
1145 1021 1319 1074 ἄλλων
1359 1023 1473 1074 ὅσοι
1514 1022 1593 1074 καὶ
1629 1024 1893 1090 φαίνονται
1933 1024 1987 1075 ἐν

213 1694 284 1742 86

323 1107 612 1177 Πλαταιῇσι
653 1105 818 1159 ἐόντες
856 1104 1025 1173 τάφοι,
1069 1106 1270 1160 τούτους
1311 1106 1380 1166 δέ,
1421 1106 1486 1161 ὡς
1523 1108 1621 1173 ἐγὼ
1661 1106 1984 1172 πυνθάνομαι,

322 1188 779 1257 ἐπαισχυνομένους
819 1192 877 1262 τῇ
917 1192 1131 1258 ἀπε-στοῖ
1168 1194 1256 1256 τῆς
1294 1190 1458 1259 μάχης
1498 1190 1737 1245 ἑκάστους
1778 1191 1987 1259 χώματα

321 1278 487 1341 χῶσαι
524 1275 659 1326 κεινὰ
694 1280 792 1326 τῶν
824 1274 1183 1341 ἐπιγινομένων
1224 1276 1407 1327 εἵνεκεν
1445 1275 1729 1343 ἀνθρώπων,
1763 1275 1871 1328 ἐπεὶ
1907 1275 1988 1327 καὶ

322 1356 628 1423 Αἰγινητέων
659 1359 768 1410 ἐστὶ
800 1359 970 1410 αὐτόθι
1015 1360 1314 1424 καλεόμενος
1357 1359 1531 1427 τάφος,
1564 1359 1651 1411 τὸν
1692 1360 1789 1426 ἐγὼ
1826 1360 1986 1417 ἀκούω

324 1441 401 1492 καὶ
432 1441 550 1493 δέκα
580 1442 715 1494 ἔτεσι
744 1445 956 1510 ὕστερον
992 1445 1117 1508 μετὰ
1155 1448 1306 1495 ταῦτα
1343 1442 1618 1508 δεηθέντων
1653 1448 1751 1495 τῶν
1782 1445 1982 1510 Αἰγινη-

320 1524 445 1577 τέων
503 1531 669 1594 χῶσαι
727 1526 958 1591 Κλεάδην
1019 1527 1106 1579 τὸν
1165 1527 1434 1579 Αὐτοδίκου
1493 1526 1646 1595 ἄνδρα
1706 1526 1983 1595 Πλαταιέα,

321 1608 581 1676 πρόξεινον
613 1611 759 1662 ἐόντα
789 1612 964 1663 αὐτῶν.

405 1693 499 1747 ‘sse
518 1694 561 1746 δ’
581 1694 675 1761 ἄρα
694 1696 892 1761 ἔθαψαν
911 1695 1026 1749 τοὺς
1045 1696 1246 1763 νεκροὺς
1268 1699 1322 1748 ἐν
1343 1698 1634 1768 ’Πλαταιῇσι
1653 1699 1699 1748 οἱ
1714 1694 1984 1759 “Ελληνες,

322 1778 496 1830 αὐτίκα
541 1779 960 1844 βουλευομένοισί
1006 1787 1104 1847 σφι
1150 1781 1315 1833 ἐδόκεε
1363 1781 1722 1848 στρατεύεσθαι
1767 1778 1847 1833 ἐπὶ
1899 1782 1988 1833 τὰς

2013 960 2062 989 10

2017 1378 2062 1420 ¹5

2013 1798 2064 1827 20

325 1861 508 1928 Θήβας
545 1863 623 1914 καὶ
660 1862 899 1927 ἐξαιτέειν
941 1864 1102 1916 αὐτῶν
1144 1865 1257 1918 τοὺς
1298 1866 1620 1929 μηδίσαντας,
1657 1866 1710 1916 ἐν
1745 1863 1987 1930 πρώτοισι
2022 1908 2026 1913 ,

324 1950 376 1999 δὲ
421 1948 581 1999 αὐτῶν
624 1950 957 2015 Τιμηγενίδην
1003 1949 1083 2000 καὶ
1124 1948 1436 2015 Ἀτταγῖνον,
1485 1949 1530 2000 οἲ
1578 1947 1849 2017 ἀρχηγέται
1893 1949 1987 1999 ἀνὰ

324 2031 544 2097 πρώτους
583 2030 731 2096 ἦσαν·
777 2028 838 2096 ἢν
879 2035 933 2084 δὲ
973 2032 1038 2097 μὴ
1082 2035 1326 2092 ἐκδιδῶσι,
1366 2033 1432 2097 μὴ
1478 2034 1848 2085 ἀπανίστασθαι
1889 2030 1986 2083 ἀπὸ

324 2119 410 2179 τῆς
447 2117 622 2169 πόλιος
657 2113 955 2182 πρότερονῆ
992 2114 1219 2179 ἐξέλωσι.
1297 2117 1360 2170 ὡς
1402 2117 1456 2168 δέ
1499 2125 1596 2184 σφι
1637 2121 1788 2168 ταῦτα
1829 2112 1982 2178 ἔδοξε,

323 2200 449 2250 οὕτω
498 2199 554 2263 δὴ
605 2199 836 2271 ἑνδεκάτῃ
887 2200 1042 2272 ἡμέρῃ
1096 2200 1193 2252 ἀπὸ
1245 2204 1331 2264 τῆς
1385 2204 1647 2266 συμβολῆς
1699 2201 1986 2265 ἀπικόμενοι

324 2284 646 2350 ἐπολιόρκεον
693 2286 967 2349 Θηβαίους,
1012 2285 1297 2338 κελεύοντες
1346 2286 1588 2338 ἐκδιδόναι
1630 2285 1743 2338 τοὺς
1787 2283 1983 2350 ἄνδρας·

381 2433 401 2460 1
432 2422 623 2474 τοιούτῳ]
645 2436 698 2462 an
720 2426 903 2475 ὅτεῳῶνῒ
1082 2438 1107 2463 2
1137 2425 1423 2475 Πλαταίη(ι)σι
1443 2423 1482 2462 Α
1497 2424 1530 2461 Β
1547 2423 1637 2462 RV
1784 2421 1984 2462 διείλαντο

328 2477 366 2515 R
384 2477 463 2516 SV
672 2491 697 2527 3
735 2477 830 2527 μὲνἹ
863 2478 904 2519 δὲ
941 2479 976 2517 R
1193 2493 1215 2528 4
1258 2479 1384 2530 ἰρένας
1414 2484 1456 2516 et
1485 2480 1511 2516 6
1539 2477 1664 2531 ἰρένες
1693 2476 1985 2516 Valckenaer.

326 2531 444 2584 ιρέας,
467 2549 527 2572 -ες
551 2532 584 2570 L
694 2533 759 2574 καὶ
781 2546 861 2572 om.
887 2533 925 2570 R
940 2533 970 2572 S
986 2534 1022 2571 V
1133 2533 1387 2574 Ποσειδόνιος
1411 2532 1449 2570 R
1609 2544 1630 2579 7
1662 2533 1763 2571 οὕτω
1783 2529 1857 2580 μὲν
1876 2528 1984 2570 οὑτοι

327 2586 497 2637 ἔθαφθεν
515 2587 553 2624 R
568 2586 598 2625 S
612 2587 648 2626 V
759 2588 785 2625 8
814 2587 967 2628 πάντας
985 2588 1134 2641 ἔθαψαν
1158 2588 1197 2626 R
1214 2589 1243 2626 S
1256 2588 1296 2626 V
1404 2601 1430 2636 9
1459 2587 1551 2627 τοὺς
1575 2588 1605 2626 5.
1631 2589 1728 2634 ὁμοῦ
1749 2598 1829 2624 om.
1852 2584 1888 2622 R
1905 2584 1986 2623 SV

324 2640 507 2681 Φλιάσιοι
530 2642 564 2679 L
791 2656 834 2680 11
877 2647 989 2684 τῶν.
1017 2675 1024 2681 .
1053 2674 1062 2683 .
1086 2643 1206 2694 τάφοι
1238 2656 1319 2681 om.
1345 2643 1381 2679 R
1399 2642 1478 2680 SV
1658 2641 1766 2680 ὅσοις
1788 2638 1986 2686 Krueger

329 2707 376 2733 12
408 2697 653 2744 Πλαταίηισι
684 2697 771 2735 ΑΒ
917 2710 964 2746 13
996 2697 1364 2749 ἆπαισχυνομένους
1395 2696 1432 2734 Α
1453 2696 1485 2733 Β
1502 2696 1534 2733 C
1646 2696 1842 2734 ἀποεστοῖ
1869 2694 1983 2731 RV:

326 2751 496 2790 ἀποστοὶ
518 2754 591 2798 τῆς
610 2769 651 2800 μ.
679 2751 868 2803 ἐγένοντο
891 2752 920 2789 S
1050 2764 1098 2801 14
1129 2750 1439 2803 ἐπιγεινομένων
1458 2750 1496 2787 Α
1513 2750 1545 2787 Β
1565 2751 1597 2786 C
1715 2760 1760 2797 15
1791 2752 1871 2788 τῶν
1894 2748 1931 2784 R
1948 2747 1984 2784 V

330 2806 380 2842 16
409 2809 492 2845 τῶν
521 2818 602 2844 om.
633 2806 814 2845 PRSV
977 2819 1022 2855 17
1054 2805 1389 2854 ιιΛεάδηνΛΒΟ
1563 2801 1984 2854 18⁷rpc-AgvovRSV

330 2871 380 2907 19
401 2860 747 2911 Πλαταίη(ιδσι(ν)
767 2861 805 2898 Α
820 2862 854 2899 Β
871 2861 908 2898 R
925 2863 960 2899 V
1071 2874 1126 2900 20
1147 2858 1433 2910 βουλομένοισί
1448 2859 1482 2898 C
1594 2856 1829 2910 στρατεύειν
1844 2856 1882 2894 Α
1897 2856 1932 2893 Β
1948 2855 1982 2893 C

327 2926 379 2963 23
410 2915 486 2953 ἀπὸ
507 2943 515 2954 .
540 2945 549 2954 .
577 2945 585 2954 .
616 2917 780 2967 ἐξέλωσι
803 2929 883 2955 om.
912 2916 950 2953 R
968 2917 1050 2955 SV

2011 2216 2059 2258 25
