2034 3328
856 102 1283 169 ῌΡοΔοΤοτ

241 231 508 299 οἰκημένοι,
544 233 621 285 καὶ
652 233 704 285 τί
731 236 883 286 κεῖνοι
915 232 1172 288 ἐθέλοντες
1202 231 1396 285 ἔλθοιεν
1428 233 1479 287 ἐς
1510 230 1702 300 Σάρδις.
1770 234 1818 286 οἱ
1847 232 1904 286 δέ

239 319 286 369 οἱ
322 317 538 384 ἔφραζον
573 317 637 371 ὡς
673 309 869 370 ἔλθοιεν
903 320 994 383 μὲν
1025 319 1192 388 ἐκείνῳ
1229 317 1474 371 δώσοντες
1511 316 1674 384 σφέας
1709 315 1900 377 αὐτούς,

241 403 314 465 εἴη
346 404 399 453 δὲ
434 401 464 465 ἡ
497 402 711 466 Παιονίη
745 403 825 453 ἐπὶ
861 406 927 472 τῷ
966 403 1209 468 Στρυμόνι
1245 405 1447 471 ποταμῷ
1478 391 1842 466 πεπολισμένη,
1875 402 1903 453 ὃ

239 486 292 536 δὲ
315 485 552 551 Στρυμὼν
576 485 632 536 οὐ
656 486 829 551 πρόσω
861 489 946 536 τοῦ
968 485 1370 550 Ἑλλησπόντου,
1396 486 1570 550 εἴησαν
1599 487 1652 537 δὲ
1673 488 1904 553 Τευκρῶν

238 574 337 621 τῶν
367 571 422 621 ἐκ
450 570 635 634 Τροίης
665 568 875 622 ἄποικοι.
964 565 1018 622 οἳ
1040 571 1132 635 μὲν
1163 569 1220 634 δὴ
1251 574 1403 621 ταῦτα
1432 569 1620 621 ἕκαστα
1648 567 1843 636 ἔλεγον,
1875 569 1903 620 ὃ
1926 586 1949 628 5

239 655 291 704 δὲ
339 653 516 719 εἰρώτα
562 654 604 705 εἷ
650 652 727 704 καὶ
772 656 932 706 πᾶσαι
979 653 1148 705 αὐτόθι
1192 656 1241 705 αἱ
1285 658 1511 720 γυναῖκες
1555 654 1732 717 εἴησαν
1775 654 1902 706 οὕτω

238 735 506 804 ἐργάτιδες.
595 739 640 788 οἳ
676 739 727 788 δὲ
766 737 846 788 καὶ
882 741 1026 789 τοῦτο
1062 737 1261 804 ἔφασαν
1292 737 1552 805 προθύμως
1585 737 1710 789 οὕτω
1747 736 1900 805 ἔχειν·

239 819 386 887 αὐτορ
416 822 510 888 γὰρ
535 817 603 873 ὦν
627 822 800 873 τούτου
831 822 994 873 εἵνεκα
1026 821 1104 872 καὶ
1137 820 1376 873 ἐποιέετο.
1450 823 1661 873 ἐνθαῦτα
1691 825 1903 889 Δαρεῖος

239 904 422 973 γράφει
451 904 714 972 γράμματα
739 904 1044 975 Μεγαβάζῳ,
1070 909 1156 957 τὸν
1187 905 1329 957 ἔλιπε
1361 906 1414 957 ἐν
1437 912 1498 978 τῇ
1523 905 1717 977 Θρηίκῃ
1747 925 1898 973 στρα-

238 989 407 1056 τηγόν,
434 990 791 1054 ἐντελλόμενος
815 989 1153 1055 ἐξαναστῆσαι
1179 988 1236 1054 ἐξ
1256 988 1414 1054 ἠθέων
1440 990 1660 1042 Παίονας
1685 989 1764 1041 καὶ
1785 987 1901 1057 παρ’
1929 1007 1979 1038 10
2031 1037 2034 1040 Α

240 1072 422 1125 ἑωυτὸν
453 1074 660 1141 ἀγαγεῖν
685 1073 762 1125 καὶ
787 1073 961 1128 αὐτοὺς
994 1074 1072 1125 καὶ
1095 1072 1243 1126 τέκνα
1273 1094 1327 1125 τε
1358 1074 1437 1125 καὶ
1461 1077 1693 1140 γυναῖκας
1723 1072 1899 1126 αὐτῶν.

240 1157 414 1210 αὐτίκα
437 1160 490 1210 δὲ
521 1157 695 1211 ἱππεὺς
725 1157 834 1210 ἔθεε
857 1157 1024 1225 φέρων
1054 1156 1145 1222 τὴν
1175 1157 1417 1225 ἀγγελίην
1449 1156 1529 1210 ἐπὶ
1558 1156 1647 1209 τὸν
1673 1154 1898 1222 Ἑλλήσ-

239 1262 436 1302 ποντον,
485 1242 775 1309 περαιωθεὶς
825 1244 879 1294 δὲ
924 1245 1054 1294 διδοῖ
1095 1242 1154 1294 τὸ
1203 1243 1426 1308 βυβλίον
1473 1246 1540 1312 τῷ
1593 1239 1899 1311 Μεγαβάζῳ.

239 1327 266 1376 ὁ
309 1328 362 1378 δὲ
409 1325 762 1390 ἐπιλεξάμενος
806 1326 885 1378 καὶ
930 1326 1110 1392 λαβὼν
1152 1325 1400 1393 ἡγεμόνας
1447 1327 1501 1378 ἐκ
1547 1327 1635 1390 τῆς
1678 1326 1899 1393 Θρηίκης

241 1410 563 1477 ἐστρατεύετο
603 1411 686 1462 ἐπὶ
725 1410 816 1474 τὴν
854 1412 1114 1476 Παιονίην.
1201 1409 1468 1475 πυθόμενοι
1508 1411 1563 1462 δὲ
1601 1411 1648 1462 οἱ
1683 1410 1902 1464 Παίονες
1929 1426 1978 1469 15

239 1493 351 1548 τοὺς
382 1495 586 1560 Πέρσας
623 1494 704 1546 ἐπὶ
741 1493 905 1562 σφέας
942 1493 1083 1554 ἰέναι,
1116 1493 1409 1548 ἁλισθέντες
1446 1490 1901 1561 ἐξεστρατεύσαντο

240 1578 359 1644 πρὸς
396 1576 676 1643 θαλάσσης,
710 1577 963 1632 δοκέοντες
997 1578 1150 1650 ταύτῃ
1186 1576 1524 1646 ἐπιχειρήσειν
1553 1576 1665 1631 τοὺς
1695 1575 1900 1645 Πέρσας

240 1661 610 1727 ἐσβάλλοντας.
699 1665 744 1714 οἳ
774 1665 866 1728 μὲν
895 1661 953 1726 δὴ
986 1663 1202 1717 Παίονες
1230 1661 1362 1727 ἦσαν
1392 1662 1579 1728 ἕτοιμοι
1607 1661 1693 1715 τὸν
1725 1665 1897 1729 Μεγα-

239 1745 396 1811 βάζου
442 1745 658 1813 στρατὸν
702 1747 907 1798 ἐπιόντα
952 1746 1157 1813 ἐρύκειν,
1203 1749 1250 1798 οἱ
1294 1748 1347 1798 δὲ
1392 1744 1590 1814 Πέρσαι
1635 1746 1901 1812 πυθόμενοι

241 1831 543 1882 συναλίσθαι
577 1829 689 1884 τοὺς
726 1831 947 1885 Παίονας
982 1829 1062 1882 καὶ
1096 1829 1186 1895 τὴν
1215 1830 1337 1898 πρὸς
1372 1829 1634 1896 θαλάσσης
1671 1828 1901 1896 ἐσβολὴν
1928 1848 1980 1878 20

240 1913 618 1981 φυλάσσοντας,
662 1914 866 1983 ἔχοντες
904 1915 1150 1982 ἡγεμόνας
1190 1914 1280 1979 τὴν
1318 1913 1420 1967 ἄνω
1462 1916 1576 1967 ὁδὸν
1615 1912 1898 1982 τράπονται,

238 1999 479 2053 λαθόντες
510 2001 561 2051 δὲ
590 1998 703 2053 τοὺς
727 2000 951 2053 Παίονας
983 1999 1284 2051 ἐσπίπτουσι
1314 2000 1366 2053 ἐς
1394 2000 1482 2052 τὰς
1511 1999 1691 2052 πόλιας
1721 1997 1898 2071 αὐτῶν,

242 2082 420 2136 ἐούσας
443 2084 631 2150 ἀνδρῶν
653 2082 876 2149 ἐρήμους·
919 2084 999 2135 οἷα
1021 2085 1075 2135 δὲ
1101 2090 1292 2156 κεινῇσι
1315 2083 1639 2136 ἐπιπεσόντες
1658 2080 1900 2135 εὐπετέως

242 2165 506 2235 κατέσχον.
580 2169 626 2218 οἱ
650 2170 703 2219 δὲ
727 2167 941 2221 Παίονες
971 2166 1034 2220 ὣς
1066 2166 1307 2218 ἐπύθοντο
1330 2164 1572 2235 ἐχομένας
1594 2168 1680 2221 τὰς
1704 2166 1897 2224 πόλιας,

240 2251 414 2302 αὐτίκα
445 2249 886 2304 διασκεδασθέντες
920 2250 1021 2302 κατ’
1052 2250 1260 2304 ἑωυτοὺς
1291 2251 1492 2302 ἔκαστοι
1521 2249 1791 2318 ἐτράποντο
1807 2249 1900 2303 καὶ
1926 2270 1974 2311 25

240 2335 574 2401 παρεδίδοσαν
595 2332 758 2400 σφέας
782 2333 955 2388 αὐτοὺς
974 2338 1108 2386 τοῖσι
1127 2333 1377 2407 Πέρσῃσι.
1444 2335 1568 2386 οὕτω
1588 2333 1645 2398 δὴ
1667 2333 1900 2385 Παιόνων

241 2416 581 2485 Σιριοπαίονές
617 2439 671 2470 τε
709 2418 787 2469 καὶ
824 2418 1081 2470 Παιόπλαι
1118 2419 1198 2470 καὶ
1232 2420 1277 2470 οἱ
1313 2416 1461 2486 μέχρι
1495 2420 1581 2482 τῆς
1611 2415 1900 2484 Πρασιάδος

294 2569 319 2595 2
349 2558 387 2597 οἵ
410 2569 490 2596 om.
514 2555 647 2595 SVU
868 2567 893 2605 5
925 2572 1027 2597 αυτα
1054 2555 1189 2595 ABC
1410 2557 1437 2595 6
1467 2558 1604 2605 εἴησαν
1632 2561 1732 2595 ante
1761 2555 1900 2598 αὐτόθι

242 2611 370 2650 PSV
386 2611 423 2650 U
643 2611 669 2648 8
698 2611 762 2651 καὶ
794 2621 876 2648 om.
902 2610 941 2648 A
958 2610 992 2648 Β
1008 2610 1041 2649 C
1271 2623 1298 2660 9
1327 2611 1422 2664 πρὸς
1452 2609 1696 2662 Μεγάβαζον
1718 2609 1845 2650 PSV
1859 2610 1899 2650 U

245 2679 289 2704 11
322 2668 373 2706 τὰ
392 2664 518 2707 τέκνα
538 2663 578 2703 Α
593 2664 627 2703 Β
643 2664 676 2702 C
819 2682 866 2704 τε
887 2678 966 2704 orn.
991 2662 1044 2702 B1
1057 2665 1087 2703 S
1171 2696 1175 2700 .
1198 2667 1271 2706 τὰς
1289 2668 1479 2717 γυναῖκας
1499 2665 1538 2703 Α
1551 2664 1586 2703 Β
1601 2664 1635 2703 C
1746 2665 1900 2706 αὐτέων

242 2720 456 2772 SVU(it.
491 2720 563 2771 22)
789 2731 836 2768 13
877 2724 999 2766 βυβλ.
1036 2718 1099 2758 A:
1145 2724 1261 2767 βιβλ.
1300 2720 1389 2758 rell.
1557 2723 1614 2771 τῷ
1647 2731 1727 2757 om.
1757 2719 1896 2758 ABC

243 2787 289 2823 14
320 2774 499 2826 ἡγεμόνα
521 2775 550 2812 S
566 2773 604 2811 V
618 2773 656 2812 U
826 2786 873 2822 15
906 2773 1272 2825 ἐστρατοπεδεύετο
1293 2773 1374 2813 SV
1388 2774 1426 2812 U
1596 2774 1645 2811 16
1675 2775 1839 2827 ἐστρατ.
1863 2774 1897 2812 C

245 2831 292 2867 18
337 2828 620 2876 ἐσβάλλοντας
661 2827 955 2866 Herwerden:
1000 2827 1174 2878 ἐμβάλλ.
1209 2828 1247 2866 Λ
1266 2828 1300 2866 Β
1319 2828 1352 2866 C
1370 2842 1378 2867 :
1424 2826 1679 2875 ἐσβαλόντας
1715 2828 1790 2867 PS
1804 2828 1842 2865 V
1856 2828 1895 2866 U

239 2896 291 2921 22
324 2883 631 2923 ἐπεισπίπτουσι
653 2882 683 2920 S
698 2883 733 2920 V
748 2882 786 2920 U
933 2894 984 2930 23
1014 2897 1111 2922 κοιν.
1141 2882 1179 2920 U
1199 2897 1207 2920 :
1237 2898 1322 2930 κην.
1344 2882 1406 2920 V:
1438 2897 1520 2923 κεν.
1543 2882 1574 2921 S
1687 2885 1896 2943 {recca-56.

239 2938 270 2976 S
287 2938 325 2976 U
519 2949 571 2986 25
602 2936 687 2977 καθ’
709 2936 746 2974 Α
763 2935 797 2972 Β
812 2936 844 2973 C
1067 2938 1121 2974 26
1150 2937 1319 2978 ἑωυτοὺς
1340 2935 1428 2974 AB
1442 2936 1476 2976 C
1661 2949 1712 2986 27
1744 2941 1894 2990 Σιριοπ.

239 2990 423 3031 Holsten
443 3005 451 3030 :
480 2996 614 3042 Σιροπ.
644 2991 674 3030 S
690 2990 727 3029 V
740 2990 779 3029 U
798 3003 807 3028 ι
837 2995 992 3043 Σειροπ.
1017 2989 1057 3028 Α
1071 2990 1106 3029 Β
1122 2991 1155 3030 C
1172 2991 1205 3029 P
