2132 3340
727 96 1103 146 ιΣΤοΡιΩΝ
1163 96 1213 145 Θ
1527 138 1531 143 .
1712 129 1714 133 .
1838 70 2101 156 VIII.130

130 231 282 305 Ἀσίῃ
303 231 505 300 φεύγων
528 232 581 284 ἐκ
605 234 890 296 Σαλαμῖνος
913 230 993 283 καὶ
1016 229 1240 296 βασιλέα
1262 250 1317 282 τε
1342 229 1421 281 καὶ
1445 227 1534 293 τὴν
1559 227 1800 296 στρατιὴν

128 319 185 369 ἐκ
204 315 531 384 Χερσονήσου
556 316 915 383 διεπόρθμευσε
937 316 987 368 ἐς
1003 314 1246 381 Ἀβυδον,
1269 313 1543 383 ἐχειμέριζε
1564 316 1617 366 ἐν
1639 314 1798 387 Κύμῃ.

129 401 272 469 ἔαρος
303 403 356 454 δὲ
386 400 766 468 ἐπιλάμψαντος
796 400 978 467 πρώιος
1015 399 1313 467 συνελέγετο
1344 401 1395 453 ἐς
1425 398 1610 465 Σάμον·
1656 401 1706 452 αἱ
1747 401 1801 452 δὲ

128 491 227 539 τῶν
262 491 387 539 νεῶν
424 487 503 539 καὶ
543 484 865 554 ἐχειμέρισαν
899 484 1066 537 αὐτοῦ·
1113 483 1358 551 Περσέων
1394 486 1448 536 δὲ
1491 483 1571 535 καὶ
1610 482 1800 549 Μήδων

80 602 103 643 5
129 573 175 624 οἱ
211 575 419 624 πλεῦνες
456 568 779 637 ἐπεβάτευον.
868 570 1140 637 στρατηγοὶ
1177 568 1231 622 δέ
1267 575 1364 637 σφι
1402 570 1622 634 ἐπῆλθον
1654 572 1797 637 Μαρ-
1840 585 1866 617 2

128 656 304 721 ὃόντης
334 678 389 709 τε
420 656 446 706 6
478 656 697 723 Βαγαίου
729 654 807 707 καὶ
829 653 1132 722 Ἀρταΰντης
1156 655 1182 705 ὁ
1205 653 1531 722 Ἀρταχαίεω·
1579 657 1800 722 συνῆρχε

128 743 183 794 δὲ
210 740 432 793 τούτοισι
464 740 541 792 καὶ
572 738 872 808 ἀδελφιδέος
907 739 1056 792 αὐτοῦ
1084 737 1393 806 Ἀρταΰντεω
1424 738 1802 806 προσελομένου

129 824 426 894 Ἰθαμίτρης.
484 823 572 878 ἅτε
591 827 644 878 δὲ
661 824 894 892 μεγάλως
913 823 1205 892 πληγέντες,
1228 823 1284 875 οὐ
1305 822 1552 891 προήισαν
1572 822 1800 890 ἀνωτέρω

127 909 184 963 τὸ
208 910 331 977 πρὸς
362 909 593 978 ἑσπέρης,
620 909 719 962 οὐδ’
744 909 1054 977 ἐπηνάγκαζε
1084 909 1196 961 οὐδὲ
1229 909 1314 968 εἷς,
1340 907 1456 960 ἀλλ’
1482 909 1535 960 ἐν
1566 909 1624 980 τῇ
1650 907 1799 978 Σάμῳ

55 1022 104 1052 ιο
128 994 394 1061 κατήμενοι
425 995 726 1062 ἐφύλασσον
755 994 845 1060 τὴν
877 993 1071 1059 Ἰωνίην
1107 994 1173 1060 μὴ
1207 994 1417 1066 ἀποστῇ,
1452 992 1567 1046 νέας
1598 993 1801 1061 ἔχοντες

128 1079 223 1132 σὺν
252 1081 370 1152 τῇσι
399 1079 534 1132 Ἰάσι
559 1080 862 1147 τριηκοσίας.
939 1079 995 1131 οὐ
1026 1081 1118 1145 μὲν
1149 1079 1262 1131 οὐδὲ
1292 1076 1654 1145 προσεδέκοντο
1685 1078 1800 1132 τοὺς
1838 1100 1864 1144 3

117 1162 379 1230 “Ελληνας
403 1164 702 1216 ἐλεύσεσθαι
727 1165 777 1218 ἐς
796 1163 885 1228 τὴν
905 1163 1101 1229 Ἰωνίην
1122 1163 1236 1214 ἀλλ’
1257 1161 1570 1231 ἀποχρήσειν
1591 1170 1691 1230 σφι
1708 1162 1800 1227 τὴν

126 1252 320 1302 ἑωυτῶν
352 1248 656 1317 φυλάσσειν,
691 1248 1056 1314 σταθμεύμενοι
1095 1249 1170 1300 ὅτι
1210 1246 1492 1316 σφέαςοῦκ
1524 1246 1798 1312 ἐπεδίωξαν

127 1335 405 1402 φεύγοντας
429 1335 483 1386 ἐκ
507 1338 791 1399 Σαλαμῖνος
815 1333 931 1386 ἀλλ’
958 1333 1169 1399 ἄσμενοι
1193 1331 1610 1385 ἀπαλλάσσοντο.
1675 1335 1798 1385 κατὰ

55 1443 99 1486 ¹5
124 1417 216 1485 μέν
253 1440 341 1471 νυν
370 1418 460 1483 τὴν
497 1418 765 1471 θάλασσαν
803 1417 1085 1485 ἑσσωμένοι
1122 1417 1254 1483 ἦσαν
1289 1423 1356 1488 τῷ
1397 1421 1549 1488 θυμῷ,
1583 1418 1707 1492 πεζῇ
1744 1421 1796 1482 δὲ

127 1504 324 1556 ἐδόκεον
367 1509 543 1574 πολλῷ
594 1502 861 1570 κρατήσειν
905 1503 992 1556 τὸν
1039 1503 1341 1570 Μαρδόνιον.
1432 1504 1599 1557 ἐόντες
1645 1506 1698 1556 δὲ
1744 1505 1798 1555 ἐν
1834 1519 1863 1563 4

127 1587 274 1660 Σάμῳ
305 1587 406 1655 ἅμα
434 1592 524 1654 μὲν
550 1588 881 1655 ἐβουλεύοντο
914 1590 961 1642 εἴ
986 1610 1033 1640 τι
1064 1589 1296 1641 δυναίατο
1328 1587 1476 1640 κακὸν
1507 1587 1620 1642 τοὺς
1644 1594 1795 1640 πολε-
1825 1634 1829 1637 .
1857 1630 2002 1684 &d

123 1674 264 1740 μίους
307 1672 511 1738 ποιέειν,
560 1673 661 1740 ἅμα
705 1676 758 1727 δὲ
804 1675 882 1726 καὶ
936 1674 1278 1739 ὠτακρρστεον
1323 1674 1412 1746 ὅκῃ
1456 1672 1693 1725 πεσέεται
1736 1675 1797 1724 τὰ
1815 1645 2132 1745 “Qu-“22

126 1760 412 1827 Μαρδονίου
431 1758 711 1827 πρήγματα.
773 1758 886 1813 τοὺς
911 1761 962 1812 δὲ
983 1757 1247 1824 “Ελληνας
1270 1759 1330 1810 τό
1351 1780 1405 1811 τε
1429 1758 1517 1825 ἔαρ
1534 1758 1797 1826 γινόμενον
1834 1771 1914 1818 131

52 1868 102 1897 20
125 1843 292 1912 ἤγειρε
329 1845 407 1897 καὶ
439 1845 724 1911 Μαρδόνιος
763 1846 817 1896 ἐν
855 1845 1128 1916 Θεσσαλίῃ
1165 1844 1276 1896 ἐών.
1366 1844 1392 1894 6
1426 1846 1518 1910 μὲν
1555 1842 1612 1908 δὴ
1650 1843 1795 1907 πεζὸς

126 1929 252 1981 οὔκω
293 1929 611 1997 συνελέγετο,
655 1931 681 1980 6
725 1932 778 1982 δὲ
819 1929 1042 1983 ναυτικὸς
1083 1929 1285 1995 ἀπίκετο
1327 1930 1378 1982 ἐς
1418 1930 1645 1996 Αἴγιναν,
1688 1926 1796 1981 νέες

126 2013 333 2082 ἀριθμὸν
369 2013 486 2066 δέκα
529 2016 606 2067 καὶ
647 2015 840 2067 ἑκατόν.
931 2013 1212 2083 στρατηγὸς
1249 2016 1301 2066 δὲ
1338 2013 1416 2065 καὶ
1454 2013 1700 2081 ναύαρχος
1737 2011 1796 2077 ἦν
1833 2032 1858 2063 2

127 2100 429 2168 Λευτυχίδης
469 2101 495 2151 6
538 2099 794 2168 Μενάρεος
833 2105 920 2152 τοῦ
954 2099 1250 2168 “Ηγησίλεω
1290 2103 1375 2150 τοῦ
1409 2097 1795 2164 Ἱπποκρατίδεω

125 2189 211 2236 τοῦ
251 2186 563 2254 Λευτυχίδεω
603 2190 690 2237 τοῦ
731 2183 1008 2250 Ἀναξίλεω
1049 2189 1136 2237 τοῦ
1174 2183 1479 2252 Ἀρχιδήμου
1518 2186 1605 2234 τοῦ
1631 2181 1792 2234 ΑἈνα-

52 2290 98 2331 25
124 2267 390 2337 ξανδρίδεω
426 2275 513 2322 τοῦ
545 2271 852 2336 Θεοπόμπου
888 2275 975 2322 τοῦ
1008 2268 1291 2336 Νικάνδρου
1326 2273 1412 2320 τοῦ
1441 2268 1674 2335 Χαρίλεω
1710 2272 1797 2319 τοῦ

184 2420 202 2447 1
233 2425 282 2450 τε
312 2421 393 2448 om.
427 2408 517 2447 RV
710 2421 734 2447 2
764 2416 926 2462 Χερρον.
952 2407 1117 2448 PRV:
1147 2415 1310 2458 Χερονν.
1340 2407 1374 2446 C
1514 2405 1794 2460 διεπόρθμευεν

127 2462 264 2502 RSV
403 2462 631 2518 ἐχειμέρισε
664 2462 697 2501 Ρ
890 2476 915 2513 3
948 2467 1106 2517 πρῶτον
1132 2462 1269 2501 RSV
1462 2475 1487 2511 4
1522 2466 1626 2511 νηῶν
1659 2461 1796 2500 RSV

125 2528 151 2567 5
194 2516 239 2559 δὲ
274 2520 451 2567 ἐπῆλθον
485 2518 532 2559 δέ
569 2526 642 2571 σφι
676 2518 711 2557 C
876 2520 904 2557 6
948 2518 1191 2571 Ἀρταχαίου
1234 2517 1266 2556 L
1435 2529 1458 2567 7
1499 2520 1607 2557 τοῖσι
1642 2515 1680 2553 Α
1702 2515 1738 2554 Β
1759 2516 1793 2555 C

126 2573 280 2625 -φιδεὸς
299 2571 338 2611 Α
354 2573 388 2611 Β
403 2573 436 2612 C
455 2573 493 2612 R
507 2572 546 2611 V
635 2572 887 2626 Ἀρταΰντεω
908 2575 1030 2614 αὐτοῦ
1052 2573 1253 2623 Krueger
1363 2570 1636 2626 προελομένου
1658 2570 1697 2608 R
1712 2570 1743 2610 S
1757 2570 1794 2609 V

125 2627 151 2664 8
181 2627 405 2681 Ἰθαμίτρης
427 2627 701 2678 wesseling:
732 2628 903 2681 ὂαμίτηρ
926 2627 965 2665 R
985 2642 994 2666 :
1026 2631 1046 2668 ὁ
1067 2628 1234 2679 ἇμίτρης
1255 2627 1343 2666 rell.
1461 2628 1656 2679 προῆισαν
1675 2625 1714 2665 Α
1728 2625 1763 2664 Β
1782 2639 1793 2664 t

125 2684 337 2735 προσῆσαν
358 2683 416 2721 C:
448 2683 651 2737 προήεσαν
674 2683 706 2721 Ρ
722 2682 759 2720 R
775 2682 805 2722 S
818 2682 855 2720 V
1034 2695 1062 2733 9
1090 2684 1142 2723 τὰ
1164 2683 1197 2721 Ρ
1212 2682 1250 2720 R
1265 2681 1295 2720 S
1308 2682 1347 2720 V
1458 2681 1587 2722 οὐδείς
1606 2680 1645 2719 Α
1661 2680 1696 2719 Β
1710 2680 1744 2719 C
1761 2680 1794 2718 P

130 2748 179 2775 10
207 2740 303 2785 νῆας
325 2737 364 2776 R
379 2737 409 2777 S
423 2738 461 2777 V
576 2750 620 2776 11
652 2739 732 2789 μὴν
751 2737 790 2776 Α
807 2737 840 2776 Β
856 2737 889 2776 C
1012 2749 1061 2775 12
1090 2739 1167 2786 τὴν
1187 2749 1267 2777 om.
1292 2736 1331 2774 R
1347 2736 1377 2776 S
1391 2735 1430 2775 V
1544 2748 1591 2785 14
1621 2735 1792 2789 φεύγον-

127 2808 195 2832 τες
216 2791 250 2830 C
436 2794 486 2832 16
514 2793 673 2834 πολλὸν
695 2792 734 2831 R
750 2792 779 2832 S
797 2791 832 2831 V
1024 2805 1070 2842 17
1103 2791 1402 2839 ἐβουλεύσαντο
1426 2791 1460 2829 Β
1651 2791 1699 2828 18
1728 2792 1791 2832 καὶ

126 2858 208 2885 om.
251 2847 290 2885 R
313 2846 344 2886 S
364 2847 401 2886 V
526 2847 604 2896 ὅπη
644 2847 678 2886 C
868 2859 917 2897 19
958 2846 1179 2899 γενόμενον
1220 2846 1253 2884 Ρ
1275 2846 1313 2884 R
1337 2846 1366 2885 S
1387 2845 1426 2884 V
1605 2857 1652 2883 21
1701 2847 1793 2893 νῆες

127 2899 168 2937 Α
181 2900 215 2938 Β
230 2900 267 2938 R
284 2900 314 2940 S
327 2900 366 2940 V
563 2914 615 2951 23
646 2900 840 2954 Μενάριος
861 2901 895 2940 C
1026 2902 1202 2942 Ἥσίλεω
1224 2901 1262 2940 R
1279 2901 1308 2941 S
1322 2901 1361 2940 V
1527 2913 1578 2948 25
1608 2900 1792 2952 Χαρίλεω

128 2952 248 2993 Stein
268 2969 276 2995 :
307 2956 511 3009 Χαρίλλου
535 2956 574 2994 R
591 2956 671 2995 SV
689 2970 697 2994 ε
727 2956 905 3009 Χαρίλου
926 2955 964 2994 Α
981 2955 1015 2994 Β
1030 2955 1084 2998 P:
1116 2956 1292 3010 Χοιρίλον
1314 2959 1386 2996 τοῦ
1407 2954 1626 3009 Ἡρακλέος
1649 2955 1682 2992 C

1272 3036 1275 3039 ’
1548 3039 1626 3079 21*
