2132 3340
58 73 167 123 VII.
197 87 269 136 94

202 473 273 524 95

0 678 241 713 ,fia-emm.

0 726 144 761 wude
170 732 252 762 eu.

936 73 982 120 H
1000 72 1365 122 POAOTOT

307 206 398 269 μὲν
443 203 625 271 χρόνον
669 203 723 255 ἐν
768 201 1149 273 Πελοποννήσῳ
1198 204 1362 255 οἴκεον
1404 202 1497 268 τὴν
1540 208 1627 257 νῦν
1672 206 1977 272 καλεομένην

308 288 542 355 Ἀχαιίην
582 286 662 338 καὶ
703 288 818 354 πρὶν
852 283 882 351 ἢ
922 288 1125 340 Δαναόν
1161 310 1216 340 τε
1255 288 1336 340 καὶ
1364 290 1576 343 ’Ξοῦθον
1616 289 1884 343 ἀπικέσθαι
1925 294 1976 346 ἐς

309 372 725 436 Πελοπόννησον,
766 371 831 425 ὡς
851 370 1106 437 ’Έλληνες
1141 371 1367 440 λέγουσι,
1409 372 1690 440 ἐκαλέοντοΙ
1711 376 1976 443 Πελασγοὶ

311 455 592 523 Αἰγιαλέες,
627 455 707 507 ἐπὶ
742 458 795 508 δὲ
817 454 991 510 Ἴωνος
1027 461 1115 508 τοῦ
1150 458 1349 511 Ξούθου
1371 456 1559 512 Ἴωνες.
1645 464 1886 523 νησιῶται
1921 463 1975 513 δὲ

311 541 639 592 ἑπτακαίδεκα
668 542 967 609 παρείχοντο
998 540 1128 600 νέας,
1164 541 1472 607 ὡπλισμένοι
1504 542 1568 596 ὡς
1589 540 1861 608 Ἕλληνες,
1894 545 1974 597 καὶ

310 629 456 676 τοῦτο
488 624 814 692 Πελασγικὸν
850 624 1010 686 ἔθνος,
1042 626 1254 693 ὕστερον
1291 628 1344 678 δὲ
1376 625 1596 678 Ἰωνικὸν
1635 626 1820 693 ἐκλήθη
1852 630 1982 695 mn}

309 709 396 762 τὸν
426 708 576 773 αὐτὸν
610 709 767 776 λόγον
804 710 884 762 καὶ
920 711 966 762 οἱ
1002 711 1393 765 δυωδεκαπόλιες
1417 709 1588 765 Ἴωνες
1623 713 1669 763 oi
1705 711 1791 764 ἀπ’
1823 711 1970 777 Ἀθη-

310 793 452 846 νέων.
528 792 735 848 Αἰολέες
768 796 820 846 δὲ
851 791 1091 859 ἐξήκοντα
1121 793 1234 848 νέας
1265 796 1581 863 παρείχοντο,
1616 793 1973 862 ἐσκευασμένοι

310 900 365 931 τε
410 878 475 932 ὣς
510 876 764 943 “Ελληνες
812 878 891 930 καὶ
938 878 995 930 τὸ
1042 878 1199 948 πάλαι
1245 880 1536 945 καλεόμενοι
1581 882 1862 948 Πελασγοί,
1908 881 1974 958 (ἧς

309 961 575 1027 Ἑλλήνων
596 963 768 1029 λόγος.
836 961 1233 1029 Ἑλλησπόντιοι
1254 965 1308 1015 δὲ
1331 963 1465 1028 πλὴν
1483 963 1776 1030 Ἀβυδηνῶν
1797 964 1971 1031 (Ἀβυ-

310 1051 506 1112 δηνοῖσι
537 1049 631 1114 γὰρ
655 1047 1022 1114 προσετέτακτο
1053 1050 1107 1101 ἐκ
1136 1047 1386 1113 βασιλέος
1417 1050 1540 1100 κατὰ
1569 1049 1738 1118 χώρην
1766 1048 1974 1115 μένουσι

311 1131 541 1198 φύλακας
588 1132 714 1184 εἶναι
760 1136 859 1184 τῶν
903 1128 1183 1200 γεφυρέων)
1224 1134 1270 1185 οἱ
1322 1135 1376 1185 δὲ
1425 1133 1594 1185 λοιποὶ
1641 1129 1733 1200 (οἱ)
1781 1135 1836 1185 ἐκ
1886 1138 1974 1186 τοῦ

311 1217 511 1268 Πόντου
542 1216 924 1284 στρατευόμενοι
953 1218 1252 1285 παρείχοντο
1279 1219 1373 1282 μὲν
1403 1216 1579 1269 ἑκατὸν
1609 1216 1740 1278 νέας,
1767 1219 1970 1271 ἐσκευα-

312 1299 486 1366 σμένοι
518 1303 571 1353 δὲ
601 1299 732 1366 ἦσαν
763 1299 1108 1366 ὦς“Ελληνες.
1183 1301 1318 1353 οὗτοι
1347 1304 1401 1354 δὲ
1423 1301 1605 1354 Ἰώνων
1635 1302 1714 1353 καὶ
1740 1301 1974 1369 Δωριέων

311 1384 522 1437 ἄποικοι.
613 1384 918 1450 ἐπεβάτευον
948 1388 1000 1438 δὲ
1036 1385 1116 1437 ἐπὶ
1147 1385 1350 1438 πασέων
1379 1391 1477 1438 τῶν
1508 1391 1634 1438 νεῶν
1665 1385 1862 1454 Πέρσαι
1895 1388 1972 1439 καὶ

314 1472 480 1534 Μῆδοι
513 1470 591 1521 καὶ
621 1469 793 1522 Σάκαι.
881 1469 1067 1522 τούτων
1098 1472 1150 1522 δὲ
1179 1470 1362 1537 ἄριστα
1391 1471 1646 1525 πλεούσας
1675 1472 1974 1540 παρείχοντο

312 1552 427 1607 νέας
463 1554 694 1608 Φοίνικες
735 1554 813 1606 καὶ
851 1556 1098 1607 Φοινίκων
1138 1556 1380 1607 Σιδώνιοι.
1467 1555 1688 1607 τούτοισι
1726 1559 1853 1608 πᾶσι
1892 1556 1973 1608 καὶ

311 1643 445 1690 τοῖσι
486 1641 536 1692 ἐς
576 1637 663 1691 τὸν
702 1638 851 1703 πεζὸν
888 1638 1239 1706 τεταγμένοισι
1281 1639 1441 1692 αὐτῶν
1478 1641 1673 1705 ἐπῆσαν
1713 1638 1973 1692 ἑκάστοισι

0 1714 290 1779 emh-1²⁸&
313 1723 571 1791 ἐπιχώριοι
599 1723 855 1790 ἡγεμόνες,
881 1729 980 1775 τῶν
1003 1724 1117 1791 ἐγώ,
1146 1725 1203 1776 οὐ
1231 1726 1326 1792 γὰρ
1356 1725 1598 1796 ἀναγκαίῃ
1631 1723 1892 1793 ἐξέργομαι
1919 1726 1973 1778 ἐς

0 1788 272 1861 uam-132

0 1895 248 1963 “ww

206 2321 274 2370 97

313 1809 326 1826 e
465 1808 480 1826 t
615 1784 811 1831 'PW‘W
1031 1807 1043 1826 ι
1344 1808 1365 1826 u
1482 1810 1499 1826 x
1568 1808 1588 1828 u
1766 1811 1779 1828 ι
1831 1807 1843 1828 ι

314 1828 534 1874 ιστοριης
564 1813 735 1876 λόγον,
759 1829 816 1858 ου
846 1829 1246 1875 παραμςμνημαι.
1309 1829 1421 1861 ουτε
1443 1829 1538 1876 γαρ
1562 1812 1729 1862 εθνεος
1759 1830 1973 1862 εκαστου

311 1889 505 1958 ἐπάξιοι
548 1890 681 1956 ἦσαν
725 1894 771 1943 οἱ
815 1892 1071 1959 ἡγεμόνες,
1115 1892 1169 1961 ἔν
1209 1914 1263 1944 τε
1306 1893 1439 1945 ἔθνεϊ
1482 1891 1676 1962 ἑκάστῳ
1719 1893 1837 1944 ὅσαι
1879 1914 1972 1960 περ

311 1977 483 2030 πόλιες
533 1979 767 2028 τοσοῦτοι
815 1976 894 2027 καὶ
943 1976 1183 2043 ἡγεμόνες
1234 1975 1379 2040 ἦσαν.
1469 1977 1668 2029 εἵποντο
1710 1979 1764 2029 δὲ
1808 1977 1873 2031 ὣς
1915 1976 1974 2028 οὗ

314 2060 583 2127 στρατηγοὶ
620 2060 736 2112 ἀλλ’
766 2062 936 2128 ὥσπερ
967 2063 1012 2112 οἱ
1047 2060 1195 2112 ἄλλοι
1232 2061 1612 2127 στρατευόμενοι
1647 2064 1831 2120 δοῦλοι,
1863 2062 1970 2114 ἐπεὶ

315 2145 589 2212 στρατηγοί
621 2166 679 2211 γε
714 2147 760 2196 οῖ
796 2144 853 2196 τὸ
887 2148 986 2196 πᾶν
1023 2143 1225 2213 ἔχοντες
1261 2143 1435 2212 κράτος
1477 2146 1555 2196 καὶ
1586 2144 1833 2212 Ιἄρχοντες
1871 2149 1971 2197 τῶν

313 2227 497 2280 ἐθνέων
541 2227 782 2287 ἑκάστων,
828 2229 942 2279 ὅσοι
978 2229 1138 2280 αὐτῶν
1182 2227 1313 2292 ἦσαν
1353 2228 1565 2295 Πέρσαι,
1613 2222 1830 2295 εἰρέαταί
1866 2250 1966 2294 μοι.

311 2317 399 2363 τοῦ
430 2314 483 2364 δὲ
512 2317 739 2364 ναυτικοῦ
771 2310 1105 2379 ἐστρατήγεον
1130 2313 1247 2372 οἵδε,
1274 2312 1599 2380 Ἀριαβίγνης
1621 2333 1675 2364 τε
1705 2314 1731 2363 ὁ
1757 2313 1972 2379 Δαρείου

315 2395 392 2447 καὶ
425 2393 734 2463 Πρηξάσπης
765 2397 792 2446 ὁ
815 2396 1131 2448 Ἀσπαθίνεω
1162 2395 1241 2448 καὶ
1267 2395 1571 2464 Μεγάβαζος
1602 2396 1628 2446 ὁ
1651 2395 1971 2463 Μεγαβάτεω

315 2479 393 2531 καὶ
429 2479 732 2549 Ἀχαιμένης
773 2481 799 2531 ὁ
838 2481 1066 2547 Δαρείου,
1105 2483 1194 2545 τῆς
1227 2482 1319 2546 μὲν
1354 2479 1514 2533 Ἰάδος
1548 2502 1602 2532 τε
1640 2480 1718 2532 καὶ
1755 2482 1972 2547 Καρικῆς

368 2629 389 2666 7
421 2617 462 2657 αἱ
482 2615 521 2654 R
536 2616 616 2656 SV
726 2618 900 2658 δυώδεκα
913 2616 1052 2657 πόλιες
1070 2615 1155 2656 PR
1172 2615 1274 2656 SV:
1307 2615 1629 2658 δυωδεκαπόλεες
1645 2615 1685 2655 Α
1700 2616 1734 2654 Β
1754 2629 1764 2655 :
1793 2616 1969 2658 δυώδεκα

310 2670 457 2712 πόλεες
479 2671 512 2710 C
623 2672 842 2721 Ἀθηναίων
862 2671 895 2710 C
911 2671 950 2709 R
965 2671 1046 2710 SV
1154 2683 1182 2721 9
1210 2670 1281 2710 alt.
1303 2670 1374 2722 ὥς]
1391 2672 1443 2712 ὣς
1463 2674 1484 2711 ὃ
1501 2671 1535 2709 C
1676 2683 1727 2710 10
1754 2669 1966 2719 Ἀβυδηνοὶ

309 2726 387 2778 ’γὰρ
409 2724 443 2763 C
624 2739 672 2765 12
702 2728 739 2767 οἵ
757 2727 853 2766 add.
877 2725 1126 2775 Wesseling
1305 2728 1352 2765 18
1382 2726 1575 2774 ἐποίησαν
1598 2725 1662 2764 R:
1694 2725 1866 2774 ἐπήισαν
1887 2725 1967 2763 SV

315 2792 364 2829 19
394 2781 614 2833 ἐξείργομαι
634 2781 675 2820 Α
690 2781 778 2819 BR
793 2781 876 2820 SV
1042 2793 1090 2819 21
1126 2780 1274 2833 ἐπάξιοι
1297 2780 1478 2819 Portus:
1508 2779 1660 2833 ἆποίξιοι
1684 2779 1717 2817 L
1827 2781 1865 2820 οἵ
1884 2809 1894 2819 .
1914 2809 1926 2819 .
1952 2809 1962 2819 .

309 2833 416 2881 ἦσαν
429 2835 523 2886 (22)
540 2847 620 2874 om.
639 2836 677 2874 R
789 2848 839 2884 24
863 2852 914 2887 γε
932 2835 994 2875 R:
1026 2839 1070 2876 δε
1085 2835 1137 2887 (3)
1152 2835 1220 2874 V:
1248 2852 1295 2875 τε
1310 2834 1400 2872 ΑΒ
1416 2834 1450 2873 C
1466 2834 1527 2873 P:
1557 2847 1637 2873 om.
1654 2834 1685 2872 S
1795 2846 1846 2886 25
1876 2833 1965 2884 μοι]

307 2888 443 2937 μούνοι
465 2889 499 2927 C
672 2892 726 2928 26
755 2891 836 2931 οἵδε
855 2903 937 2929 orn.
960 2889 1000 2928 A
1017 2890 1051 2928 B
1066 2890 1100 2928 C
1277 2901 1328 2940 27
1360 2888 1587 2937 Ἀπαθήνεω
1610 2888 1648 2926 R
1668 2901 1678 2927 τ
1707 2889 1964 2937 Ἀσπαθήνεω

311 2942 341 2982 S
356 2943 411 2981 Ve
574 2945 626 2981 28
657 2946 762 2985 ἆίδος
783 2945 821 2983 V
839 2959 847 2983 τ
877 2945 1007 2985 ἄοίδος
1031 2944 1069 2983 R
1182 2944 1328 2998 Καρίης
1351 2943 1390 2981 R
1405 2943 1487 2982 SV

1997 572 2021 613 5

2000 991 2051 1020 10

2001 1413 2046 1454 15

1998 1834 2048 1862 20

1996 2253 2044 2294 ²5
