2132 3340
49 71 173 136 vn.
199 98 286 148 150
948 84 1373 134 HPOAOTOT

329 217 464 273 σθαι,
509 212 644 266 ἀλλὰ
683 213 798 280 παρ’
835 216 950 279 ὑμῖν
987 213 1181 266 αὐτοῖσι
1220 215 1436 284 ἡσυχίην
1478 217 1687 286 ἔχοντας
1729 219 1990 282 κατῆσθαι.

325 294 386 365 ἢν
427 300 521 365 γὰρ
564 299 672 364 ἐμοὶ
713 297 916 365 γένηται
961 301 1085 350 κατὰ
1128 299 1260 359 νόον,
1298 300 1538 366 οὐδαμοὺς
1580 301 1786 367 μέζονας
1827 300 1991 367 ὑμέων

0 413 141 478 ,μων
261 400 287 442 3
325 380 444 446 ἄξω.
491 388 645 434 ταῦτα
676 383 983 437 ἀκούσαντας
1016 383 1274 451 Ἀργείους
1309 383 1512 452 λέγεται
1546 384 1987 456 πρῆγμα-ποιήσω
2017 396 2132 481 μςθω

0 496 130 531 :uuo
284 501 297 510 ‚
325 489 360 516 σ
394 488 459 526 αι,
488 467 567 519 καὶ
597 471 899 536 παραχρῆμα
926 470 1019 533 μὲν
1044 468 1987 536 οὐδὲᾈέΊ-ταχχςλλωιέιιωωιεταιτέειν,

0 550 104 594 “7—
133 589 145 598 .
269 534 432 604 ‘f'e’nd
461 550 516 603 δέ
547 558 713 619 σφεας
744 551 1160 620 παραλαμβάνειν
1191 551 1602 618 τοὺς““Ελληνας,
1635 555 1760 605 οὕτω
1791 553 1848 618 δὴ
1881 555 1986 606 ἐπι-
2012 579 2036 620 5

324 635 598 701 σταμένους
644 637 721 688 ὅτι
768 637 825 687 οὐ
873 637 1221 702 μεταδώσουσι
1268 640 1355 702 τῆς
1403 639 1560 705 ἀρχῆς
1606 638 1987 703 Λακεδαιμόνιοι
2043 662 2046 664 ’

206 739 281 789 151
320 719 611 785 μεταιτέειν,
644 722 726 772 ἵνα
763 721 844 772 ἐπὶ
884 719 1168 788 προφάσιος
1204 721 1422 790 ἡσυχίην
1458 721 1636 789 ἄγωσι.
1713 723 2132 788 συμπ-εσεῖνδεαί

321 807 373 856 δὲ
411 806 634 857 τούτοισι
671 806 750 857 καὶ
787 805 931 857 τόνδε
967 805 1057 857 τὸν
1094 806 1251 872 λόγον
1292 805 1507 873 λέγουσί
1538 828 1670 869 τΨες
1704 805 1985 871 Ἑλλήνων,

315 894 560 941 ’πολλοῖσι
605 885 695 955 [τε]
741 890 878 941 ἔτεσι
920 891 1133 957 ὕστερον
1180 890 1450 956 γενόμενον
1480 885 1684 943 τούτων·
1736 895 1905 959 τυχεῖν
1936 892 1991 942 ἐν

321 974 563 1025 Σούσοισι
593 978 726 1024 τοῖσι
752 975 1086 1039 Μεμνονίοισι
1117 975 1289 1028 ἐόντας
1321 974 1490 1042 ἐτέρου
1519 973 1803 1042 πρήγματος
1827 975 1997 1027 εἵνεκα·
2015 996 2066 1025 ιο

321 1057 564 1124 ἀγγέλους
604 1058 900 1122 Ἀθηναίων,
936 1060 1167 1123 Καλλίην
1207 1080 1261 1111 τε
1305 1058 1391 1111 τὸν
1434 1058 1719 1111 Ἱππονίκου
1762 1058 1841 1110 καὶ
1876 1058 1990 1113 τοὺς

321 1144 445 1207 μετὰ
496 1142 667 1194 τούτου
720 1141 1020 1208 ἀναβάντας,
1072 1142 1329 1210 Ἀργείους
1374 1145 1428 1195 δὲ
1477 1142 1566 1195 τὸν
1617 1142 1766 1194 αὐτὸν
1815 1147 1989 1196 τοῦτον

321 1227 504 1294 χρόνον
536 1225 832 1294 πέμψαντας
864 1226 943 1278 καὶ
979 1227 1181 1280 τούτους
1219 1228 1269 1281 ἐς
1305 1232 1475 1290 Σοῦσα
1506 1226 1752 1298 ἀγγέλους
1783 1228 1988 1293 εἰρωτᾶν

322 1307 649 1378 Ἀρτοξέρξην
679 1310 764 1362 τὸν
791 1309 989 1378 Ξέρξεω
1021 1312 1068 1363 εἴ
1090 1318 1187 1378 σφι
1212 1310 1284 1363 ἔτι
1313 1310 1510 1378 ἐμμένει
1532 1310 1622 1375 τὴν
1646 1310 1769 1378 πρὸς
1793 1308 1988 1378 Ξέρξην

323 1396 501 1461 φιλίην
531 1393 948 1461 συνεκεράσαντο,
979 1390 1009 1459 ἢ
1042 1396 1324 1460 νομιζοίατο
1356 1394 1476 1463 πρὸς
1508 1395 1656 1446 αὐτοῦ
1679 1395 1806 1447 εἶναι
1834 1394 1985 1447 πολέ-
2013 1414 2061 1455 15
2108 1410 2125 1420 “

321 1500 440 1543 μιοι·
486 1477 710 1544 βασιλέα
739 1481 794 1531 δὲ
822 1477 1154 1546 Ἀρτοξέρξην
1191 1479 1414 1546 μάλιστα
1449 1478 1679 1545 ἐμμένειν
1715 1478 1871 1547 φάναι
1907 1479 1988 1531 καὶ

197 1582 285 1631 152
322 1562 553 1628 οὐδεμίαν
590 1563 806 1628 νομίζειν
845 1563 995 1614 πόλιν
1028 1562 1248 1630 ’Ἄργεος
1287 1562 1605 1631 φιλιωτέρην.
1695 1566 1739 1616 εἶ
1773 1563 1864 1630 μέν
1900 1566 1987 1616 νυν

325 1646 515 1714 Ξέρξης
551 1669 605 1699 τε
641 1645 909 1714 ἀπέπεμψε
945 1652 1097 1699 ταῦτα
1133 1646 1348 1715 λέγοντα
1385 1646 1567 1715 κήρυκα
1604 1649 1655 1702 ἐς
1682 1646 1870 1715 Ἀργος
1906 1642 1987 1700 καὶ

323 1730 563 1798 Ἀργείων
592 1731 801 1799 ἄγγελοι
833 1730 1112 1797 ἀναβάντες
1144 1734 1194 1786 ἐς
1219 1736 1388 1783 Σοῦσα
1417 1733 1696 1799 ἐπειρώτων
1726 1730 1989 1799 Ἀρτοξέρ-.

324 1812 414 1880 ξην
445 1817 556 1882 περὶ
594 1816 782 1883 φιλίης,
817 1815 902 1867 οὐκ
940 1815 1039 1884 ἔχω
1077 1815 1316 1884 ἀτρεκέως
1355 1819 1526 1876 εἰπεῖν,
1561 1815 1674 1868 οὐδέ
1708 1838 1819 1868 τινα
1854 1816 1980 1884 γνώ-
2012 1834 2062 1862 20

319 1922 417 1964 μην
457 1901 568 1967 περὶ
608 1900 768 1952 αὐτῶν
809 1902 1151 1967 ἀποφαίνομαι
1192 1900 1353 1966 ἄλλην
1401 1923 1459 1969 γε
1506 1898 1536 1966 ἢ
1584 1899 1674 1966 τήν
1716 1923 1808 1968 περ
1847 1900 1986 1952 αὐτοὶ

256 2002 282 2033 2
320 1984 540 2051 Ἀργεῖοι
585 1983 810 2051 λέγουσι.
885 1986 1156 2051 ἐπίσταμαι
1206 1988 1259 2038 δὲ
1306 1991 1546 2038 τοσοῦτον
1592 1986 1670 2037 ὅτι
1715 1987 1757 2037 εἰ
1803 1984 1985 2038 πάντες

0 2072 218 2135 ΜΦ·
321 2068 571 2134 ἄνθρωποι
599 2071 659 2120 τὰ
690 2068 852 2133 οἰκήια
882 2070 1005 2120 κακὰ
1035 2070 1086 2122 ἐς
1113 2068 1272 2136 μέσον
1305 2071 1637 2122 συνενείκαιεν
1668 2068 1986 2136 ἀλλάξασθαι

319 2154 622 2218 βουλόμενοι
643 2158 776 2205 τοῖσι
800 2155 1083 2218 πλησίοισι,
1113 2154 1422 2221 ἐγκύψαντες
1447 2153 1508 2206 ἂν
1533 2156 1583 2208 ἐς
1612 2156 1673 2205 τὰ
1702 2159 1798 2205 τῶν
1829 2152 1984 2206 πέλας

322 2239 445 2288 κακὰ
480 2238 742 2290 ἀσπασίως
779 2238 983 2290 ἕκαστοι
1019 2237 1178 2289 αὐτῶν
1211 2239 1548 2305 ἀποφεροίατο
1579 2238 1743 2289 ὀπίσω
1773 2239 1833 2289 τὰ
1862 2239 1979 2302 ἐση-
2008 2249 2057 2291 25

255 2338 280 2381 3
321 2321 563 2373 νείκαντο.
639 2322 766 2373 οὕτω
805 2318 899 2386 [δὴ]
937 2321 1044 2373 οὐδ’
1087 2322 1364 2389 Ἀργείοισι
1412 2323 1657 2389 αἴσχιστα
1702 2323 1981 2384 πεποίηται.

321 2406 418 2472 ἐγὼ
456 2408 508 2457 δὲ
545 2407 736 2472 ὀφείλω
777 2404 948 2472 λέγειν
996 2409 1059 2458 τὰ
1106 2407 1370 2473 λεγόμενα,
1409 2406 1675 2458 πείθεσθαί
1706 2426 1764 2472 γε
1799 2407 1890 2470 μὲν
1926 2404 1984 2454 οὗ

378 2557 394 2581 1
419 2547 613 2593 καθῆσθαι
631 2543 759 2581 RSV
883 2558 907 2581 2
929 2541 1155 2596 γένοιταιῖ
1247 2541 1411 2594 μέζονος
1431 2540 1607 2593 (pluris)
1621 2540 1698 2580 Val
1860 2554 1886 2590 3
1908 2540 1981 2592 ἔξω

322 2597 474 2638 RSV
638 2600 666 2636 6
702 2599 756 2638 τὰ
789 2601 863 2647 τῆς
899 2597 1051 2637 RSV
1213 2599 1239 2636 8
1283 2597 1468 2646 Ἐλλήνω
1498 2596 1598 2635 RV
1755 2609 1783 2646 9
1819 2612 1866 2636 τε
1895 2607 1979 2634 om.

318 2652 358 2690 A
374 2654 407 2691 B
427 2653 460 2691 C
476 2654 533 2693 P:
565 2667 618 2692 an
637 2654 715 2705 7⁶3
867 2665 918 2692 10
946 2652 1227 2704 Μεμνονείοισι
1249 2652 1283 2690 Ρ
1433 2664 1481 2700 14
1511 2649 1766 2704 Ἀρτοξέρξεα
1785 2648 1825 2687 Α
1841 2649 1876 2687 Β
1893 2650 1927 2688 C
1946 2649 1981 2688 P

320 2707 507 2758 ἐμμένειν
537 2707 721 2749 ἐθέλουσι
748 2706 888 2746 AB'C
1018 2710 1093 2761 τῇ.
1111 2737 1122 2748 .
1139 2707 1254 2761 φιλίῃ
1286 2706 1458 2746 Bekker
1625 2717 1674 2755 15
1707 2705 1849 2746 αὐτοὺς
1869 2701 1978 2742 ᾹῙΒ

323 2764 373 2800 16
400 2762 556 2815 -ξέρξεα
573 2763 606 2801 Ρ
687 2762 888 2812 ἐπιμένειν
911 2762 1048 2801 RSV
1162 2763 1211 2801 18
1239 2778 1286 2802 τε
1299 2774 1380 2800 om.
1402 2761 1486 2799 PR
1502 2760 1584 2800 SV
1696 2772 1747 2811 19
1775 2759 1926 2812 -ξέρξεα
1945 2758 1979 2796 L

318 2826 372 2855 22
421 2817 591 2869 λέγουσι
629 2830 710 2857 om.
754 2818 793 2855 R
815 2817 906 2856 SV
1087 2816 1285 2858 τοσούτωι
1323 2815 1364 2854 Α
1385 2815 1421 2853 Β
1446 2815 1480 2854 C
1532 2814 1675 2865 (·τω)τ
1725 2816 1899 2854 τοσοῦτο
1943 2811 1978 2851 Ρ

320 2884 373 2921 23
417 2872 677 2912 συνενείκααν
710 2871 791 2911 ΛῙε
841 2888 1062 2912 συνενεικαι
1098 2871 1151 2910 Bl
1174 2871 1207 2909 C
1368 2869 1666 2922 ἆναλλοίξασθαι
1700 2868 1766 2907 B:
1806 2866 1977 2919 ἀλλάξαι

322 2926 362 2964 R
377 2926 458 2965 SV
594 2939 644 2974 24
679 2926 925 2976 ἐσκύψαντες
947 2926 987 2963 Α
1002 2926 1035 2963 Β
1051 2926 1084 2964 C
1100 2926 1151 2964 Ρο
1263 2926 1318 2966 εἷς
1341 2924 1380 2962 R
1395 2923 1435 2962 V
1583 2924 1636 2961 26
1665 2924 1713 2972 δὴ
1733 2935 1816 2961 om.
1842 2920 1882 2958 R
1896 2919 1977 2960 SV

321 2981 403 3021 οὐδ’
427 2980 653 3029 Krueger:
685 2982 756 3020 οὐκ
778 2980 811 3017 L
979 2993 1029 3029 27
1058 2997 1133 3031 μεν
1153 2980 1207 3020 ὧν
1228 2982 1273 3020 οὐ
1295 2977 1432 3018 RSV
