2034 3328
729 115 1106 162 ΙΣΤΟΡΙΩΝ
1172 115 1211 161 Ε
1420 90 1427 91 ἦ
1557 187 1567 198 ⁶
1849 114 1992 175 V·78

140 245 397 310 Ἀθηναῖοι
433 242 528 310 μέν
566 265 655 296 νυν
696 243 925 310 ηὔξηντο·
989 249 1137 310 δηλοῖ
1178 248 1230 298 δὲ
1278 245 1335 297 οὐ
1381 245 1485 297 κατ’
1530 245 1584 297 ἓν
1627 249 1810 310 μοῦνον
1849 248 1913 308 78
1971 256 2004 313 J

139 330 275 382 ἀλλὰ
306 330 535 401 πανταχῇ
566 328 596 392 ἡ
630 330 861 396 ἰσηγορίη
895 330 960 383 ὡς
990 329 1102 382 ἐστὶ
1131 332 1301 398 χρῆμα
1331 333 1621 388 σπουδαῖον,
1655 331 1698 381 εἰ
1731 330 1810 386 καὶ

139 413 396 479 Ἀθηναῖοι
435 411 845 479 τυραννευόμενοι
882 417 976 480 μὲν
1015 415 1244 479 οὐδαμῶν
1279 419 1388 466 τῶν·
1420 413 1586 481 σφέας
1621 434 1807 481 περιοι-

140 498 352 551 κεόντων
403 496 536 563 ἦσαν
593 500 655 550 τὰ
713 497 932 565 πολέμια
981 499 1229 564 ἀμείνους,
1284 497 1698 567 ἀπαλλαχθέντες
1756 500 1810 550 δὲ

89 608 112 649 5
136 581 389 651 τυράννων
433 588 602 653 μακρῷ
650 588 837 650 πρῶτοι
885 576 1135 651 ἐγένοντο.
1227 586 1375 648 δηλοῖ
1418 581 1487 635 ὧν
1533 588 1687 635 ταῦτα
1732 583 1810 634 ὅτι

137 668 464 737 κατεχόμενοι
523 670 616 733 μὲν
674 667 1003 735 ἐθελοκάκεον
1063 668 1129 722 ὡς
1185 668 1407 739 δεσπότῃ
1466 668 2034 735 ἐργαζόμενοιρλλιωαά

134 738 570 820 ἐλευθερωθέντων
593 755 646 805 δὲ
670 752 817 806 αὐτὸς
840 753 1050 807 ἕκαστος
1075 755 1239 822 ἑωυτῷ
1271 750 1603 820 προεθυμέετο
1634 722 2034 847 κατερ-ωῶἓξι

134 836 391 905 γάζεσθαι.
480 838 617 889 οὗτοι
666 836 759 903 μέν
811 859 899 890 νυν
949 841 1104 889 ταῦτα
1155 837 1429 904 ἔπρησσον,
1479 839 1704 902 Θηβαῖοι
1755 820 2034 897 &zssffmz

132 923 259 988 μετὰ
296 927 449 974 ταῦτα
489 923 540 976 ἐς
581 921 695 974 θεὸν
736 922 976 988 ἔπεμπον,
1010 922 1318 988 βουλόμενοι
1356 922 1626 973 τείσασθαι
1656 919 1804 985 Ἀθη·

62 1029 110 1056 ιο
134 1008 318 1061 ναίους.
392 1007 422 1072 ἡ
446 1009 500 1059 δὲ
524 1007 687 1071 Πυθίη
719 1006 817 1059 ἀπὸ
841 1005 1019 1074 σφέων
1048 1009 1141 1072 μὲν
1172 1005 1331 1058 αὐτῶν
1361 1005 1448 1057 οὐκ
1481 1005 1578 1086 ἔφη
1610 1004 1807 1057 αὐτοῖσι
1905 1054 2034 1095 αλκ

133 1090 261 1144 εἰναι
311 1092 460 1150 τίσιν,
513 1093 564 1152 ἐς
615 1091 921 1158 πρλῄφημον
968 1093 1022 1143 δὲ
1072 1089 1413 1156 ἐξενείκαντας
1462 1088 1658 1142 ἐκέλευε
1709 1059 2034 1159 7(va&

132 1174 358 1245 ἄγχιστα
387 1174 606 1228 δέεσθαι.
682 1175 1009 1228 ἀπελθόντων
1030 1171 1100 1227 ὧν
1123 1179 1222 1227 τῶν
1247 1175 1541 1242 θεοπρόπων
1564 1172 1807 1241 ἐξέφερον
1819 1152 2034 1222 ww

131 1259 190 1312 τὸ
245 1258 555 1329 χρηστήριον
612 1260 762 1326 ἁλίην
813 1258 1160 1326 ποιησάμενοι·
1235 1259 1300 1313 ὡς
1337 1257 1694 1333 ’ἐπυνθάνοντο
1753 1261 1807 1310 δὲ

129 1345 386 1411 λεγόντων
425 1345 589 1398 αὐτῶν
630 1350 729 1397 τῶν
769 1344 991 1413 ἄγχιστα
1035 1343 1256 1403 δέεσθαι,
1297 1344 1443 1396 εἶπαν
1488 1345 1534 1395 οἳ
1581 1346 1807 1408 Θηβαῖοι

60 1449 106 1490 15
131 1429 437 1483 ἀκούσαντες
494 1430 700 1482 τούτων·
789 1429 897 1480 Οὐκ
954 1427 1022 1481 ὧν
1079 1428 1329 1497 ἄγχιστα·
1359 1427 1526 1493 ἡμέων
1584 1427 1806 1480 οἰκέουσι

129 1515 444 1580 Ταναγραῖοί
473 1535 530 1567 τε
567 1515 647 1567 καὶ
685 1518 964 1582 Κορωναῖοι
1001 1514 1081 1565 καὶ
1114 1512 1391 1573 Θεσπιέες;
1457 1513 1536 1564 καὶ
1575 1512 1714 1564 οὗτοί
1745 1534 1805 1579 γε

130 1597 232 1664 ἅμα
280 1599 399 1664 ἡμῖν
456 1599 554 1652 αἰεὶ
610 1599 889 1667 μαχόμενοι
946 1598 1210 1665 προθύμως
1268 1596 1659 1665 συνδιαφέρουσι
1717 1596 1804 1648 τὸν

130 1683 370 1749 πόλεμον.
445 1684 497 1735 τί
530 1688 608 1736 δεῖ
641 1683 830 1735 τούτων
866 1704 926 1751 γε
960 1681 1188 1742 δέεσθαι,·
1235 1683 1369 1733 ἀλλὰ
1407 1684 1607 1747 μᾶλλον
1642 1680 1709 1746 μὴ
1747 1681 1803 1732 οὐ

129 1771 274 1819 τοῦτο
316 1766 349 1840 ᾗ
392 1767 449 1820 τὸ
493 1766 816 1836 χρηστήριον.
903 1772 1106 1819 τοιαῦτα
1156 1764 1530 1832 ἐπιλεγομένων
1581 1765 1690 1817 εἰπε
1741 1764 1798 1829 δή
1840 1766 1908 1814 80

55 1877 108 1906 20
130 1872 244 1904 κοτε
271 1852 444 1918 μαθών
473 1873 565 1907 τις·
613 1852 749 1920 Ἐγώ
789 1873 874 1918 μοι
906 1850 1062 1904 δοκέω
1100 1849 1326 1903 συνιέναι
1365 1849 1422 1902 τὸ
1455 1847 1593 1902 θέλει
1626 1847 1799 1916 λέγειν

128 1935 244 2000 ἡμῖν
283 1941 339 1988 τὸ
374 1932 631 2002 μαντήιον.
706 1936 944 1988 Ἀσωποῦ
978 1935 1214 2004 λέγονται
1253 1933 1494 2002 γενέσθαι
1535 1932 1799 2001 θυγατέρες

130 2017 285 2086 Θήβη
330 2042 384 2072 τε
429 2021 508 2072 καὶ
551 2023 748 2088 Αἴγινα·
812 2019 1026 2072 τουτέων
1070 2021 1333 2087 ἀδελφεῶν
1378 2017 1596 2071 ἐουσέων
1642 2016 1798 2070 δοκέω

126 2103 244 2169 ἡμῖν
290 2103 598 2172 Αἰγινητέων
649 2105 855 2157 δέεσθαι
904 2104 992 2157 τὸν
1044 2103 1159 2157 θεὸν
1211 2106 1400 2172 χρῆσαι
1446 2101 1798 2170 τιμωρητήρων

128 2187 381 2255 γενέσθαι.
459 2191 538 2242 καὶ
577 2189 634 2242 οὐ
674 2189 768 2257 γάρ
812 2211 886 2244 τις
930 2189 1109 2253 ταύτης
1151 2189 1367 2254 ἀμείνων
1412 2187 1582 2254 γνώμη
1630 2187 1797 2239 ἐδόκεε
1835 2203 1861 2235 2

55 2297 103 2336 25
129 2275 414 2340 φαίνεσθαι,
459 2274 634 2327 αὐτίκα
677 2274 970 2342 πέμψαντες
1016 2272 1214 2326 ἐδέοντο
1261 2271 1583 2339 Αἰγινητέων,
1624 2274 1792 2323 ἐπικα-
1851 2261 1861 2269 ’

125 2358 358 2423 λεόμενοι
404 2360 526 2410 κατὰ
571 2358 629 2411 τὸ
677 2357 990 2427 χρηστήριόν
1039 2364 1138 2425 σφι
1187 2355 1440 2423 βοηθέειν,
1495 2356 1559 2410 ὡς
1610 2356 1794 2408 ἐόντων

127 2442 426 2511 ἆγχιστέων,
472 2445 519 2495 οἱ
562 2442 616 2495 δέ
662 2450 762 2511 σφι
808 2442 1026 2495 αἰτέουσι
1074 2442 1358 2507 ἐπικουρίην
1402 2440 1516 2494 τοὺς
1560 2441 1795 2493 Αἰακίδας

128 2526 444 2594 συμπέμπειν
474 2527 692 2595 ἔφασαν.
767 2525 1148 2594 πειρησαμένων
1178 2528 1232 2578 δὲ
1260 2530 1360 2576 τῶν
1393 2525 1640 2590 Θηβαίων
1672 2526 1794 2575 κατὰ
1833 2519 1888 2568 81

186 2680 203 2706 1
237 2669 401 2720 εὕξηντο
422 2666 456 2705 C
588 2670 663 2707 καθ
685 2665 719 2704 L
894 2678 919 2704 2
949 2682 1067 2706 παντ.
1094 2667 1137 2705 ἐν
1159 2663 1347 2716 ἰσηγορίη
1368 2663 1402 2702 C
1570 2673 1592 2711 7
1623 2666 1788 2715 προθυμ-

127 2720 358 2762 CPSVU
471 2720 658 2773 9⁴r1‘o·.L
771 2732 822 2759 10
851 2717 1331 2769 abre'quVU(it.14)
1447 2730 1496 2755 12
1526 2716 1789 2758 &zffivSVU

133 2789 180 2826 14
201 2781 283 2818 τῶν
297 2790 376 2816 om.
397 2774 454 2814 Α1
581 2788 628 2826 15
648 2774 827 2816 τουτέων
845 2775 876 2814 S
889 2774 926 2812 V
939 2774 978 2813 U
1091 2774 1203 2824 ἡμῶν
1219 2773 1254 2812 C
1380 2773 1429 2811 16
1450 2775 1638 2813 Θεσπιεῖς
1655 2772 1685 2811 S
1699 2771 1736 2810 V
1751 2771 1788 2810 U

127 2831 178 2873 τέ
192 2848 243 2885 γε
265 2831 299 2871 C
471 2843 516 2881 17
548 2831 608 2872 ἀεὶ
628 2829 668 2869 Α
682 2830 717 2868 Β
869 2841 919 2880 19
947 2832 1115 2870 τοιαῦτα
1135 2829 1184 2876 δὴ
1208 2828 1240 2866 Ρ
1254 2828 1284 2866 S
1297 2827 1337 2866 V
1352 2827 1390 2866 U
1532 2840 1586 2865 20
1615 2830 1791 2868 συνεῖναι

127 2887 177 2927 τὸ
209 2885 337 2927 ἐθέλει
369 2886 403 2925 Ρ
417 2887 447 2926 S
459 2885 498 2924 V
515 2886 552 2924 U
771 2896 821 2923 21
862 2883 1115 2954 χρηστήριον
1146 2883 1179 2921 Ρ
1193 2883 1223 2922 S
1235 2882 1273 2921 V
1288 2882 1326 2920 U
1548 2894 1600 2919 22
1640 2880 1792 2922 οὺσέων

129 2941 163 2980 C
179 2941 212 2980 P
226 2941 264 2980 U
283 2941 337 2992 <V
349 2942 378 2990 ἶ.)
584 2954 636 2990 24
664 2940 807 2992 γνώμη
827 2955 980 2987 ταυτης
1000 2938 1172 2989 ἀμείνων
1194 2937 1226 2975 Ρ
1241 2937 1270 2976 S
1284 2937 1321 2974 V
1336 2936 1373 2975 U
1581 2937 1634 2974 26
1665 2935 1791 2977 ὄντων

131 2996 346 3047 ἀγχίστων
364 2993 404 3033 Α
417 2995 453 3034 Β
469 2996 503 3034 C
672 2996 726 3033 28
755 2994 988 3045 συμπείθειν
1007 2993 1046 3031 Α
1061 2993 1095 3031 Β
1111 2992 1145 3031 C
