2132 3340
27 99 137 152 VII.
159 102 269 152 206

163 235 273 284 κώ

172 1083 273 1134 207

165 1752 269 1801 208

939 99 1366 149 ΗΡΟΔΟΤΟΎ

310 231 511 285 τούτους
540 232 631 296 μὲν
654 229 766 283 τοὺς
798 230 928 298 ἀμφὶ
953 231 1206 295 Λεωνίδην
1230 230 1452 299 πρώτους
1474 229 1781 299 ἀπέπεμψαν
1811 235 1976 300 Σπαρ-

310 318 488 380 τιῆται,
514 307 597 366 ἵνα
625 314 826 367 τούτους
857 315 1068 381 ὁρῶντες
1090 317 1137 367 οἱ
1161 314 1311 367 ἄλλοι
1334 315 1587 383 σύμμαχοι
1611 315 1979 383 στρατεύωνται

309 402 433 465 μηδὲ
466 399 543 450 καὶ
575 398 709 450 οὗτοι
738 399 1009 464 μηδίσωσι,
1041 395 1103 464 ἢν
1139 399 1317 453 αὐτοὺς
1346 397 1697 452 πυνθάνωνταιΔ
1719 402 1975 467 ὑπερβαλ-

310 482 567 554 λομένους·
619 484 745 549 μετὰ
779 481 849 543 δέ,
881 482 1101 551 Κάρνεια
1129 482 1223 551 γάρ
1262 490 1360 551 σφι
1390 480 1450 549 ἣν
1486 484 1729 550 ἐμποδών,
1762 476 1978 550 ἔμελλον

311 567 614 635 ὁρτάσαντες
674 566 754 619 καὶ
806 570 1035 635 φυλακὰς
1095 569 1330 622 λιπόντες
1383 569 1437 621 ἐν
1487 576 1549 642 τῇ
1599 567 1801 641 Σπάρτῃ
1854 570 1978 621 κατὰ
2001 592 2024 634 5

311 651 465 720 τάχος
495 650 772 718 βοηθήσειν
804 653 1060 718 πανδημεί.
1152 653 1217 707 ὣς
1248 655 1302 705 δὲ
1335 653 1413 705 καὶ
1443 655 1491 706 οἱ
1520 653 1691 705 λοιποὶ
1721 657 1818 706 τῶν
1851 674 1975 720 συμ-

311 736 486 805 μάχων
521 735 760 789 ἐνένωντο
798 737 877 789 καὶ
913 737 1053 789 αὐτοὶ
1083 737 1228 804 ἕτερα
1262 742 1465 789 τοιαῦτα
1497 736 1746 803 ποιήσειν·
1791 736 1852 802 ἦν
1883 739 1978 806 γὰρ

313 822 436 872 κατὰ
457 821 613 873 τώυτὸ
637 821 918 887 Ὀλυμπιὰς
940 822 1161 874 τούτοισι
1183 826 1318 874 τοῖσι
1343 820 1604 890 πρήγμασι
1627 826 1976 888 συμπεσοῦσα·

311 905 398 957 οὐκ
435 902 503 957 ὧν
540 904 793 959 δοκέοντες
831 908 954 957 κατὰ
994 906 1148 974 τάχος
1185 907 1311 958 οὕτω
1353 905 1766 974 διακριθήσεσθαι
1798 906 1887 959 τὸν
1923 908 1978 959 ἐν

313 989 679 1062 Θερμοπύλῃσι
711 991 935 1055 πόλεμον
965 990 1188 1056 ἔπεμπον
1218 991 1334 1045 τοὺς
1362 992 1681 1058 προδρόμους.
2005 1010 2054 1038 10

395 1074 550 1126 Οὗτοι
578 1077 670 1139 μὲν
700 1074 758 1139 δὴ
790 1076 915 1127 οὕτω
947 1074 1233 1127 διενένωντο
1258 1075 1505 1141 ποιήσειν·
1549 1078 1598 1128 οἱ
1624 1078 1677 1128 δὲ
1701 1077 1753 1128 ἐν
1778 1078 1974 1143 Θερμο-

311 1158 503 1230 πύλῃσι
533 1156 805 1223 “Ελληνες,
861 1159 1028 1224 ἐπειδὴ
1081 1159 1238 1214 πέλας
1290 1159 1489 1227 ἐγένετο
1538 1162 1625 1224 τῆς
1678 1161 1904 1226 ἐσβολῆς
1950 1161 1977 1211 6

311 1242 528 1310 Πέρσης,
554 1242 975 1310 καταρρωδέοντες
995 1244 1329 1309 ἐβουλεύοντο
1350 1244 1461 1311 περὶ
1480 1245 1794 1312 ἀπαλλαγῆς.
1841 1248 1976 1296 τοῖσι

308 1326 400 1391 μέν
431 1348 516 1399 νυν
547 1326 754 1379 ἄλλοισι
786 1329 1249 1393 Πελοποννησίοισι
1280 1330 1447 1381 ἐδόκεε
1479 1330 1685 1380 ἐλθοῦσι
1715 1330 1766 1383 ἐς
1807 1333 1972 1380 Πελο-

309 1412 563 1476 πόννησον
585 1416 669 1463 τὸν
690 1411 894 1477 Ἰσθμὸν
915 1412 1050 1480 ἔχειν
1076 1414 1130 1464 ἐν
1154 1406 1368 1485 φυλακῇ·
1412 1414 1662 1477 Λεωνίδης
1685 1415 1737 1465 δὲ
1761 1411 1976 1465 Φωκέων
2003 1431 2050 1473 15

311 1495 391 1547 καὶ
436 1499 641 1562 Λοκρῶν
685 1496 1155 1565 περισπερχθέντων
1198 1499 1257 1570 τῇ
1298 1497 1470 1569 γνώμῃ
1522 1497 1673 1570 ταύτῃ
1725 1496 1976 1549 αὗτοῦ··τε

309 1578 474 1645 μένειν
523 1580 800 1647 ἐψηφίζετο
853 1579 1066 1646 πέμπειν
1122 1603 1176 1634 τε
1235 1581 1482 1649 ἀγγέλους
1541 1583 1592 1635 ἐς
1650 1583 1738 1635 τὰς
1796 1581 1976 1635 πόλιας

311 1663 603 1718 κελεύοντάς
662 1671 760 1732 σφι
819 1664 1153 1731 ἐπιβοηθέειν,
1208 1666 1274 1719 ὡς
1332 1667 1515 1718 ἐόντων
1573 1665 1731 1718 αὐτῶν
1788 1666 1975 1733 ὀλίγων

311 1749 527 1816 στρατὸν
546 1748 633 1801 τὸν
659 1747 847 1814 Μήδων
872 1747 1165 1814 ἀλέξασθαι.
1229 1754 1381 1802 ταῦτα
1399 1749 1779 1816 βουλευομένων
1799 1749 1974 1818 σφέων

309 1833 497 1899 ἔπεμπε
530 1832 722 1901 Ξέρξης
763 1832 1078 1886 κατάσκοπον
1111 1834 1262 1887 ἱππέα
1304 1833 1498 1887 ἰδέσθαι
1539 1835 1712 1886 ὁκόσοι
1753 1836 1853 1887 εἰσὶ
1894 1834 1974 1886 καὶ
2001 1857 2051 1885 20

309 1918 338 1968 ὅ
366 1939 413 1970 τι
442 1917 672 1970 ποιέοιεν.
762 1919 967 1983 ἀκηκόεε
998 1921 1050 1971 δὲ
1091 1918 1163 1971 ἔτι
1204 1920 1299 1971 ἐὼν
1339 1920 1393 1971 ἐν
1437 1920 1707 1991 Θεσσαλίῃ
1753 1919 1818 1972 ὡς
1862 1921 1970 1971 ἁλι-

312 2001 469 2067 σμένη
503 2004 575 2067 εἴη
599 2003 751 2075 ταύτῃ
778 2002 982 2069 στρατιὴ
1008 2004 1171 2070 ὀλίγη,
1201 2005 1279 2056 καὶ
1302 2003 1416 2057 τοὺς
1438 2003 1686 2070 ἡγεμόνας
1710 2003 1775 2057 ὡς
1798 2004 1973 2068 εἴησαν

311 2088 695 2152 Λακεδαιμόνιοί
741 2108 796 2139 τε
845 2088 923 2140 καὶ
970 2089 1236 2153 Λεωνίδης,
1286 2088 1379 2140 ἐὼν
1432 2086 1575 2155 γένος
1621 2086 1970 2154 “Ηρακλείδης.

312 2171 376 2224 ὡς
417 2173 469 2223 δὲ
512 2170 809 2238 προσήλασε
849 2172 876 2222 6
918 2172 1093 2225 ἱππεὺς
1133 2172 1255 2238 πρὸς
1295 2171 1351 2223 τὸ
1392 2172 1747 2239 στρατόπεδον,
1781 2171 1974 2236 ἐθηεῖτό

310 2275 364 2307 τε
397 2256 474 2306 καὶ
507 2256 698 2320 κατώρα
738 2258 835 2307 πᾶν
865 2257 958 2321 μὲν
989 2254 1045 2307 οὒ
1080 2255 1137 2308 τὸ
1179 2256 1533 2322 στρατόπεδον·
1580 2254 1693 2309 τοὺς
1732 2257 1828 2322 γὰρ
1869 2255 1970 2308 ἔσω
1998 2276 2046 2316 ²5

309 2338 639 2406 τεταγμένους
669 2343 754 2391 τοῦ
785 2340 993 2407 τείχεος,
1020 2339 1076 2390 τὸ
1109 2340 1486 2406 ἀνορθώσαντες
1517 2338 1655 2406 εἶχον
1680 2340 1733 2391 ἐν
1757 2339 1967 2411 φυλακῇ,

311 2422 397 2474 οὐκ
434 2422 514 2476 οἶά
551 2445 606 2476 τε
647 2422 707 2488 ἦν
750 2422 1051 2475 κατιδέσθαι·
1099 2425 1125 2474 6
1166 2426 1219 2477 δὲ
1259 2422 1373 2477 τοὺς
1412 2421 1504 2487 ἔξω
1547 2421 1806 2488 ἐμάνθανε,
1838 2427 1972 2475 τοῖσι

366 2574 391 2599 2
422 2559 709 2615 στρατεύονται
731 2559 839 2599 RV¹
1039 2572 1064 2609 3
1094 2550 1358 2601 πυνθάνονται
1374 2558 1420 2598 R
1613 2572 1638 2609 4
1669 2559 1816 2612 Κάρνια
1836 2559 1972 2599 RSV

311 2628 336 2664 5
358 2615 540 2667 φύλακας
561 2615 647 2653 ΑΒ
664 2615 698 2654 C
809 2616 835 2652 6
861 2613 1048 2662 βοηθέειν
1066 2613 1106 2651 Α
1121 2614 1155 2652 Β
1171 2614 1204 2652 C
1221 2613 1255 2651 Ρ
1338 2613 1513 2662 πανδημί
1532 2613 1570 2651 Α
1585 2613 1620 2652 Β
1733 2626 1755 2663 7
1779 2613 1971 2655 ἐνένωντο

314 2669 502 2708 Reiske:
534 2673 726 2711 ἐνενῶντο
750 2669 787 2707 R
803 2668 931 2708 SVP
952 2669 1139 2721 (ἐννεν.);
1173 2667 1388 2709 ἐνενόωντο
1409 2667 1496 2706 ΑΒ
1512 2668 1546 2706 C
1662 2681 1705 2707 11
1738 2668 1969 2709 διενένωντο

315 2724 498 2763 Reiske:
558 2727 790 2764 διενενῶντο
841 2723 878 2761 R
906 2723 936 2762 S
959 2723 998 2761 V
1021 2723 1070 2761 Pc
1119 2727 1304 2772 (διεννεν.
1355 2722 1451 2774 P¹):
1510 2722 1765 2764 διενενόωντο
1811 2723 1850 2760 Α
1874 2723 1909 2761 Β
1935 2723 1969 2761 C

316 2791 363 2816 12
387 2780 545 2830 ἐγίνετο
564 2780 601 2817 R
616 2779 653 2817 V
769 2780 817 2816 16
836 2777 1212 2830 περισπερχθέντων
1226 2777 1518 2816 Valckenaer:
1545 2776 1918 2830 περισπερχεόντων
1936 2777 1968 2815 L

315 2835 362 2871 18
395 2832 646 2882 ἐπιβοηθέειν
668 2840 765 2883 σφιν
787 2832 825 2870 R
841 2832 922 2871 SV
1086 2845 1135 2881 19
1163 2831 1256 2882 τὸν]
1279 2836 1360 2872 τῶν
1385 2831 1435 2870 Cl
1452 2831 1485 2870 P
1502 2831 1541 2869 R
1556 2832 1635 2870 SV
1800 2845 1853 2871 20
1882 2833 1970 2872 ὅσοι

311 2887 351 2925 Α
366 2888 400 2925 Β
418 2889 451 2926 C
577 2900 625 2926 21
660 2886 831 2935 ἀκηκόεε
851 2885 987 2925 Aldus
1007 2901 1016 2925 :
1045 2885 1216 2935 ἢκηκόεε
1238 2886 1272 2924 L
1383 2887 1459 2927 ἐὼν
1479 2887 1539 2926 ἔτι
1562 2886 1599 2924 R
1613 2885 1644 2925 S
1658 2886 1695 2924 V
1805 2886 1969 2927 ἁλισκο-

310 2942 411 3013 μένη
433 2941 511 3034 CI?
525 2942 563 3001 V
729 2954 782 2990 24
814 2941 968 2991 ἐθηεῖτό
985 2970 993 2980 .
1011 2972 1021 2982 .
1035 2968 1049 2982 -.
1068 2939 1344 3001 στρατόπεδον
1366 2954 1447 2982 om.
1473 2940 1513 2979 R
1540 2972 1543 2973 ν
1679 2952 1732 3009 25
1762 2943 1915 2994 καθώρα
1932 2939 1972 3010 V

313 3010 442 3038 ἔσωσε
