2132 3340
729 49 1108 97 ΙΣΤΟΡΙΩΝ
1172 49 1220 95 H

144 180 223 233 καὶ
254 179 386 232 ἄλλα
415 180 583 232 πολλὰ
613 178 735 245 πρὸς
765 179 987 230 τούτοισι
1017 177 1071 230 ἐν
1095 175 1279 230 Ἐννέα
1303 178 1465 229 ὁδοῖσι
1496 178 1613 249 τῇσι
1644 176 1807 228 Ἠδω-

142 269 242 318 νῶν
277 263 571 332 ἐπορεύοντο
607 263 731 315 κατὰ
767 264 856 318 τὰς
891 261 1132 331 γεφύρας,
1165 260 1253 316 τὸν
1290 262 1546 328 Στρυμόνα
1583 261 1810 328 εὑρόντες

141 348 450 417 ἐζευγμένον.
558 345 743 402 Ἐννέα
794 350 847 401 δὲ
900 347 1042 402 ὁδοὺς
1092 347 1456 414 πυνθανόμενοι
1506 346 1594 399 τὸν
1645 351 1812 415 χῶρον

140 439 315 487 τοῦτον
351 431 622 486 καλέεσθαι
656 432 925 487 τοσούτους
964 434 1019 486 ἐν
1057 431 1187 502 αὐτῷ
1219 430 1398 486 παῖδάς
1428 454 1483 485 τε
1516 431 1596 484 καὶ
1627 428 1810 498 παρθέ-

93 544 115 585 5
141 541 254 574 νους
292 519 485 587 ἀνδρῶν
518 523 619 571 τῶν
665 519 946 587 ἐπιχωρίων
988 517 1199 582 ζώοντας
1246 517 1588 584 κατώρυσσον.
1678 520 1808 582 Περ-

142 607 285 657 σικὸν
323 606 377 657 δὲ
411 607 468 656 τὸ
508 603 719 668 ζώοντας
763 602 1111 671 κατορύσσειν,
1146 601 1256 655 ἐπεὶ
1297 602 1375 654 καὶ
1398 600 1683 669 ’Ἄμηστριν
1720 600 1811 666 τὴν

142 686 342 756 Ξέρξεω
374 693 582 757 γυναῖκα
615 687 924 754 πυνθάνομαι
957 685 1256 755 γηράσασαν
1293 688 1367 741 δὶς
1404 689 1529 739 ἑπτὰ
1567 682 1812 754 Περσέων

140 777 334 834 παῖδας,
359 772 544 826 ἐόντων
575 769 865 840 ἐπιφανέων
890 773 1097 839 ἀνδρῶν,
1124 773 1245 839 ὑπὲρ
1278 774 1462 837 ἑωυτῆς
1492 776 1558 842 τῷ
1589 772 1684 823 ὑπὸ
1715 774 1811 838 γῆν

139 856 396 929 λεγομένῳ
429 858 556 910 εἶναι
588 860 681 928 θεῷ
706 858 1117 926 ἀντιχαρίζεσθαι
1142 857 1575 923 κατορύσσουσαν.
1667 855 1731 910 ὡς
1756 857 1810 907 δὲ

69 965 116 994 10
140 941 236 996 ἀπὸ
257 947 344 995 τοῦ
366 943 645 1011 Στρυμόνος
676 940 938 1009 ἐπορεύετο
971 943 996 993 ὁ
1022 942 1251 1010 στρατός,
1279 941 1489 994 ἐνθαῦτα
1521 939 1642 1008 πρὸς
1664 940 1810 1006 ἡλίου

138 1026 366 1094 δυσμέων
412 1027 521 1079 ἐστὶ
564 1026 793 1095 αἰγιαλὸς
837 1028 892 1079 ἐν
936 1032 1003 1097 τῷ
1056 1026 1318 1092 οἰκημένην
1360 1025 1607 1094 ’Ἄργιλον
1659 1026 1810 1077 πόλιν

138 1111 365 1164 Ἑλλάδα
395 1109 643 1179 παρεξήιε·
690 1113 810 1177 αὕτη
836 1114 889 1164 δὲ
915 1112 993 1164 καὶ
1016 1111 1045 1177 ἡ
1077 1111 1349 1179 κατύπερθε
1372 1112 1553 1176 ταύτης
1575 1108 1808 1164 καλέεται

139 1197 402 1262 Βισαλτίη.
486 1198 714 1249 ἐνθεῦτεν
750 1198 803 1248 δὲ
843 1197 1029 1248 κόλπον
1066 1200 1154 1248 τὸν
1191 1197 1273 1249 ἐπὶ
1303 1197 1583 1260 Ποσιδηίου
1614 1194 1675 1260 ἐξ
1699 1196 1804 1262 ἀρι-

139 1284 319 1348 στερῆς
368 1280 538 1350 χειρὸς
588 1280 721 1350 ἔχων
772 1279 849 1346 ἤιε
900 1282 981 1333 διὰ
1033 1279 1222 1336 Συλέος
1272 1281 1443 1334 πεδίου
1485 1279 1805 1346 καλεομένου,

67 1387 114 1428 15
138 1365 383 1434 Στάγιρον
427 1366 577 1418 πόλιν
620 1364 850 1417 Ἑλλάδα
894 1366 1344 1432 παραμειβόμενος,
1387 1365 1465 1417 καὶ
1509 1366 1711 1418 ἀπίκετο
1757 1366 1807 1418 ἐς

128 1449 397 1511 ”Ακανθον,
437 1449 539 1515 ἅμα
582 1450 826 1517 ἀγόμενος
871 1451 1063 1503 τούτων
1106 1450 1321 1502 ἕκαστον
1364 1455 1463 1502 τῶν
1507 1448 1690 1502 ἐθνέων
1726 1448 1807 1501 καὶ

136 1540 236 1587 τῶν
264 1534 375 1602 περὶ
403 1534 461 1587 τὸ
491 1533 758 1602 Πάγγαιον
788 1536 902 1602 ὅρος
930 1536 1207 1595 οἰκεόντων,
1235 1536 1416 1600 ὁμοίως
1447 1535 1526 1587 καὶ
1553 1539 1652 1587 τῶν
1683 1534 1802 1601 πρό-

137 1640 281 1687 τερον
311 1617 571 1684 κατέλεξα,
603 1618 717 1674 τοὺς
747 1621 839 1685 μὲν
876 1621 1010 1686 παρὰ
1048 1619 1318 1671 θάλασσαν
1355 1619 1487 1688 ἔχων
1517 1618 1805 1685 οἰκημένους

139 1705 193 1756 ἐν
223 1705 370 1769 νηυσὶ
402 1702 837 1771 στρατευομένους,
871 1703 981 1759 τοὺς
1015 1703 1057 1756 δ’
1086 1706 1209 1772 ὑπὲρ
1240 1703 1506 1769 θαλάσσης
1536 1704 1657 1777 πεζῇ
1688 1706 1804 1755 ἐπο-

64 1809 115 1839 20
136 1786 330 1854 μένους.
416 1787 509 1853 τὴν
560 1792 615 1842 δὲ
666 1788 781 1841 ὁδὸν
830 1789 1030 1853 ταύτην,
1077 1790 1138 1862 τῇ
1178 1788 1426 1855 βασιλεὺς
1479 1787 1672 1855 Ξέρξης
1717 1786 1804 1839 τὸν

139 1872 353 1940 στρατὸν
387 1872 567 1939 ἤλασε,
598 1874 712 1927 οὔτε
749 1872 1028 1941 συγχέουσι
1058 1871 1276 1941 Θρήικες
1308 1872 1408 1925 οὔτ’
1441 1874 1801 1940 ἐπισπείρουσι,

139 1957 386 2023 σέβονταί
424 1979 480 2011 τε
522 1957 755 2026 μεγάλως
799 1957 856 2010 τὸ
890 1957 1043 2026 μέχρι
1086 1960 1218 2024 ἐμεῦ.
1307 1957 1371 2011 ὡς
1409 1960 1463 2010 δὲ
1495 1957 1591 2025 ἄρα
1625 1958 1676 2011 ἐς
1715 1956 1804 2020 τὴν

131 2041 383 2095 Ἄκανθον
419 2044 639 2103 ἀπίκετο,
679 2042 866 2108 ξεινίην
909 2064 965 2095 τε
1010 2043 1036 2094 ὁ
1084 2041 1277 2110 Ξέρξης
1321 2048 1458 2094 τοῖσι
1495 2041 1805 2112 Ἀκανθίοισι

139 2131 344 2193 προεῖπε
383 2128 462 2179 καὶ
507 2125 797 2194 ἐδωρήσατό
840 2133 1006 2194 σφεας
1041 2128 1218 2191 ἐσθῆτι
1259 2127 1458 2198 Μηδικῇ
1495 2124 1694 2179 ἐπαίνεέ
1732 2146 1802 2184 τε,

66 2230 115 2272 25
140 2210 296 2278 ὁρέων
325 2211 502 2265 αὐτοὺς
532 2211 812 2278 προθύμους
835 2213 1008 2265 ἐόντας
1038 2213 1090 2266 ἐς
1119 2210 1208 2263 τὸν
1237 2211 1462 2276 πόλεμον
1494 2211 1573 2263 καὶ
1603 2210 1659 2262 τὸ
1691 2211 1800 2277 ὄρυ-

136 2317 242 2363 γμα
275 2289 561 2348 Ὑάκούωνῗ.
650 2296 703 2348 ἐν
739 2294 965 2366 Ἀκάνθῳ
1008 2298 1062 2348 δὲ
1097 2296 1268 2348 ἐόντος
1306 2294 1508 2362 Ξέρξεω
1544 2294 1806 2359 συνήνεικε

139 2378 234 2431 ὑπὸ
264 2380 449 2432 νούσου
483 2380 753 2442 ἀποθανεῖν
786 2379 874 2431 τὸν
914 2382 1200 2432 ἐπεστεῶτα
1234 2383 1321 2444 τῆς
1357 2380 1595 2447 διώρυχος
1623 2378 1800 2446 Ἀρτα-

140 2464 304 2531 χαίην,
340 2464 544 2529 δόκιμον
584 2465 731 2515 ἐόντα
766 2466 900 2530 παρὰ
933 2462 1099 2536 Ξέρξῃ
1138 2464 1217 2516 καὶ
1254 2462 1401 2531 γένος
1431 2462 1802 2531 Ἀχαιμενίδην,

138 2546 349 2613 μεγάθεΐ
374 2569 429 2600 τε
458 2547 699 2615 μέγιστον
723 2548 870 2600 ἐόντα
893 2547 1137 2615 Περσέων
1159 2546 1279 2614 (ἀπὸ
1300 2549 1399 2616 γὰρ
1420 2546 1570 2600 πέντε
1599 2545 1805 2615 πήχεων

199 2699 216 2726 1
241 2687 357 2742 τῇσι]
374 2691 481 2729 τοῖσι
496 2686 584 2726 ΑΒ
601 2687 636 2727 C
748 2699 773 2737 5
797 2686 1006 2741 ἐγχωρίων
1023 2687 1160 2727 Κὸν
1243 2688 1440 2741 Περσικὸν
1455 2717 1464 2727 .
1483 2715 1517 2727 ..
1540 2686 1807 2741 κατορύσσειν

140 2754 221 2781 om.
246 2741 384 2782 ΑΒΕ
553 2755 575 2792 7
604 2741 791 2795 γηράσαν
811 2741 894 2781 Al:
923 2746 1111 2796 γηρᾶσαν
1138 2742 1368 2782 Buttmann
1535 2743 1562 2780 8
1591 2746 1714 2784 παῖδα
1736 2741 1805 2781 R:

142 2800 278 2838 παῖδες
299 2796 353 2835 V¹
484 2801 562 2850 ’γῆς
584 2797 623 2836 Α
638 2797 672 2836 Β
687 2797 721 2835 C
736 2797 770 2835 P
962 2810 1010 2846 14
1040 2798 1195 2839 παιδίου
1219 2798 1260 2837 R
1452 2809 1499 2847 15
1527 2797 1748 2850 Στάγειρον
1771 2798 1807 2836 L

147 2853 196 2890 16
216 2850 401 2893 ἑκάστων
417 2853 578 2891 Reiske
690 2865 742 2891 22
765 2869 812 2892 τε
827 2864 908 2891 om.
929 2852 969 2891 R
1087 2865 1140 2902 23
1170 2852 1346 2905 ξεινηίην
1362 2852 1453 2892 RV
1523 2900 1525 2903 .
1563 2864 1617 2903 25
1640 2851 1804 2903 αὐτοὺς]

144 2907 208 2946 καὶ
229 2907 322 2947 τοὺς
343 2907 430 2945 ΑΒ
447 2907 479 2946 C
494 2907 527 2946 P
693 2907 746 2956 26
777 2906 946 2948 ἀνυσθέν
968 2907 1133 2947 conieci
1319 2921 1371 2957 27
1403 2909 1476 2948 ὑπὸ
1497 2906 1643 2949 νούσου
1664 2906 1806 2959 (νόσου

146 2959 248 3012 SV)
272 2967 367 3012 post
390 2963 582 3016 διώρυχος
606 2962 689 3013 (ms
713 2960 776 3014 R)
803 2961 842 2999 R
858 2962 940 3002 SV
1052 2965 1291 3016 ἐφεστεῶτα
1314 2963 1406 3002 RV

1851 49 1965 98 VII.
1993 65 2070 111 114

1849 870 1928 919 115

1843 1959 1929 2006 116

1844 2308 1922 2357 117
