2132 3340
18 70 129 117 VII.
155 31 242 128 147¹

155 373 246 431 148

0 1592 93 1628 nou!

904 68 949 113 H
968 66 1326 114 ΡΟΔΟΤΟΎ

283 217 337 247 τε
368 195 575 247 ἄλλοισι
611 194 927 262 ἐξηρτυμένοι
964 195 1042 246 καὶ
1080 197 1228 266 σίτῳ,·
1272 197 1324 248 τί
1357 199 1480 261 δῆτα
1521 195 1772 249 ἀδικέουσι
1809 197 1952 248 οὗτοιἼ

282 280 400 344 ἡμῖν
432 282 567 332 σιτία
597 281 1037 347 παρακομίζοντες;

367 367 433 416 Οἱ
463 363 555 429 μέν
585 385 672 416 νυν
705 364 1008 416 κατάσκοποι
1037 365 1163 416 οὕτω
1195 363 1499 430 θεησάμενοί
1522 387 1577 418 τε
1611 365 1690 435 καὶ
1718 366 1941 430 ἀποπεμ-

285 447 494 514 φθέντες
531 449 819 513 ἐνόστησαν
851 451 900 502 ἐς
930 448 1021 513 τὴν
1053 449 1312 516 Εὐρώπην,
1346 452 1392 502 οἱ
1421 452 1472 501 δὲ
1507 449 1790 515 συνωμόται
1818 448 1940 501 Ἑλ-

281 531 449 597 λήνων
483 533 563 584 ἐπὶ
592 538 659 603 τῷ
686 532 863 605 Πέρσῃ
885 536 1010 599 μετὰ
1039 533 1129 598 τὴν
1161 534 1455 601 ἀπόπεμψιν
1482 540 1583 586 τῶν
1615 534 1943 586 κατασκόπων
1966 557 1990 598 5

282 617 484 684 δεύτερα
515 616 736 683 ἔπεμπον
767 620 818 671 ἐς
840 617 1029 682 Ἀργος
1059 617 1319 685 ἀγγέλους.
1395 617 1617 686 Ἀργεῖοι
1648 620 1701 671 δὲ
1729 618 1943 686 λέγουσι

279 702 342 751 τὰ
384 701 488 752 κατ’
534 702 742 755 ἑωυτοὺς
786 703 1022 769 γενέσθαι
1057 704 1166 754 ὧδε·
1214 701 1459 754 πυθέσθαι
1494 705 1588 771 γὰρ
1625 703 1797 755 αὐτίκα
1837 702 1942 754 κατ’

279 786 437 853 ἀρχὰς
476 787 538 836 τὰ
581 789 634 838 ἐκ
669 792 756 838 τοῦ
798 785 1062 854 βαρβάρου
1107 787 1396 853 ἐγειρόμενα
1439 788 1520 839 ἐπὶ
1564 787 1655 852 τὴν
1697 786 1938 847 Ἑλλάδα,

279 870 549 934 πυθόμενοι
578 873 631 922 δὲ
662 872 741 922 καὶ
771 871 1013 935 μαθόντες
1038 871 1103 924 ὥς
1128 877 1291 937 σφεας
1321 874 1366 923 οἱ
1389 869 1643 937 “Ελληνες
1672 871 1936 939 πειρήσον-

278 975 360 1005 ται
391 953 874 1020 παραλαμβάνοντες
911 954 992 1006 ἐπὶ
1027 954 1114 1006 τὸν
1146 954 1369 1022 Πέρσην,
1404 955 1603 1023 πέμψαι
1634 957 2017 1023 θεοπρόπους,,ῐο

279 1039 329 1090 ἐς
362 1038 597 1105 Δελφοὺς
628 1043 714 1090 τὸν
740 1043 852 1091 θεὸν
877 1038 1325 1106 ἐπειρησομένους,,
1343 1040 1407 1093 ὥς
1432 1046 1529 1106 σφι
1550 1039 1732 1106 μέλλοι
1762 1040 1940 1108 ἄριστα

278 1121 502 1174 ποιέουσι
543 1123 789 1189 γίνεσθαι·
844 1123 1026 1175 νεωστὶ
1061 1125 1155 1190 γὰρ
1197 1123 1376 1191 σφέων
1411 1124 1644 1176 τεθνάναι
1673 1123 1936 1198 ’ἑξακισχι-

277 1208 415 1260 λίους
437 1206 532 1259 ὑπὸ
555 1209 958 1273 Λακεδαιμονίων
982 1207 1062 1259 καὶ
1087 1207 1398 1273 Κλεομένεος
1419 1213 1505 1260 τοῦ
1528 1207 1936 1275 Ἀναξανδρίδεω,

275 1296 374 1342 τῶν
405 1291 463 1355 δὴ
495 1293 658 1344 εἵνεκα
689 1291 918 1358 πέμπειν.
990 1291 1079 1357 τὴν
1111 1294 1163 1344 δὲ
1189 1294 1382 1358 Πυθίην
1407 1294 1713 1361 ἐπειρωτῶσι
1743 1292 1939 1345 αὐτοῖσι

275 1375 471 1427 ἀνελεῖν
502 1375 634 1428 τάδε·
1965 1395 2013 1437 15

359 1482 507 1548 ἐχθρὲ
537 1482 926 1549 περικτιόνεσσι,
962 1482 1072 1550 φίλ’
1104 1483 1400 1535 ἀθανάτοισι
1424 1487 1600 1543 θεοῖσι,

360 1567 480 1617 εἵσω
510 1566 596 1618 τὸν
627 1567 939 1640 προβόλαιον
970 1568 1102 1635 ἔχων
1133 1566 1517 1635 πεφυλαγμένος
1546 1568 1644 1632 ἧσο

0 1650 439 1733 Αιςῆωοὼκαὶ
471 1650 1006 1717 κεφαλὴν-πεφύλαξο·
1054 1650 1173 1719 κάρη
1206 1655 1259 1703 δὲ
1289 1651 1344 1703 τὸ
1376 1657 1521 1716 σῶμα
1552 1651 1759 1703 σαώσει.

136 2361 234 2409 149

274 1760 430 1806 ταῦτα
457 1758 550 1821 μὲν
581 1755 671 1820 τὴν
702 1757 895 1821 Πυθίην
925 1760 1114 1824 χρῆσαι
1145 1758 1399 1824 πρότερον,
1433 1759 1557 1823 μετὰ
1589 1760 1642 1809 δὲ
1674 1757 1738 1811 ὡς
1768 1759 1934 1810 ἐλθεῖν

274 1838 386 1892 τοὺς
418 1839 662 1906 ἀγγέλους
693 1843 744 1894 ἐς
775 1840 833 1905 δὴ
865 1841 922 1893 τὸ
944 1840 1146 1908 Ἄργος,
1188 1842 1416 1893 ἐπελθεῖν
1455 1843 1536 1893 ἐπὶ
1572 1841 1627 1893 τὸ
1657 1840 1930 1906 βουλευτή-
1961 1866 2011 1893 20

272 1945 379 1989 ριον
410 1924 489 1975 καὶ
520 1923 687 1991 λέγειν
718 1926 779 1975 τὰ
803 1924 1151 1990 ἐντεταλμένα.
1218 1925 1332 1979 τοὺς
1362 1928 1415 1978 δὲ
1445 1925 1566 1992 πρὸς
1595 1927 1656 1976 τὰ
1685 1925 1935 1992 λεγόμενα

272 2009 630 2075 ὑποκρίνασθαι
669 2008 732 2062 ὦς
772 2009 962 2074 ἕτοιμοί
994 2011 1094 2061 εἰσι
1131 2008 1352 2076 Ἀργεῖοι
1391 2008 1576 2062 ποιέειν
1611 2013 1762 2061 ταῦτα
1796 2007 1929 2076 τριή-

275 2111 422 2143 κοντα
453 2092 567 2144 ἕτεα
599 2091 797 2159 εἰρήνην
818 2082 1167 2158 ’σπεισάμενοι
1198 2095 1634 2158 Λακεδαιμονίοισι
1673 2093 1749 2145 καὶ
1783 2093 1928 2160 ἡγεό-

271 2196 410 2240 μενοι
441 2178 564 2227 κατὰ
593 2176 648 2227 τὸ
677 2177 833 2242 ἥμισυ
862 2177 1028 2242 πάσης
1063 2180 1150 2241 τῆς
1183 2179 1483 2246 συμμαχίης·
1531 2178 1688 2229 καίτοι
1721 2176 1842 2228 κατά
1871 2199 1930 2244 γε

271 2259 327 2311 τὸ
358 2261 546 2312 δίκαιον
581 2261 812 2327 γίνεσθαι
843 2260 937 2325 ’τὴν
973 2262 1240 2328 ἡγεμονίην
1278 2264 1487 2325 ἑωυτῶν,
1521 2261 1635 2313 ἀλλ’
1671 2262 1803 2327 ὅμως
1834 2267 1931 2328 σφι
1957 2285 2005 2325 25

271 2344 500 2412 ἀποχρᾶν
539 2347 661 2396 κατὰ
696 2344 754 2396 τὸ
791 2345 946 2410 ἥμισυ
984 2345 1317 2412 ἡγεομένοισι.
1405 2349 1556 2396 ταῦτα
1589 2347 1681 2410 μὲν
1719 2344 1929 2412 λέγουσι

268 2427 358 2491 τὴν
394 2428 588 2493 βουλὴν
631 2430 1010 2495 ὑποκρίνασθαι,
1050 2430 1224 2495 καίπερ
1267 2429 1660 2495 ἀπαγορεύοντός
1703 2436 1801 2496 σφι
1845 2432 1930 2479 τοῦ
1988 2440 1989 2443 ’

268 2514 570 2579 χρηστηρίου
592 2513 659 2578 μὴ
684 2512 940 2565 ποιέεσθαι
962 2513 1052 2577 τὴν
1075 2512 1196 2580 πρὸς
1220 2513 1332 2567 τοὺς
1346 2511 1607 2577 “Έλληνας
1626 2514 1926 2580 συμμαχίην.

326 2661 342 2687 1
390 2668 435 2690 τε
474 2664 556 2691 om.
596 2650 633 2688 A
652 2650 686 2689 B
712 2650 744 2689 C
768 2650 802 2688 E
968 2650 1223 2703 ἐξηρτημένοι
1255 2650 1295 2689 Α
1314 2650 1348 2688 Β
1368 2651 1400 2688 C
1419 2651 1452 2688 E
1677 2663 1718 2688 11
1765 2655 1845 2691 τῶν
1885 2650 1923 2688 R

269 2704 559 2758 εἶρησομένους
589 2706 626 2742 R
650 2706 679 2744 S
700 2706 738 2743 V
901 2704 1047 2755 μέλλει
1087 2705 1127 2743 Α
1150 2705 1185 2743 Β
1213 2705 1246 2743 C
1270 2704 1303 2743 Ρ
1323 2705 1352 2743 S
1515 2706 1680 2757 ἄριστον
1718 2705 1756 2743 Α
1778 2705 1812 2743 Β
1837 2696 1926 2743 &P

271 2770 319 2797 12
354 2763 510 2800 ποιεῦσι
542 2761 580 2797 R
596 2760 625 2798 S
639 2760 678 2798 V
840 2759 1032 2811 ’γενέσθαι
1062 2759 1101 2797 Α
1117 2760 1150 2798 Β
1167 2759 1200 2797 C
1421 2772 1468 2808 14
1505 2763 1629 2800 τῶνδε
1658 2760 1706 2807 δὴ
1738 2760 1772 2798 P
1787 2759 1826 2796 R
1842 2759 1872 2798 S
1885 2758 1925 2796 V

270 2816 319 2851 16
350 2813 476 2855 -όνεσι
498 2814 531 2852 C
546 2814 585 2851 R
599 2815 635 2852 V
823 2815 872 2851 18
901 2813 1001 2867 κάρα
1019 2813 1058 2852 Α
1073 2814 1107 2852 Β
1123 2814 1157 2852 C
1281 2813 1323 2853 δὲ
1343 2827 1424 2852 om.
1451 2814 1485 2852 C
1597 2812 1764 2866 φυλάξει
1786 2813 1826 2851 R
1842 2813 1872 2852 S
1886 2812 1924 2851 V

270 2879 320 2918 19
349 2869 399 2909 ὡς
414 2867 501 2922 (δὴ)
514 2898 523 2908 .
541 2898 550 2907 .
569 2898 578 2908 .
596 2872 636 2910 ἐς
651 2869 741 2921 [δὴ]
761 2869 882 2908 Stein
995 2881 1049 2907 20
1071 2871 1255 2909 ἐσελθεῖν
1272 2868 1322 2906 Pc
1337 2869 1373 2907 R
1392 2868 1421 2907 S
1434 2868 1472 2922 V
1582 2881 1634 2917 23
1664 2868 1922 2919 σπεισάμενοι

265 2922 304 2961 Α
320 2922 354 2960 Β
368 2922 402 2961 C
567 2935 620 2973 25
651 2926 781 2965 αὐτῶν
802 2922 853 2961 C1
965 2924 1083 2975 σφίσι
1105 2923 1227 2962 Stein
