2132 3340
708 89 1084 138 ιΣΤοΡιΩΝ
1148 91 1195 138 H
1825 93 2038 156 v11.29

122 219 371 280 καταστὰς
394 217 800 286 αὐτεπάγγελτος
831 219 883 273 ἐς
907 220 994 272 τὸν
1018 221 1242 286 πόλεμον
1265 221 1378 286 ἐμοὶ
1401 221 1623 287 ἠθέλησε
1654 245 1779 289 συμ-

119 302 374 370 βαλέσθαι
405 302 653 371 χρήματα,
689 303 782 369 ἔξω
816 308 920 356 σεῦ.
996 305 1059 357 σὺ
1090 308 1143 357 δὲ
1168 307 1246 358 καὶ
1279 305 1526 371 ἐξείνισας
1547 306 1781 375 μεγάλως

121 387 336 454 στρατὸν
369 387 457 440 τὸν
493 387 614 453 ἐμόν
650 388 729 440 καὶ
759 387 991 457 χρήματα
1020 389 1217 458 μεγάλα
1247 390 1607 458 ἐπαγγέλλεαι.
1699 393 1781 444 σοὶ
1820 409 1846 440 2

12 498 38 505 τ
121 470 189 524 ῶν
208 471 307 539 ἐγὼ
327 471 437 524 ἀντὶ
455 471 617 524 αὐτῶν
637 472 786 541 γέρεα
809 473 974 526 τοιάδε
994 475 1182 540 δίδωμι·
1219 474 1382 540 ξεῖνόν
1400 474 1457 526 τέ
1475 497 1535 527 σε
1557 481 1782 542 ποιεῦμαι

73 581 100 622 5
121 556 243 622 ἐμὸν
273 557 353 608 καὶ
382 555 471 610 τᾶς
502 559 828 624 τετρακοσίας
858 558 1095 626 μυριάδας
1125 580 1201 610 τοι
1233 564 1330 612 τῶν
1364 559 1625 627 στατήρων
1656 562 1778 613 ἀπο-

119 639 300 705 πλήσω
331 641 445 708 παρ’
483 643 727 707 ἐμεωυτοῦ
763 642 874 696 δοὺς
914 645 1002 697 τὰς
1038 646 1163 696 ἑπτὰ
1200 643 1450 711 χιλιάδας,
1485 646 1566 696 ἵνα
1601 645 1668 710 μή
1706 667 1781 697 τοι

119 723 366 779 ἐπιδευέες
409 725 533 777 ε”ωσι
582 728 634 778 αἱ
685 728 1003 794 τετρακόσιαι
1054 727 1284 794 μυριάδες
1343 730 1469 780 ἑπτὰ
1520 728 1778 796 χιλιάδων,
2003 768 2018 810 .
2062 772 2065 774 .

119 811 253 861 ἀλλὰ
292 809 321 882 ᾖ
359 831 435 862 τοι
478 811 808 878 ἀπαρτιλογίη
850 812 929 864 ὑπ’
970 812 1087 878 ἐμέο
1127 810 1505 879 πεπληρωμένη.
1600 808 1784 878 ἔκτησό
1805 795 1847 871 ’Ξ
1883 816 2129 863 σωκ-ιω·

119 915 172 947 τε
220 894 365 948 αὐτὸς
410 894 471 946 τά
520 917 611 962 περ
659 897 804 950 αὐτὸς
851 896 1083 960 ἐκτήσαο,
1127 896 1380 948 ἐπίστασό
1424 919 1481 949 τε
1526 897 1653 950 εῖναι
1684 899 1780 950 αἰεὶ

47 1002 96 1032 10
118 984 354 1032 τοιοῦτος·
444 979 500 1030 οὐ
545 979 639 1047 γάρ
683 1002 760 1032 τοι
805 985 956 1031 ταῦτα
1000 987 1218 1034 ποιεῦντι
1262 982 1373 1035 οὔτε
1413 981 1464 1036 ἐς
1504 981 1560 1033 τὸ
1596 982 1780 1050 παρεὸν

119 1063 231 1115 οὔτε
262 1063 315 1117 ἐς
342 1065 527 1131 χρόνον
556 1065 908 1130 μεταμελήσει.
1366 1131 1367 1134 ¹

201 1151 371 1199 Ταῦτα
407 1151 462 1201 δὲ
497 1150 639 1202 εἴπας
675 1149 754 1201 καὶ
791 1146 1025 1201 ἐπιτελέα
1053 1148 1270 1215 ποιήσας
1299 1150 1566 1218 ἐπορεύετο
1597 1153 1693 1205 αἰεὶ
1724 1151 1781 1203 τὸ
1820 1161 1889 1208 30

120 1233 308 1299 πρόσω.
388 1232 584 1285 Ἀναυα
614 1236 667 1285 δὲ
705 1231 1012 1300 καλεομένην
1043 1239 1256 1302 Φρυγῶν
1286 1236 1438 1288 πόλιν
1468 1237 1777 1302 παραμειβό-

34 1316 72 1368 ts
117 1338 265 1383 μενος
289 1318 368 1370 καὶ
389 1319 573 1383 λίμνην
596 1317 651 1370 ἐκ
681 1321 767 1387 τῇς
791 1318 911 1373 ἅλες
934 1319 1172 1386 γίνονται,
1199 1320 1404 1372 ἀπίκετο
1429 1320 1479 1374 ἐς
1505 1322 1780 1374 Κολοσσὰς

47 1421 94 1465 15
120 1402 269 1454 πόλιν
307 1401 536 1469 μεγάλην
573 1404 809 1470 Φρυγίης·
870 1402 924 1455 ἐν
956 1411 1017 1476 τῇ
1056 1404 1216 1458 Λύκος
1252 1404 1474 1470 ποταμὸς
1513 1405 1565 1458 ἐς
1604 1404 1781 1473 χάσμα

119 1489 210 1552 γῆς
245 1485 523 1552 ἐσβάλλων
560 1488 869 1554 ἀφανίζεται·
938 1488 1109 1540 ἔπειτα
1146 1490 1226 1539 διὰ
1268 1490 1487 1541 σταδίων
1527 1490 1592 1543 ὡς
1631 1487 1779 1542 πέντε

118 1569 341 1636 μάλιστά
372 1592 431 1642 κῃ
460 1572 855 1637 ἀναφαινόμενος
888 1574 1073 1624 ἐκδιδοῖ
1101 1573 1180 1624 καὶ
1210 1573 1351 1626 οὗτος
1382 1573 1432 1626 ἐς
1463 1572 1549 1625 τὸν
1581 1575 1777 1625 Μαίαν-

119 1657 250 1721 δρον.
340 1657 394 1706 ἐκ
439 1658 492 1707 δὲ
538 1654 851 1708 Κολοσσέων
896 1657 923 1707 ὁ
968 1655 1181 1723 στρατὸς
1223 1657 1506 1723 ὁρμώμενος
1545 1659 1628 1710 ἐπὶ
1668 1657 1780 1710 τοὺς

1817 1675 1842 1706 Ν

119 1739 290 1805 οὔρους
324 1744 424 1790 τῶν
455 1743 667 1807 Φρυγῶν
705 1741 782 1792 καὶ
818 1744 992 1792 Λυδῶν
1029 1742 1230 1792 ἀπίκετο
1269 1743 1319 1794 ἐς
1350 1742 1582 1809 Κύδραρα
1613 1743 1778 1800 πόλιν,

47 1847 97 1876 20
119 1821 239 1875 ἔνθα
268 1822 432 1888 στήλη
464 1829 851 1891 καταπεπηγυῖα,
879 1828 1125 1876 σταθεῖσα
1155 1827 1208 1876 δὲ
1238 1824 1333 1877 ὑπὸ
1366 1826 1598 1892 Κροίσου,
1633 1847 1778 1877 κατα-

118 1907 292 1972 μηνύει
324 1910 404 1959 διὰ
434 1907 736 1975 γραμμάτων
765 1908 879 1962 τοὺς
910 1909 1097 1974 οὔρους.
1187 1908 1253 1961 ὡς
1284 1911 1335 1960 δὲ
1368 1911 1422 1960 ἐκ
1454 1914 1539 1975 τῆς
1562 1912 1781 1977 Φρυγίης
1819 1933 1876 1979 31

120 1989 344 2056 ἐσέβαλε
375 1994 426 2046 ἐς
455 1991 547 2057 τὴν
570 1993 771 2057 Λυδίην,
801 1991 1102 2060 σχιζομένης
1132 1996 1219 2057 τῆς
1244 1995 1359 2044 ὁδοῦ
1391 1995 1471 2045 καὶ
1500 1997 1587 2058 τῆς
1616 1997 1708 2059 μὲν
1733 1996 1783 2047 ἐς

119 2075 385 2143 ἀριστερὴν
417 2077 497 2128 ἐπὶ
522 2077 711 2143 Καρίης
742 2077 1009 2143 φερούσης,
1037 2080 1122 2140 τῆς
1147 2079 1199 2128 δὲ
1231 2078 1282 2130 ἐς
1314 2076 1478 2141 δεξιὴν
1504 2079 1554 2130 ἐς
1584 2077 1779 2145 Σάρδις,

117 2167 178 2232 τῇ
208 2160 288 2212 καὶ
319 2159 632 2230 πορευομένῳ
670 2163 906 2225 διαβῆναι
942 2159 1027 2212 τὸν
1060 2163 1351 2228 Μαίανδρον
1388 2161 1612 2227 ποταμὸν
1642 2166 1783 2214 πᾶσα

44 2260 92 2306 25
118 2242 304 2312 ἀνάγκη
346 2246 537 2312 γίνεται
577 2244 656 2296 καὶ
695 2244 820 2297 ἰέναι
861 2246 993 2311 παρὰ
1036 2244 1379 2311 Καλλάτηβον
1421 2247 1586 2306 πόλιν,
1628 2248 1682 2298 ἐν
1721 2247 1780 2317 τῇ

171 2395 196 2422 2
225 2383 397 2436 ξείνισας
419 2383 459 2421 R
475 2383 558 2423 SV
721 2383 961 2436 μεγαλωστὶ
991 2382 1263 2422 Herwerden
1458 2398 1484 2435 3
1510 2384 1677 2438 μεγάλα
1697 2398 1777 2426 om.

117 2436 159 2477 A
174 2437 209 2476 Β
226 2438 261 2477 C
389 2438 636 2491 ἐπαγγέλεαι
659 2438 750 2477 RV
933 2449 958 2487 5
987 2455 1051 2478 τοι
1072 2451 1151 2479 om.
1178 2438 1225 2477 P1
1242 2439 1282 2477 R
1297 2438 1327 2478 S
1341 2438 1379 2478 V
1557 2442 1584 2479 6
1612 2457 1675 2481 τοι
1696 2453 1778 2480 om.

119 2491 256 2533 RSV
460 2507 482 2543 7
515 2492 712 2534 ἐπιδευέες
738 2493 853 2531 RV:
886 2494 1078 2533 ἐπιδευεῖς
1100 2492 1219 2532 Suid.
1242 2506 1273 2532 s.
1289 2507 1326 2532 v.
1350 2493 1575 2547 ἆπαρτίαντ
1606 2494 1782 2536 ἐπιδεέες

117 2547 236 2587 rell.:
280 2546 434 2589 ἐπιδέες
472 2548 606 2587 Bekk.
645 2549 728 2586 An.
768 2549 849 2595 416
1074 2548 1100 2586 8
1142 2547 1243 2598 ἐμέω
1281 2547 1319 2585 R
1337 2548 1374 2586 V
1538 2549 1719 2597 κέκτησό
1748 2548 1781 2588 L

116 2614 144 2652 9
172 2603 244 2642 alt.
266 2603 386 2644 αὐτὸς
409 2616 492 2641 om.
520 2603 550 2641 P
566 2603 605 2641 R
620 2602 702 2641 SV
930 2615 978 2642 10
1006 2603 1085 2655 ’γὰρ
1105 2606 1274 2643 τοιαῦτα
1296 2601 1334 2640 R
1350 2601 1432 2641 SV
1655 2615 1704 2641 12
1731 2605 1781 2645 τὸ

117 2656 252 2708 πρόσω
287 2657 362 2697 αιέί
393 2655 433 2695 Α
456 2657 490 2695 Β
515 2657 548 2695 C
772 2668 818 2704 14
861 2658 901 2709 ἐξ
934 2656 980 2705 ἧς
1010 2657 1048 2694 A
1072 2657 1106 2695 B
1131 2657 1164 2694 C
1389 2669 1436 2706 15
1475 2657 1663 2710 μεγάλην
1693 2671 1775 2698 om.

120 2709 160 2748 R
175 2710 256 2750 SV
390 2713 438 2749 16
469 2712 659 2762 ἐμβαλὼν
682 2711 719 2749 R
736 2710 818 2750 SV
962 2724 1011 2761 19
1042 2711 1154 2764 όρους
1174 2710 1210 2748 Α
1228 2711 1263 2749 Β
1375 2715 1512 2753 Λυδῶν
1533 2714 1597 2753 καὶ
1619 2716 1781 2765 Φρυγῶν

121 2764 159 2803 R
174 2765 204 2805 S
217 2765 254 2804 V
367 2766 497 2818 Κύδρα
518 2766 551 2804 Ρ
565 2766 602 2803 R
619 2766 649 2804 S
663 2765 699 2803 V
901 2779 955 2804 20
983 2768 1008 2815 ἡ
1031 2767 1168 2815 στήλη
1194 2767 1230 2804 R
1247 2766 1276 2804 S
1291 2765 1328 2804 V
1516 2779 1578 2838 '21
1613 2766 1724 2820 ὄρους
1746 2767 1780 2806 C

118 2832 197 2912 Ξίῑ.
211 2837 288 2913 μὲν
324 2833 406 2860 om·
450 2819 613 2924 Ιεέὅκῖὶ
649 2821 803 2913 onnes&
845 2838 894 2860 επ
928 2820 1192 2923 Κιάλῗάῖιβον
1229 2876 1266 2915 R
1306 2827 1640 2925 52ῐξρ1ξῗαςὲξὲ..ε.
1666 2826 1782 2918 ι-Ξέοαν

119 2928 208 2967 SV
