2124 3328
698 80 1078 154 ΙΣΤΟΡΙΩΝ
1143 107 1183 154 Ε
1575 127 1579 131 -
1815 105 1876 152 v.
1909 117 2013 168 ραι

105 241 160 294 ἐν
187 243 461 308 Δελφοῖσι,
487 242 555 309 τῷ
579 238 789 292 πίσυνος
817 238 1086 306 γενόμενος
1119 236 1419 307 ἐπεχείρησέ
1450 259 1504 291 τε
1537 237 1618 290 καὶ
1651 236 1776 306 ἔσχε

107 324 368 392 Κόρινθον.
457 323 485 374 6
514 324 568 376 δὲ
597 322 827 392 χρησμὸς
857 324 941 375 ὅδε
972 321 1048 388 ἦν·
1815 325 1841 359 ²

229 430 408 495 ὄλβιος
438 428 582 483 οὗτος
612 428 736 496 ἀνὴρ
766 427 820 483 ὃς
851 428 970 494 ἐμὸν
999 429 1151 494 δόμον
1184 430 1556 494 ἐσκαταβαίνει,

231 512 469 582 Κύψελος
497 513 746 579 Ἠετίδης,
780 512 1028 579 βασιλεὺς
1060 518 1276 565 κλειτοῖο
1307 514 1562 581 Κορίνθου,

55 621 78 663 5
229 597 374 652 αὐτὸς
405 597 485 650 καὶ
515 601 704 656 παῖδες,
737 599 928 651 παίδων
959 619 1018 665 γε
1046 599 1138 663 μὲν
1168 596 1330 649 οὐκέτι
1362 601 1549 651 παῖδες.

101 704 158 757 τὸ
185 707 278 771 μὲν
309 704 368 769 δὴ
398 702 706 772 χρηστήριον
736 709 881 756 τοῦτο
913 701 988 768 ἦν,
1023 702 1354 770 τυραννεύσας
1390 705 1443 755 δὲ
1480 705 1506 754 6
1539 703 1778 771 Κύψελος

100 793 318 843 τοιοῦτος
342 787 400 854 δή
423 792 497 843 τις
522 788 646 855 ἀνὴρ
671 787 887 856 ἐγένετο·
931 788 1151 840 πολλοὺς
1173 789 1264 853 μὲν
1286 787 1560 853 Κορινθίων
1586 787 1774 853 ἐδίωξε,

101 874 323 927 πολλοὺς
360 876 413 925 δὲ
448 871 716 941 χρημάτων
753 871 1084 939 ἀπεστέρησε,
1123 877 1299 942 πολλῷ
1338 871 1393 924 δέ
1426 893 1474 924 τι
1511 873 1778 926 πλείστους

100 960 187 1023 τῆς
230 959 417 1026 ψυχῆς.
505 953 745 1023 ἄρξαντος
789 959 843 1009 δὲ
887 956 1062 1009 τούτου
1104 957 1186 1009 ἐπὶ
1230 954 1490 1023 τριήκοντα
1536 955 1649 1007 ἔτεα
1697 958 1776 1008 καὶ
1814 956 1841 1015 ζ

27 1058 78 1088 10
100 1040 459 1107 διαπλέξαντος
489 1046 576 1094 τὸν
605 1043 725 1108 βίον
750 1042 802 1094 εὖ
833 1039 1066 1109 διάδοχός
1096 1043 1143 1093 οἱ
1173 1043 1261 1105 τῆς
1291 1041 1574 1108 τυραννίδος
1605 1041 1632 1093 ὁ
1662 1046 1777 1096 παῖς

101 1120 414 1194 Περίανδρος
441 1127 646 1193 γίνεται.
735 1127 762 1177 6
803 1126 971 1178 τοίνυν
1008 1126 1314 1192 Περίανδρος
1354 1124 1459 1176 κατ’
1494 1125 1651 1194 ἀρχᾶς
1686 1127 1776 1192 μὲν

100 1208 160 1275 ἧν
201 1210 470 1278 ἠπιώτερος
508 1214 596 1262 τοῦ
639 1211 839 1278 πατρός,
884 1210 1047 1262 ἐπείτε
1088 1212 1140 1261 δὲ
1181 1209 1405 1275 ὡμίλησε
1447 1209 1508 1260 δι’
1544 1208 1776 1278 ἀγγέλων

58 1330 67 1336 -
101 1294 456 1365 Θρασυβούλῳ
487 1300 555 1365 τῷ
589 1293 821 1359 Μιλήτου
848 1292 1087 1364 τυράννῳ,
1121 1298 1297 1363 πολλῷ
1335 1293 1406 1345 ἔτι
1442 1292 1641 1361 ἐγένετο
1676 1296 1772 1347 Κυ-

99 1378 265 1446 ψέλου
314 1379 726 1447 μιαιφονώτερος.
814 1377 1020 1447 πέμψας
1071 1379 1167 1446 γὰρ
1218 1379 1351 1446 παρὰ
1400 1377 1774 1445 Θρασύβουλον
1812 1397 1837 1430 2

26 1478 74 1520 15
100 1462 283 1530 κήρυκα
321 1462 622 1516 ἐπυνθάνετο
662 1465 833 1516 ὅντινα
872 1462 934 1515 ἂν
970 1462 1153 1529 τρόπον
1191 1461 1588 1529 ἀσφαλέστατον
1626 1482 1770 1515 κατα-

99 1546 413 1614 στησάμενος
436 1553 535 1600 τῶν
559 1547 860 1615 πρηγμάτων
886 1546 1136 1599 κάλλιστα
1158 1545 1248 1610 τὴν
1267 1547 1418 1599 πόλιν
1443 1546 1770 1614 ἐπιτροπεύοι.

102 1632 472 1698 Θρασύβουλος
504 1635 556 1684 δὲ
581 1632 667 1684 τὸν
700 1633 913 1684 ἐλθόντα
943 1632 1076 1698 παρὰ
1099 1635 1186 1683 τοῦ
1216 1629 1524 1698 Περιάνδρου
1557 1629 1772 1699 ἐξήγαγε

15 1762 28 1771 .
67 1714 193 1791 ,ἔξω
229 1720 315 1768 τοῦ
350 1715 544 1776 ἄστεος,
583 1718 747 1783 ἐσβὰς
786 1719 839 1768 δὲ
880 1718 931 1770 ἐς
971 1714 1183 1783 ἄρουραν
1226 1714 1542 1782 ἐσπαρμένην
1582 1714 1683 1780 ἄμα
1718 1737 1772 1768 τε

0 1779 63 1804 Un-

0 1815 76 1849 ²0·-
98 1798 280 1866 διεξήιε
315 1800 371 1852 τὸ
409 1799 553 1866 λήιον
591 1803 871 1868 ἐπειρωτῶν
911 1821 966 1852 τε
1007 1800 1086 1851 καὶ
1127 1799 1435 1863 ἀναποδίζων
1469 1799 1555 1852 τὸν
1590 1772 2124 1881 κήρυκαΐᾙῗθ.

0 1862 74 1928 Ἃ)
98 1886 219 1937 κατὰ
253 1884 343 1950 τὴν
380 1885 479 1938 ἀπὸ
511 1886 754 1953 Κορίνθου
789 1883 973 1950 ἄπιξιν,
1006 1884 1087 1936 καὶ
1125 1884 1330 1956 ἐκοζλουε
1367 1885 1462 1936 αἰεὶ
1499 1885 1623 1938 ὅκως
1660 1887 1769 1936 τινὰ
1786 1904 1937 1951 Μία
1952 1897 2047 1968 en„

94 1970 191 2021 ἴδοι
230 1974 328 2022 τῶν
368 1970 637 2037 ἀσταχύων
676 1969 999 2038 ὑπερέχοντα,
1044 1969 1262 2021 κολούων
1299 1971 1351 2021 δὲ
1396 1960 1607 2036 ἔρριπτε,
1651 1970 1701 2022 ἐς
1742 1967 1768 2021 ὃ

95 2057 182 2105 τοῦ
216 2055 362 2119 ληίου
396 2053 453 2106 τὸ
491 2052 769 2106 κάλλιστόν
799 2075 853 2106 τε
890 2054 970 2106 καὶ
1007 2053 1302 2120 βαθύτατον
1323 2052 1573 2121 διέφθειρε
1602 2053 1766 2123 τρόπῳ

95 2138 315 2208 τοιούτῳ.
391 2135 658 2202 διεξελθὼν
681 2139 734 2190 δὲ
757 2137 814 2190 τὸ
843 2138 1028 2206 χωρίον
1052 2138 1132 2190 καὶ
1156 2135 1458 2204 ὑποθέμενος
1483 2138 1601 2192 ἔπος
1624 2137 1766 2191 οὐδὲν
1805 2153 1830 2196 3

94 2222 374 2289 ἀποπέμπει
403 2222 490 2274 τὸν
523 2221 720 2290 κήρυκα.
792 2220 1134 2286 νοστήσαντος
1163 2223 1217 2274 δὲ
1246 2225 1332 2273 τοῦ
1363 2219 1566 2288 κήρυκος
1596 2224 1647 2275 ἐς
1676 2221 1766 2286 τὴν

23 2319 70 2361 ²5
94 2307 337 2374 Κόρινθον
361 2306 422 2372 ἦν
446 2308 695 2375 πρόθυμος
724 2305 1063 2360 πυνθάνεσθαι
1093 2305 1183 2370 τὴν
1214 2304 1468 2371 ὑποθήκην
1498 2306 1524 2357 6
1549 2308 1761 2373 Περίαν-

94 2393 222 2458 δρος.
297 2393 324 2442 6
354 2395 406 2444 δὲ
437 2391 581 2444 οὐδέν
605 2394 651 2443 οἱ
683 2391 780 2459 ἔφη
808 2390 1180 2458 Θρασύβουλον
1202 2389 1494 2450 ὑποθέσθαι,
1521 2390 1763 2455 θωμάζειν

95 2550 98 2554 ·
147 2540 173 2566 2
211 2526 287 2570 ὦδε
318 2527 348 2567 S
368 2526 409 2568 V
573 2541 599 2579 3
639 2531 838 2581 ἐγκαταβ.
873 2528 981 2567 SV:
1021 2526 1270 2579 εἰσαφικάνει
1305 2527 1386 2567 Dio
1418 2527 1571 2578 Chrys.
1603 2528 1761 2569 xxxvii.

94 2595 134 2633 p.
159 2595 236 2634 103
259 2583 311 2624 R.
495 2597 520 2632 4
550 2587 730 2624 κλειτοῖο
750 2583 791 2621 Α
806 2583 840 2621 Β
855 2583 888 2621 C
913 2583 993 2621 Dio
1013 2598 1022 2621 ι
1052 2585 1228 2623 κλεινοῖο
1250 2582 1283 2620 Ρ
1299 2583 1336 2620 U
1360 2583 1542 2622 Oenom.
1566 2595 1633 2633 ap.
1656 2583 1756 2623 Eus.

94 2650 156 2688 pr.
183 2651 248 2678 ev.
272 2649 362 2688 v35
382 2653 391 2678 τ
422 2647 536 2679 κλοιο
559 2638 640 2678 SV
788 2639 816 2676 6
845 2636 910 2689 δὲ]
933 2637 982 2686 δὴ
1000 2636 1039 2675 Α
1055 2637 1089 2675 Β
1216 2649 1237 2686 7
1269 2638 1366 2691 ἀνὴρ
1388 2636 1575 2690 ἐγένετο]
1597 2636 1647 2685 ἦν
1662 2639 1761 2691 ἀνήρ

66 2690 70 2694 ’
92 2691 207 2732 AC:
238 2694 335 2747 ἀνήρ
361 2693 395 2732 Β
512 2693 735 2747 Κορινθίους
757 2692 791 2731 C
970 2692 996 2729 8
1026 2691 1072 2732 δέ
1091 2709 1130 2731 τι
1155 2691 1379 2740 Krueger:
1409 2692 1444 2733 δ’
1467 2692 1527 2733 ἔτι
1550 2692 1678 2731 PSV
1693 2692 1758 2733 U:

92 2745 137 2788 δὲ
156 2746 197 2786 Α
211 2747 246 2786 Β
260 2747 294 2787 C
406 2749 570 2789 πλείους
590 2748 656 2787 vel
678 2750 854 2788 πλεῦνας
875 2746 1045 2785 Bekker
1187 2759 1235 2784 10
1263 2746 1582 2788 διαπλεύσαντος
1602 2764 1667 2800 γρ.
1694 2747 1760 2786 Pm

61 2823 68 2827 -
95 2813 143 2850 15
173 2803 221 2844 ἂν
240 2815 320 2842 om.
346 2802 376 2842 S
389 2803 428 2842 V
443 2803 481 2842 U
596 2801 910 2856 ἀσφαλέστερον
932 2801 965 2840 Ρ
980 2801 1009 2839 S
1023 2801 1060 2839 V
1075 2801 1113 2838 U
1245 2813 1290 2849 17
1323 2800 1521 2854 ἐξήγαγεν
1548 2802 1580 2839 Ε
1599 2816 1606 2839 :
1639 2805 1757 2853 ἐξῆγε

92 2856 183 2897 rell.
272 2871 277 2874 ·
309 2870 358 2908 19
386 2859 460 2899 τὸν
480 2857 632 2910 κήρυκα
651 2870 732 2897 om.
759 2856 794 2895 E
924 2868 979 2895 20
1007 2855 1128 2907 κατὰ]
1154 2856 1217 2895 καὶ
1241 2855 1270 2893 S
1286 2855 1322 2893 V
1433 2858 1497 2896 καὶ
1518 2868 1599 2896 om.
1623 2856 1652 2894 S
1668 2856 1702 2895 V
1720 2857 1756 2895 U

91 2911 151 2952 ἀεὶ
173 2910 212 2950 Α
226 2911 260 2950 Β
275 2911 309 2952 Ε
416 2912 528 2954 τινὰς
551 2911 584 2951 Ρ
598 2911 627 2950 S
641 2910 679 2949 V
694 2911 732 2950 U
863 2923 910 2948 21
944 2913 1010 2959 ἴδη
1034 2911 1063 2947 S
1078 2910 1115 2949 V
1228 2908 1496 2963 ὑπερέχοντας
1517 2914 1598 2952 τῶν
1619 2911 1756 2953 ἄλλων

59 3017 65 3024 ¹
93 2964 222 3005 PSV
237 2965 275 3004 U
443 2967 497 3005 26
525 2964 741 3017 θωυμάζειν
764 2965 796 3004 Ρ
814 2966 843 3004 S
858 2965 895 3004 V
912 2965 949 3003 U
1287 2999 1291 3002 .

148 3061 248 3089 Ηοτ.
275 3062 318 3088 11.
1569 3050 1590 3089 4

106 3125 125 3139 9
