2132 3340
712 412 1076 475 ΙΣΤΟΡΙΩΝ
1143 425 1191 472 11

208 587 350 641 Ἐπεὶ
374 588 472 641 δὲ’
450 611 479 654 η
505 589 716 656 ἀγγελίη
743 589 948 640 ἀπίκετο
980 589 1091 657 περὶ
1116 593 1204 654 τῆς
1226 589 1392 659 μάχης
1414 593 1502 655 τῆς
1533 590 1588 644 ἐν
1614 595 1790 659 Μαρα-
1829 613 1852 648 1

126 676 244 726 θῶνι
272 668 543 740 γενομένης
574 675 706 739 παρὰ
735 672 962 738 βασιλέα
994 679 1211 741 Δαρεῖον
1241 674 1328 726 τὸν
1359 669 1681 729 Ὑστάσπεος
1714 678 1791 727 καὶ

124 759 240 824 πρὶν
274 757 506 824 μεγάλως
552 756 928 828 κεχαραγμένον
964 762 1098 809 τοῖσι
1132 757 1447 824 Ἀθηναίοισι
1490 761 1570 810 διὰ
1610 781 1700 824 την
1738 747 2132 814 39⁸4„wa

123 840 303 908 Σάρδις
335 840 581 906 ἐσβολήν,
610 841 688 893 καὶ
713 840 770 905 δὴ
804 843 882 894 καὶ
913 843 1026 894 τότε
1050 847 1224 912 πολλῷ
1257 864 1312 895 τε
1343 843 1595 911 δεινότερα
1624 843 1791 896 ἐποίεε

76 953 99 994 5
125 926 204 978 καὶ
249 929 448 991 μᾶλλον
493 927 676 992 ὅρμητο
723 926 1086 992 στρατεύεσθαι
1131 926 1214 979 ἐπὶ
1252 926 1343 992 τὴν
1379 926 1621 979 Ἑλλάδα.
1711 930 1791 980 καὶ
1826 952 1854 983 2

124 1010 299 1062 αὐτίκα
327 1012 418 1075 μὲν
449 1009 792 1077 ἐπηγγέλλετο
816 1010 1027 1076 πέμπων
1051 1010 1299 1078 ἀγγέλους
1332 1014 1453 1063 κατὰ
1484 1013 1631 1067 πόλις
1660 1016 1788 1065 ἑτοι-

122 1093 294 1160 μάζειν
325 1092 579 1161 στρατιήν,
612 1098 787 1163 πολλῷ
819 1094 957 1146 πλέω
991 1094 1284 1148 ἐπιτάσσων
1318 1095 1579 1148 ἑκάστοισι
1607 1093 1638 1162 ἢ
1669 1099 1787 1164 πρό-

122 1199 266 1245 τερον
289 1182 548 1247 παρεῖχον,
576 1179 655 1230 καὶ
678 1177 793 1233 νέας
823 1200 877 1231 τε
910 1179 989 1231 καὶ
1021 1180 1200 1234 ἵππους
1225 1180 1303 1231 καὶ
1330 1185 1475 1232 σῖτον
1506 1183 1585 1234 καὶ
1616 1186 1785 1234 πλοῖα.

121 1262 310 1315 τούτων
354 1265 407 1315 δὲ
452 1262 956 1330 περιαγγελλομένων
999 1264 1046 1331 ἡ
1082 1263 1232 1330 Ἀσίη
1278 1264 1503 1318 ἐδονέετο
1547 1266 1628 1319 ἐπὶ
1678 1269 1789 1334 τρία

51 1373 100 1404 ιο
124 1346 252 1406 ἔτεα,
287 1347 697 1415 καταλεγομένων
734 1369 788 1400 τε
823 1353 924 1401 τῶν
959 1349 1180 1416 ἀρίστων
1216 1349 1282 1404 ὣς
1317 1350 1400 1402 ἐπὶ
1438 1349 1530 1415 τὴν
1559 1350 1788 1403 Ἑλλάδα

125 1431 568 1498 στρατευσομένων
600 1433 679 1484 καὶ
713 1433 1241 1500 παρασκευαζομένων.
1331 1434 1548 1505 τετάρτῳ
1589 1439 1644 1488 δὲ
1685 1436 1787 1488 ἔτεϊ
1822 1456 1848 1501 3

123 1517 385 1584 Αἰγύπτιοι
415 1513 504 1583 <οῑ>
536 1519 629 1569 ὑπὸ
663 1517 950 1584 Καμβύσεω
988 1518 1320 1573 δουλωθέντες
1357 1518 1651 1585 ἀπέστησαν
1687 1521 1786 1573 ἀπὸ

51 1635 55 1638 Δ
122 1600 379 1669 Περσέων.
455 1604 664 1654 ἐνθαῦτα
694 1601 751 1666 δὴ
786 1603 865 1654 καὶ
895 1606 1094 1668 μᾶλλον
1124 1604 1311 1670 ὅρμητο
1341 1603 1420 1655 καὶ
1450 1604 1529 1656 ἐπ’
1561 1604 1782 1672 ἀμφοτέ-

121 1706 235 1753 ρους
265 1686 638 1754 στρατεύεσθαι.
729 1686 1073 1752 στελλομένου
1097 1689 1150 1739 δὲ
1177 1689 1392 1755 Δαρείου
1422 1688 1498 1741 ἐπ’
1532 1691 1786 1757 Αἴγυπτον
1824 1710 1856 1746 2

49 1796 97 1838 15
124 1771 202 1823 καὶ
233 1769 447 1836 Ἀθήνας
476 1775 574 1823 τῶν
606 1773 795 1823 παίδων
829 1770 979 1823 αὐτοῦ
1011 1771 1193 1825 στάσις
1223 1771 1423 1840 ἐγένετο
1452 1772 1648 1840 μεγάλη
1673 1774 1787 1840 περὶ

157 1857 179 1869 n
252 1855 266 1873 ε
440 1857 455 1875 ι
580 1855 592 1873 e
725 1861 748 1872 n
920 1856 934 1873 n
1053 1854 1065 1875 t
1442 1855 1455 1875 t
1736 1857 1749 1875 x
1807 1834 2031 1873 Gne-2413*
2056 1823 2132 1860 m

114 1876 209 1926 Ιϊης
242 1876 522 1922 ηγεμονιης,
568 1877 633 1910 ως
669 1860 743 1908 δει
782 1876 864 1924 μιν
910 1854 1221 1925 αποδεξαντα
1266 1861 1490 1923 βασιλερ,
1535 1859 1656 1910 κατὰ
1698 1879 1941 1929 τονφωω.ν
1958 1886 2132 1932 ,ppu-

122 1938 366 2006 Περσέων
395 1940 547 2005 νόμον
570 1924 1100 2007 οὕτω-στρατεύεσθαι.
1187 1940 1318 2006 ἦσαν
1347 1943 1442 2009 γὰρ
1477 1943 1672 2012 Δαρείῳ
1705 1943 1783 1995 καὶ
1822 1932 2132 1997 1⁴5⁸*cwa

121 2023 362 2091 πρότερον
392 2019 422 2088 ἢ
453 2028 762 2090 βασιλεῦσαι
794 2025 1060 2091 γεγονότες
1090 2029 1222 2092 τρεῖς
1252 2029 1424 2079 παῖδες
1456 2027 1509 2078 ἐκ
1540 2029 1626 2092 τῆς
1657 2048 1777 2094 προ-

121 2105 265 2174 τέρης
308 2109 554 2175 γυναικός,
603 2108 848 2174 Γωβρύεω
895 2110 1150 2177 θυγατρός,
1193 2109 1274 2161 καὶ
1316 2111 1688 2176 βασιλεύσαντι
1729 2111 1788 2177 ἐξ

46 2216 98 2246 20
120 2190 373 2255 Ἀτόσσης
402 2195 489 2257 τῆς
521 2193 683 2259 Κύρου
707 2193 865 2260 ἕτεροι
889 2191 1143 2260 τέσσερες.
1210 2198 1310 2246 τῶν
1332 2197 1425 2260 μὲν
1449 2195 1505 2260 δὴ
1531 2195 1784 2264 προτέρων
2094 2225 2114 2241 ·

121 2275 399 2343 ἐπρέσβευε
448 2275 836 2344 Ἀρτοβαζάνης,
894 2281 992 2329 τῶν
1044 2281 1096 2330 δὲ
1151 2277 1516 2346 ἐπιγενομένων
1571 2278 1780 2348 Ξέρξης.
1884 2286 1891 2292 ’

120 2359 285 2414 ἐόντες
332 2363 385 2413 δὲ
431 2360 613 2428 μητρὸς
661 2360 718 2412 οὗ
756 2364 844 2426 τῆς
881 2361 1030 2426 αὐτῆς
1069 2363 1385 2428 ἐστασίαζον,
1435 2365 1461 2415 ὁ
1507 2367 1600 2431 μὲν
1648 2361 1782 2433 [γὰρ]
1820 2387 1847 2432 3

92 2442 490 2511 ’Ἀρτοβαζάνης
539 2444 641 2496 κατ’
690 2446 718 2496 ὅ
764 2466 811 2496 τι
858 2447 1208 2512 πρεσβύτατός
1254 2469 1307 2500 τε
1353 2449 1427 2514 ε’ίη
1468 2453 1652 2503 παντὸς
1695 2454 1782 2501 τοῦ

178 2595 196 2622 Ι
230 2583 316 2624 ἐπεὶ
336 2581 381 2624 δὲ
401 2582 447 2634 ἡ]
472 2584 608 2633 ἐπειδὴ
629 2583 663 2623 C
679 2582 743 2623 R:
777 2583 862 2624 ἐπεὶ
883 2582 928 2624 δὲ
948 2583 1039 2624 rell.
1170 2597 1196 2634 3
1227 2587 1269 2626 ἐν
1292 2585 1330 2623 R
1344 2585 1397 2625 V¹
1509 2599 1533 2637 5
1564 2589 1724 2641 ὥρμητο
1747 2588 1780 2627 L

118 2639 146 2677 6
174 2637 314 2679 πόλεις
335 2638 369 2677 C
384 2637 423 2676 R
441 2638 469 2676 S
482 2637 520 2676 V
664 2651 685 2688 7
716 2638 899 2691 πλείω(ι)
922 2637 962 2676 Α
976 2638 1011 2677 Β
1027 2639 1060 2677 C
1175 2639 1393 2691 ἑτοιμᾶζων
1413 2640 1463 2679 C‘
1608 2643 1634 2680 8
1662 2642 1780 2693 παρέ-

117 2709 210 2745 χειν
229 2691 269 2731 Α
284 2692 318 2730 Β
331 2691 365 2731 C
380 2692 414 2731 P
545 2710 591 2733 τε
612 2706 694 2732 om.
719 2693 753 2731 C
884 2709 1000 2734 ‹rm-ov
1021 2694 1085 2734 καὶ
1105 2694 1249 2734 ἵππους
1271 2696 1352 2742 (καὶ
1374 2698 1496 2736 πλοῖα
1516 2708 1597 2735 om.
1603 2697 1619 2747 )
1642 2696 1681 2735 A
1696 2697 1730 2735 B
1746 2698 1780 2736 C

118 2760 146 2798 9
173 2745 352 2789 τουτέων
366 2746 452 2785 ΑΒ
464 2747 497 2786 C
597 2761 646 2788 10
675 2746 719 2788 δὲ
738 2746 821 2786 PR
833 2747 911 2787 SV
986 2750 1036 2789 ὣς
1052 2760 1135 2787 om.
1159 2747 1196 2785 R
1209 2748 1238 2787 S
1250 2748 1284 2786 V
1382 2761 1422 2786 11
1452 2751 1781 2802 στρατευομενων
2067 2767 2088 2783 “

120 2801 309 2841 ABCP
419 2801 561 2843 δὲοῐη.
580 2801 764 2841 PRSV
898 2815 945 2841 12
973 2802 1167 2843 otaddidi
1304 2816 1351 2852 13
1374 2804 1781 2855 ffippcnroCPRSV

118 2857 189 2897 alt.
213 2857 278 2898 καὶ
298 2854 337 2894 Α
353 2856 387 2894 Β
407 2856 486 2896 soli
638 2869 686 2907 15
717 2857 876 2909 ἐγίνετο
900 2856 940 2895 R
954 2857 992 2895 V
1135 2858 1185 2895 16
1213 2860 1265 2898 ὡς
1284 2870 1364 2897 om.
1392 2857 1431 2896 R
1545 2859 1623 2900 ἔδει
1646 2859 1684 2898 R
1700 2861 1730 2899 S
1745 2860 1782 2899 V

123 2923 174 2961 19
204 2910 384 2964 Γοβρύεω
405 2911 443 2950 Α
458 2911 491 2949 Β
505 2913 538 2950 C
557 2912 590 2950 Ρ
755 2924 803 2950 21
827 2917 869 2952 et
890 2925 943 2962 23
973 2910 1139 2966 Ἀρταβ.
1163 2912 1202 2951 R
1218 2912 1248 2952 S
1262 2912 1299 2951 V
1447 2925 1500 2950 22
1531 2915 1783 2956 ἐστασίασαν

119 2965 158 3004 Α
174 2965 208 3004 Β
223 2966 256 3004 C
365 2968 443 3020 ’γὰρ
467 2979 549 3008 om.
576 2967 608 3005 P
622 2967 660 3005 R
677 2966 706 3006 S
719 2966 758 3006 V
773 2966 827 3007 Bc
993 2979 1045 3016 23
1074 2966 1212 3008 καθότι
1234 2966 1516 3021 πρεσβύτατος
1537 2967 1588 3017 ἧν
1610 2968 1648 3006 R
1663 2969 1692 3008 S
1707 2969 1744 3008 V

175 3047 274 3076 ιιοτ.
300 3049 343 3074 11.
1569 3039 1617 3077 10
