2138 3346
744 69 1120 120 ΙΣΤΟΡΙΩΝ
1182 73 1221 120 Ζ
1865 77 1949 129 VI.
1975 89 2043 139 79

164 198 344 268 ἄνδρας
376 200 456 253 καὶ
486 199 854 266 πυνθανόμενος
887 200 1073 254 τούτων
1111 199 1342 266 ἐξεκάλεε
1379 202 1585 270 πέμπων
1622 203 1820 307 κήρυκα,

164 285 409 351 ὀνομαστὶ
437 282 602 352 λέγων
631 289 730 337 τῶν
759 284 1001 353 Ἀργείων
1030 285 1144 340 τοὺς
1174 288 1230 339 ἐν
1258 292 1326 357 τῷ
1360 288 1444 359 ἱρῷ
1471 287 1821 355 ἀπεργμένους,

165 367 397 434 ἐξεκάλεε
437 371 491 422 δὲ
531 370 632 437 φᾶς
671 370 832 431 αὐτῶν
873 369 1010 438 ἔχειν
1045 372 1108 422 τὰ
1144 370 1340 435 ἄποινα·
1399 371 1580 426 ἄποινα
1620 371 1674 424 δέ
1711 374 1825 425 ἐστι
1847 373 2138 408 mm·

166 454 631 520 Πελοποννησίοισι
666 454 753 506 δύο
791 452 938 519 μνέαι
976 454 1272 522 τεταγμέναι
1313 455 1415 507 κατ’
1451 455 1603 523 ἄνδρα
1643 455 1822 524 αἰχμά-

115 561 139 603 5
164 544 328 591 λωτον
357 539 583 591 ἐκτίνειν.
671 539 795 590 κατὰ
826 537 1132 603 πεντήκοντα
1161 539 1218 604 δὴ
1257 538 1326 592 ὧν
1355 545 1454 592 τῶν
1486 539 1728 608 Ἀργείων
1760 540 1826 595 ὡς

165 621 406 678 ἑκάστους
434 622 792 689 ἐκκαλεύμενος
814 624 842 674 ὁ
872 622 1160 689 Κλεομένης
1191 623 1390 677 ἔκτεινε.
1462 628 1616 676 ταῦτα
1645 624 1700 677 δέ
1731 646 1825 679 κως
1861 644 1888 677 2

164 708 405 775 γινόμενα
443 705 683 772 ἐλελήθεε
721 706 837 762 τοὺς
876 707 1081 762 λοιποὺς
1119 708 1235 762 τοὺς
1274 711 1328 761 ἐν
1367 710 1434 779 τῷ
1470 707 1677 774 τεμένεϊ·
1738 707 1826 762 ἅτε

165 794 260 860 γὰρ
291 796 475 845 πυκνοῦ
506 792 674 847 ἐόντος
703 796 790 844 τοῦ
818 791 1004 846 ἄλσεος
1027 793 1115 845 οὐκ
1139 792 1279 860 ὥρων
1302 795 1349 845 οἱ
1374 791 1512 846 ἐντὸς
1540 793 1654 847 τοὺς
1686 792 1825 847 ἐκτὸς

164 877 194 927 ὅ
223 897 271 929 τι
301 876 577 944 ἔπρησσον,
610 878 726 945 πρίν
767 898 826 945 γε
865 875 923 941 δὴ
966 876 1126 929 αὐτῶν
1160 898 1235 931 τις
1272 877 1467 943 ἀναβὰς
1503 877 1584 929 ἐπὶ
1625 875 1826 945 ὃένδρος

93 985 142 1015 10
156 952 357 1014 ‘Kareffie
386 960 781 1028 τὸῃποιεύμενον.
870 960 957 1013 οὐκ
988 959 1057 1014 ὧν
1086 960 1144 1026 δὴ
1176 962 1249 1014 ἔτι
1279 962 1573 1027 καλεόμενοι
1601 958 1823 1025 ἐξήισαν.

166 1047 376 1099 ἐνθαῦτα
405 1045 464 1110 δὴ
496 1046 523 1097 6
554 1044 842 1112 Κλεομένης
871 1043 1072 1099 ἐκέλευε
1101 1044 1266 1099 πάντα
1300 1047 1410 1098 τινὰ
1446 1050 1547 1098 τῶν
1578 1043 1824 1099 εἱλωτέων
1862 1046 1932 1094 80

165 1129 409 1199 περινέειν
451 1130 548 1203 ὕλῃ
591 1130 650 1183 τὸ
693 1129 867 1190 ἄλσος,
915 1135 1014 1182 τῶν
1056 1132 1111 1183 δὲ
1155 1129 1435 1196 πιθομένων
1479 1128 1726 1197 ἐνέπρησε
1767 1128 1824 1181 τὸ

163 1215 340 1270 ἄλσος.
432 1213 691 1282 καιομένου
736 1216 790 1267 δὲ
837 1213 928 1280 ἤδη
979 1215 1202 1282 ἐπείρετο
1248 1219 1346 1268 τῶν
1386 1235 1499 1267 τινα
1537 1214 1825 1280 αὐτομόλων

164 1301 298 1355 τίνος
330 1301 403 1366 εἵη
437 1303 562 1353 θεῶν
591 1299 649 1351 τὸ
678 1298 855 1353 ἄλσος·
902 1300 929 1350 6
960 1301 1014 1352 δὲ
1044 1299 1142 1367 ἔφη
1165 1298 1356 1367 ’Ἄργου
1386 1298 1526 1351 εἶναι.
1616 1299 1642 1349 6
1674 1300 1728 1350 δὲ
1761 1298 1841 1352 ὧς,

96 1409 140 1450 15
164 1384 364 1452 ἤκουσε,
408 1383 748 1454 ἀναστενάξας
786 1381 918 1451 μέγα
957 1383 1080 1437 εἶπε·
1126 1382 1201 1435 ἾΩ
1234 1383 1497 1437 ’Ἄπολλον
1536 1381 1822 1452 χρηστήριε,

165 1468 196 1535 ἦ
235 1468 468 1538 μεγάλως
506 1491 568 1536 με
605 1466 861 1534 ἠπάτηκας
902 1466 1124 1536 φάμενος
1161 1467 1349 1536 ’Ἄργος
1395 1466 1636 1535 αἱρήσειν·
1700 1488 1822 1532 συμ-

164 1553 428 1620 βάλλομαι
467 1553 509 1606 δ’
545 1552 739 1619 ἐξήκειν
773 1574 858 1619 μοι
886 1552 943 1605 τὸ
971 1550 1295 1621 χρηστήριον.
1380 1555 1506 1618 μετὰ
1536 1554 1589 1604 δὲ
1619 1555 1771 1603 ταῦτα
1800 1551 1826 1601 6
1862 1556 1918 1603 81

168 1635 455 1705 Κλεομένης
473 1637 565 1703 τὴν
583 1640 676 1704 μὲν
694 1635 833 1690 πλέω
854 1636 1092 1705 στρατιὴν
1111 1638 1269 1702 ἀπῆκε
1288 1634 1485 1690 ἀπιέναι
1503 1638 1552 1690 ἐς
1577 1633 1826 1702 Σπάρτην,

165 1724 361 1792 χιλίους
400 1725 454 1776 δὲ
494 1721 641 1776 αὐτὸς
678 1722 857 1788 λαβὼν
897 1721 1009 1776 τοὺς
1050 1718 1282 1789 ἀριστέας
1320 1719 1397 1786 ἤιε
1439 1723 1489 1774 ἐς
1529 1719 1585 1771 τὸ
1606 1718 1827 1786 ’Ἠραιον

92 1830 143 1860 20
167 1807 349 1861 θύσων.
437 1807 751 1874 βουλόμενον
781 1808 835 1859 δὲ
865 1805 1012 1858 αὐτὸν
1043 1806 1180 1858 θύειν
1207 1807 1290 1858 ἐπὶ
1321 1810 1407 1857 τοῦ
1435 1808 1610 1871 βωμοῦ
1641 1805 1667 1854 ὁ
1698 1802 1827 1870 ἱρεὺς

166 1892 460 1961 ἀπηγόρευε,
493 1894 594 1960 φὰς
625 1891 711 1943 οὐκ
753 1892 895 1943 ὅσιον
927 1890 1053 1942 εἶναι
1091 1889 1236 1960 ξείνῳ
1267 1889 1438 1942 αὐτόθι
1480 1889 1630 1941 θύειν.
1717 1887 1744 1938 6
1774 1889 1828 1939 δὲ

168 1974 456 2043 Κλεομένης
492 1975 578 2029 τὸν
620 1973 727 2043 ἱρέα
768 1972 966 2027 ἐκέλευε
1005 1974 1118 2029 τοὺς
1156 1976 1366 2028 εἵλωτας
1401 1972 1499 2025 ἀπὸ
1534 1977 1619 2024 τοῦ
1652 1975 1828 2037 βωμοῦ

167 2061 520 2128 ἀπαγαγόντας
542 2064 863 2128 μαστιγῶσαι
888 2060 968 2112 καὶ
991 2058 1136 2112 αὐτὸς
1160 2058 1324 2111 ἔθυσε·
1371 2055 1585 2122 ποιήσας
1603 2059 1830 2109 δὲταῦτα

167 2144 315 2211 ἀπήιε
359 2147 410 2200 ἐς
453 2144 542 2210 τὴν
590 2143 840 2212 Σπάρτην.
928 2141 1248 2208 νοστήσαντα
1299 2140 1353 2195 δέ
1403 2163 1486 2208 μιν
1537 2142 1737 2207 ὑπῆγον
1781 2141 1831 2192 οἱ
1864 2140 1931 2187 82

93 2230 339 2298 25ἐχθροὶ
371 2229 467 2283 ὑπὸ
506 2229 620 2283 τοὺς
654 2228 885 2296 ἐφόρους,
924 2227 1145 2295 φάμενοί
1174 2248 1259 2293 μιν
1297 2224 1708 2294 δωροδοκήσαντα
1743 2224 1829 2276 οὐκ

167 2317 304 2367 ἑλεῖν
342 2314 400 2366 τὸ
434 2313 638 2381 Ἄργος,
687 2312 871 2380 παρεὸν
916 2310 1158 2365 εὐπετέως
1200 2333 1286 2377 μιν
1331 2314 1479 2363 ἑλεῖν.
1569 2310 1595 2360 ὁ
1636 2307 1690 2360 δέ
1731 2314 1829 2375 σφι

167 2397 324 2464 ἔλεξε,
374 2399 488 2451 οὔτε
539 2399 581 2451 εἰ
632 2397 940 2465 ψευδόμενος
990 2396 1102 2449 οὔτε
1155 2397 1197 2448 εἰ
1249 2394 1440 2460 ἀληθέα
1489 2392 1671 2462 λέγων,
1726 2391 1827 2460 ἔχω

225 2550 242 2576 1
267 2534 581 2588 πυνθανομένους
603 2536 638 2575 Β
655 2536 689 2575 C
772 2534 949 2577 τουτέων
968 2534 1008 2573 Α
1022 2535 1057 2574 Β
1073 2534 1107 2574 C
1219 2546 1244 2573 2
1274 2535 1363 2587 ἴερῷ
1383 2533 1423 2573 Α
1532 2545 1557 2582 3
1584 2529 1678 2583 φὰς]
1700 2539 1827 2583 σφεας

169 2591 209 2631 R
223 2591 253 2632 S
266 2592 305 2631 V
524 2603 550 2642 5
579 2591 732 2632 κτίνειν
754 2590 792 2630 R
1011 2591 1038 2628 6
1068 2588 1242 2630 ἑκάστου
1264 2588 1303 2626 R
1319 2588 1349 2627 S
1363 2588 1400 2627 V
1538 2586 1828 2636 ἐκκαλεύμενος

168 2646 202 2686 Ρ
217 2648 256 2688 R
271 2647 353 2686 SV
463 2649 484 2687 ὅ
506 2653 655 2697 Κλεομ.
679 2658 762 2685 om.
788 2645 818 2684 S
833 2645 871 2684 V
993 2657 1021 2695 9
1050 2642 1211 2697 δένδρου
1232 2643 1314 2683 SV
1451 2654 1500 2681 10
1528 2644 1665 2682 κατιδε
1685 2639 1726 2678 Α
1742 2640 1777 2679 Β
1793 2639 1828 2678 C

168 2701 353 2772 ἐξήιεσαν
387 2701 445 2741 P.
493 2702 664 2754 ἐξήεσαν
701 2700 791 2739 rell.
975 2726 977 2728 ·
1053 2711 1100 2737 12
1135 2701 1314 2759 περινεΐν
1339 2696 1473 2736 RSV
1637 2696 1766 2755 ’ὕλην
1795 2694 1827 2733 S

167 2755 389 2808 πιθομένων
409 2756 570 2797 Cobet:
599 2760 687 2796 πυθ.
714 2755 831 2794 RV.
858 2757 958 2794 πειθ.
985 2753 1076 2793 rell.
1211 2754 1261 2791 16
1289 2751 1314 2800 ἧ
1335 2764 1414 2790 om.
1439 2750 1528 2789 AB
1546 2750 1579 2788 C
1706 2749 1756 2788 18
1786 2751 1829 2790 ἐν

170 2810 210 2850 R
225 2810 255 2851 S
269 2810 308 2850 V
438 2810 600 2865 Σπάρτη
625 2810 664 2849 R
680 2809 710 2849 S
725 2809 800 2903 [2V]
996 2821 1051 2847 20
1079 2805 1327 2858 βουλομένου
1349 2804 1390 2846 δὲ
1412 2808 1533 2846 αὐτοῦ
1555 2804 1827 2844 Herwerden

167 2865 238 2919 ἱερ.
279 2865 338 2905 Αι
378 2866 441 2918 (it.
475 2867 547 2917 22)
825 2862 992 2916 φάσκων
1027 2863 1066 2902 R
1088 2863 1119 2902 S
1140 2862 1176 2901 V
1351 2872 1403 2899 22
1445 2858 1637 2901 ἐκέλευσε
1678 2858 1717 2897 R
1739 2858 1770 2898 S
1790 2857 1828 2897 V

170 2931 223 2969 23
253 2919 483 2974 ἀπάγοντας
503 2920 543 2960 Α
556 2920 591 2959 Β
609 2921 648 2959 R
663 2920 693 2960 S
706 2878 964 2958 V2126
991 2929 1054 2969 pr.
1082 2916 1211 2969 ἑλεῖν]
1234 2914 1366 2957 ἑλέειν
1386 2914 1425 2954 Α
1439 2914 1473 2953 Β
1489 2914 1523 2953 C
1538 2915 1572 2953 P
