2138 3340
770 34 1138 83 ΙΣΤΟΡΙΩΝ
1200 37 1239 84 Ζ
1871 44 1958 93 VI.
1986 45 2056 106 63

165 164 307 216 οὐδὲν
344 162 648 228 ἐποιήσαντο
685 164 742 216 τὸ
778 167 1067 233 παραυτίκα·
1114 167 1140 216 6
1178 170 1230 219 δὲ
1266 171 1382 221 παῖς
1416 167 1608 233 ηὔξετο,
1651 168 1727 220 καὶ
1764 174 1831 239 τῷ

166 244 433 315 Ἀρίστωνι
461 247 519 299 τὸ
543 248 801 315 εἰρημένον
823 249 1084 315 μετέμελε·
1130 255 1281 303 παῖδα
1306 254 1401 319 γὰρ
1423 256 1507 304 τὸν
1534 253 1831 319 Δημάρητον

165 334 217 386 ἐς
259 334 320 383 τὰ
362 331 588 397 μάλιστά
632 337 678 386 οἱ
723 335 926 399 ἐνόμισε
971 334 1112 387 εἶναι.
1205 335 1502 403 Δημάρητον
1547 340 1599 389 δὲ
1646 338 1830 403 οὔνομα
1869 356 1894 400 3

165 417 304 468 ἔθετο
336 416 463 488 αὐτῷ
491 420 570 469 διὰ
592 419 721 470 τόδε·
768 420 1011 486 πρότερον
1040 421 1229 472 τούτων
1252 422 1494 486 πανδημεὶ
1526 425 1830 488 Σπαρτιῆται

58 518 64 523 ·
118 523 140 564 5
165 499 450 568 Ἀρίστωνι,
485 501 550 555 ὡς
582 503 722 568 ἀνδρὶ
754 502 1088 568 εὐδοκιμέοντι
1117 506 1197 556 διὰ
1229 505 1427 557 πάντων
1457 505 1514 570 δὴ
1546 511 1642 557 τῶν
1672 511 1826 571 βασι-

162 583 297 637 λέων
342 590 442 638 τῶν
488 588 543 639 ἐν
590 586 793 660 Σπάρτῃ
832 587 1129 655 γενομένων,
1173 589 1296 655 ἀρὴν
1338 575 1639 654 ἐποιήσαντο
1678 594 1830 643 παῖδα

163 668 416 738 γενέσθαι·
478 673 558 723 διὰ
601 676 746 723 τοῦτο
789 671 881 738 μέν
921 675 966 724 οἱ
1007 673 1064 724 τὸ
1103 673 1288 739 οὔνομα
1331 673 1627 741 Δημάρητος
1667 672 1826 740 ἐτέθη.

164 755 349 822 χρόνου
385 757 438 807 δὲ
475 756 737 822 προϊόντος
767 756 1015 823 Ἀρίστων
1051 760 1142 822 μὲν
1179 756 1412 821 ἀπέθανε,
1448 757 1745 825 Δημάρητος
1777 762 1828 811 δὲ
1867 759 1936 818 64

166 839 291 907 ἔσχε
321 839 412 904 τὴν
441 841 735 906 βασιληίην.
810 841 914 893 ἔδεε
946 841 1015 900 δέ,
1051 842 1116 894 ὡς
1147 841 1266 902 οἶκε,
1293 840 1555 894 ἀνάπυστα
1586 844 1829 910 γενόμενα

93 945 142 974 10
164 928 317 975 ταῦτα
342 929 652 977 καταπαῦσαι
674 924 974 992 Δημάρητον
997 929 1083 990 τῆς
1105 927 1398 991 βασιληίης,
1421 921 1531 978 Τδιᾶ
1555 922 1644 978 τὸῨ
1670 931 1828 979 Κλεο-

163 1006 304 1074 μένεϊ
327 1007 570 1077 διεβλήθη
595 1008 826 1076 μεγάλως
857 1010 1096 1076 πρότερόν
1115 1032 1171 1062 τε
1192 1011 1217 1060 ὁ
1239 1009 1536 1077 Δημάρητος
1555 1012 1941 1078 ἀπαγαγὼνωω
1954 1022 2138 1071 axum-2

163 1092 254 1156 τὴν
285 1093 524 1159 στρατιὴν
555 1092 614 1158 ἐξ
640 1093 931 1148 Ἐλευσῖνος
960 1096 1039 1146 καὶ
1071 1094 1128 1158 δὴ
1162 1095 1241 1146 καὶ
1270 1095 1383 1146 τότε
1414 1094 1490 1147 ἐπ’
1523 1095 1830 1162 Αἰγινητέων
2080 1080 2138 1107 ⁴⁸⁸

164 1176 276 1231 τοὺς
334 1179 643 1242 μηδίσαντας
701 1177 971 1243 διαβάντος
1030 1169 1453 1273 Κλεομένεοςχ
1475 1180 1703 1245 ὁρμηθεὶς
1762 1178 1830 1231 ὧν
1869 1175 1938 1235 65

165 1262 494 1313 ἀποτίνυσθαι
518 1263 543 1312 ὁ
567 1261 853 1327 Κλεομένης
878 1263 1161 1313 συντίθεται
1181 1262 1457 1334 Λευτυχίδῃ
1481 1268 1547 1332 τῷ
1574 1262 1830 1330 Μενάρεος

94 1365 140 1407 15
165 1349 251 1397 τοῦ
280 1343 470 1412 Ἀγιος,
506 1346 638 1398 ἐόντι
669 1347 824 1411 οἰκίης
861 1349 949 1412 τῆς
985 1346 1139 1419 αὐτῆς.
1166 1345 1464 1416 Δημαρήτῳ,
1499 1347 1574 1399 ἐπ’
1605 1346 1640 1417 ᾧ
1667 1369 1735 1406 τε,
1769 1344 1831 1412 ἢν

165 1428 315 1481 αὐτὸν
353 1428 644 1503 καταστήσῃ
684 1429 911 1496 βασιλέα
951 1430 1061 1482 ἀντὶ
1103 1429 1418 1497 Δημαρήτου,
1453 1433 1636 1498 ἕψεταί
1671 1434 1716 1483 οἱ
1755 1431 1830 1484 ἐπ’

167 1512 453 1581 Αἰγινήτας.
543 1516 569 1565 6
621 1517 674 1567 δὲ
725 1515 1031 1583 Λευτυχίδης
1090 1513 1150 1578 ἧν
1210 1517 1388 1582 ἐχθρὸς
1434 1516 1500 1585 τῷ
1551 1514 1830 1586 Δημαρήτῳ
1869 1534 1894 1565 2

165 1596 392 1663 μάλιστα
421 1600 640 1666 γεγονὼς
671 1601 750 1651 διὰ
783 1602 986 1672 πρῆγμα
1015 1600 1223 1651 τοιόνδε·
1269 1599 1617 1665 ἁρμοσαμένου
1647 1604 1827 1652 Λευτυ-

166 1683 316 1751 χίδεω
367 1682 631 1750 Πέρκαλον
672 1683 762 1748 τὴν
807 1685 1037 1736 Χίλωνος
1081 1687 1167 1733 τοῦ
1214 1682 1545 1750 Δημαρμένου
1590 1684 1831 1751 θυγατέρα

93 1788 143 1817 20
166 1768 193 1818 6
243 1766 540 1834 Δημάρητος
602 1767 971 1833 ἐπιβουλεύσας
1031 1766 1325 1833 ἀποστερέει
1384 1769 1687 1836 Λευτυχίδεα
1744 1773 1831 1819 τοῦ

165 1850 341 1919 γάμου,
393 1850 597 1919 φθάσας
645 1851 790 1906 αὐτὸς
835 1851 924 1915 τὴν
972 1842 1239 1918 Πέρκαλον
1287 1850 1516 1918 ἁρπάσας
1564 1852 1643 1903 καὶ
1691 1853 1831 1920 σχὼν

166 1941 389 2003 γυναῖκα.
478 1938 601 1988 κατὰ
633 1940 777 1988 τοῦτο
807 1938 898 2001 μὲν
937 1941 1005 2006 τῷ
1049 1937 1326 2007 Λευτυχίδῃ
1357 1936 1386 2000 ἡ
1419 1935 1570 2003 ἔχθρη
1602 1936 1631 2001 ἡ
1666 1939 1715 1990 ἐς
1744 1940 1831 1988 τὸν
1869 1952 1895 1995 3

168 2019 467 2087 Δημάρητον
498 2021 744 2087 ἐγεγόνεε,
778 2021 890 2072 τότε
920 2022 973 2072 δὲ
1006 2021 1059 2071 ἐκ
1090 2022 1178 2083 τῆς
1215 2018 1525 2084 Κλεομένεος
1561 2022 1832 2087 προθυμίης
2082 2087 2100 2097 ·

165 2105 191 2154 6
222 2106 528 2173 Λευτυχίδης
562 2105 858 2170 κατόμνυται
892 2102 1191 2173 Δημαρήτῳ,
1227 2105 1327 2170 φὰς
1358 2103 1507 2155 αὐτὸν
1548 2088 2138 2174 οὐωενεο-ΜἻ

89 2188 322 2260 25116'12‘99
346 2189 642 2255 βασιλεύειν
666 2188 1032 2254 Σπαρτιητέων,
1057 2187 1143 2238 οὐκ
1168 2188 1315 2239 ἐόντα
1340 2192 1488 2240 παῖδα
1509 2187 1826 2255 Ἀρίστωνος.

161 2275 286 2338 μετὰ
315 2276 369 2326 δὲ
400 2273 490 2337 τὴν
529 2275 844 2338 κατωμοσίην
876 2274 1045 2324 ἐδίωκε
1086 2269 1350 2341 ἀνασῴζων
1392 2274 1552 2324 ἐκεῖνο
1594 2271 1650 2323 τὸ
1692 2273 1826 2331 ἔπος,

220 2426 238 2452 1
288 2414 338 2454 τὸ
377 2425 455 2454 om.
499 2411 696 2450 BRSV
852 2428 899 2452 τε
936 2411 1074 2450 RSV
1223 2412 1360 2461 εὔξετο
1394 2409 1568 2449 ABC:
1611 2414 1758 2462 ηὔξατο
1792 2411 1830 2449 V

161 2480 187 2518 3
218 2467 380 2518 ἐνόμισέ
399 2470 435 2508 οἱ
456 2467 495 2505 R
512 2467 541 2506 S
555 2468 594 2505 V
726 2468 831 2519 αὐτῷ
852 2469 1001 2515 οὕνομα
1023 2466 1136 2506 ἔθετο
1160 2464 1193 2503 Ρ
1210 2465 1247 2504 R
1263 2465 1292 2503 S
1306 2465 1344 2503 V
1531 2478 1556 2514 4
1586 2467 1772 2515 πανδημὴ
1792 2465 1832 2503 V

161 2535 187 2572 5
217 2523 428 2576 Ἀρίστωνι
450 2535 530 2561 om.
558 2521 695 2561 RSV
873 2522 899 2559 8
928 2524 949 2561 ὁ
969 2523 1050 2573 Ἀρ.
1077 2520 1110 2558 C
1289 2532 1316 2569 9
1347 2519 1457 2560 ἔδεεν
1478 2521 1528 2560 ὡς
1550 2536 1584 2559 οι
1607 2522 1669 2560 καὶ
1695 2519 1732 2557 R
1749 2520 1831 2559 SV

162 2576 471 2619 ἔοικεΑΒΟΡ
614 2589 663 2615 10
692 2575 1001 2616 naficazRSV
1113 2574 1427 2615 &uz-rbRSV:
1460 2573 1827 2616 διὰτὰΑΒΟΡς

161 2631 212 2674 δι’
246 2633 271 2674 ἃ
310 2631 493 2672 struve:
537 2631 639 2672 διότι
673 2636 773 2670 ante
807 2642 876 2668 me
913 2629 1126 2669 Richards
1312 2641 1359 2677 14
1399 2629 1661 2669 ἀποτίνυσθαι
1698 2628 1828 2669 Pel:

162 2687 446 2728 ἂποτίννυσθαι
482 2686 571 2725 rell.
808 2696 857 2734 15
901 2684 987 2725 ὄντι
1023 2685 1063 2723 R
1242 2687 1316 2732 τῆς
1351 2685 1473 2731 αὐτῆς
1515 2683 1639 2731 οἰκίης
1674 2682 1713 2720 Α
1736 2683 1770 2721 Β
1795 2683 1828 2722 C

165 2753 212 2791 17
240 2742 422 2792 μάλιστα
441 2745 502 2794 τῷ
526 2750 628 2792 Δημ.
654 2740 694 2779 Α
709 2741 743 2779 Β
761 2739 794 2778 C
907 2740 956 2778 18
985 2738 1141 2779 τοιόνδε
1163 2740 1328 2791 πρῆγμα
1347 2737 1386 2776 Α
1401 2737 1435 2776 Β
1451 2737 1484 2776 C
1576 2737 1828 2790 ἁρμοσμένου

163 2796 300 2836 RSV
449 2809 503 2835 20
532 2798 749 2849 ἀποστερεῖ
767 2795 800 2833 L
911 2793 1164 2845 Λευτυχίδην
1194 2793 1230 2831 R
1248 2793 1278 2832 S
1297 2791 1372 2845 [V]
1518 2803 1569 2830 22
1599 2792 1670 2831 alt.
1695 2792 1719 2840 ἦ
1742 2805 1823 2832 om.

160 2850 199 2890 A
213 2851 248 2889 Β
264 2851 298 2890 C
410 2853 463 2893 εἰς
485 2851 518 2890 C
535 2851 574 2890 R
586 2851 625 2890 V
749 2862 801 2898 23
832 2848 1059 2898 Κλεομένης
1085 2847 1122 2885 R
1249 2860 1302 2898 24
1334 2847 1578 2900 Δημαρήτου
1601 2846 1634 2884 Ρ
1648 2845 1686 2885 R
1701 2845 1732 2886 S
1747 2846 1826 2899 [V]

159 2907 212 2945 26
241 2906 490 2957 κατομοσίην
513 2907 551 2945 R
569 2905 599 2944 S
611 2904 649 2944 V
1738 2933 1744 2937 .
