2034 3328
788 118 833 164 H
851 115 1214 164 ΡΟΔΟΤΟΎ

176 249 303 317 αὐτῷ
328 247 456 298 ἄλλο
478 249 569 312 μὲν
593 246 748 313 οὐδέν,
772 249 922 298 ἐπεὰν
945 249 999 298 δὲ
1022 248 1255 311 ἀπίκηται
1278 247 1328 300 ἐς
1349 246 1595 310 Μίλητον,
1619 243 1836 295 κελεύειν

177 332 539 397 Ἀρισταγόρην
569 330 850 396 ξυρήσαντά
886 352 970 396 μιν
1005 333 1094 391 τὰς
1130 332 1303 398 τρίχας
1340 328 1622 401 κατιδέσθαι
1660 329 1712 380 ἐς
1745 326 1836 391 τὴν

177 413 418 482 κεφαλήν·
465 416 525 465 τὰ
565 417 618 465 δὲ
659 417 908 482 στίγματα
951 413 1205 479 ἐσήμαινε,
1249 414 1313 466 ὡς
1359 415 1437 465 καὶ
1477 412 1714 480 πρότερόν
1752 432 1837 476 μοι

177 500 378 565 εἴρηται,
411 498 710 549 ἀπόστασιν.
794 503 946 550 ταῦτα
977 500 1029 549 δὲ
1061 500 1086 548 ὁ
1114 491 1350 551 Ἱστιαῖος
1382 498 1544 549 ἐποίεε
1574 494 1836 563 συμφορὴν

173 582 463 647 ποιεύμενος
500 581 727 648 μεγάλην
761 581 852 646 τὴν
890 585 1072 633 ἑωυτοῦ
1114 581 1328 649 κατοχὴν
1363 581 1454 645 τὴν
1489 582 1543 633 ἐν
1578 579 1834 631 Σούσοισι·
1859 605 1881 646 5

112 692 115 696 ’
174 664 484 718 ἀποστάσιος
521 662 588 716 ὧν
618 665 882 731 γινομένης
915 667 1111 736 πολλὰς
1147 665 1253 733 εἶχε
1289 666 1494 717 ἐλπίδας
1528 661 1837 730 μετήσεσθαι
1907 671 1911 674 ’

75 2689 138 2736 37

173 750 254 802 ἐπὶ
298 748 579 807 θάλασσαν,
621 748 687 813 μὴ
732 752 785 801 δὲ
829 748 1069 815 νεώτερόν
1111 770 1159 800 τι
1201 749 1438 813 ποιεύσης
1480 751 1566 813 τῆς
1607 744 1837 811 Μιλήτου

172 834 360 898 οὐδαμὰ
390 835 440 886 ἐς
471 831 620 896 αὐτὴν
649 829 787 896 ἥξειν
816 832 889 884 ἔτι
919 833 1188 899 ἐλογίζετο.

254 916 491 969 Ἱστιαῖος
548 915 638 981 μέν
691 937 778 968 νυν
827 920 980 967 ταῦτα
1039 916 1382 981 διανοεύμενος
1440 914 1699 981 ἀπέπεμπε
1748 912 1836 966 τὸν
1898 952 1906 963 .

171 1000 404 1068 ἄγγελον,
431 999 767 1071 Ἀρισταγόρῃ
797 1003 850 1052 δὲ
882 998 1153 1053 συνέπιπτε
1176 1005 1263 1051 τοῦ
1291 999 1439 1051 αὐτοῦ
1469 999 1653 1067 χρόνου
1673 997 1836 1051 πάντα
1863 1024 1910 1052 10

171 1090 323 1135 ταῦτα
359 1084 681 1136 συνελθόντα.
771 1085 1068 1149 ἐβουλεύετο
1104 1081 1172 1136 ὧν
1201 1085 1325 1150 μετὰ
1359 1088 1459 1137 τῶν
1495 1081 1830 1142 στασιωτέων,

173 1167 392 1235 ἐκφήνας
426 1167 516 1233 τήν
551 1189 604 1219 τε
643 1171 825 1220 ἑωυτοῦ
859 1169 1061 1235 γνώμην
1101 1168 1179 1220 καὶ
1213 1170 1276 1219 τὰ
1312 1170 1444 1235 παρὰ
1479 1171 1564 1218 τοῦ
1596 1166 1834 1218 Ἱστιαίου

173 1251 435 1319 ἀπιγμένα.
522 1254 569 1303 οἱ
614 1254 705 1317 μὲν
749 1252 806 1315 δὴ
852 1252 1000 1304 ἄλλοι
1044 1251 1226 1306 πάντες
1269 1252 1468 1319 γνώμην
1514 1252 1649 1303 κατὰ
1677 1249 1833 1302 τώυτὸ

174 1334 488 1402 ἐξεφέροντο,
518 1336 799 1389 κελεύοντες
821 1337 1147 1395 ἀπίστασθαι,
1167 1335 1428 1389 Ἑκαταῖος
1450 1335 1492 1387 δ’
1517 1336 1543 1385 ὁ
1563 1333 1833 1402 λογοποιὸς

173 1424 343 1486 πρῶτα
360 1422 452 1484 μὲν
471 1419 558 1470 οὐκ
577 1419 634 1470 ἔα
651 1421 874 1485 πόλεμον
892 1418 1103 1485 βασιλέϊ
1121 1425 1218 1472 τῶν
1239 1418 1478 1484 Περσέων
1497 1417 1830 1485 ἀναιρέεσθαι,
1862 1444 1908 1485 15

174 1502 463 1570 καταλέγων
497 1502 560 1554 τά
594 1525 649 1555 τε
687 1503 832 1556 ἔθνεα
860 1496 1032 1556 ’πάντα
1071 1509 1170 1556 τῶν
1209 1502 1331 1571 ἦρχε
1375 1507 1584 1569 Δαρεῖος
1623 1502 1701 1554 καὶ
1741 1501 1833 1566 τὴν

171 1587 378 1652 δύναμιν
413 1588 572 1639 αὐτοῦ·
620 1589 784 1640 ἐπείτε
823 1590 876 1639 δὲ
916 1587 1004 1638 οὐκ
1043 1586 1223 1646 ἔπειθε,
1257 1587 1458 1653 δεύτερα
1497 1586 1833 1651 συνεβούλευε

172 1670 358 1723 ποιέειν
381 1671 505 1724 ὅκως
537 1670 827 1737 ναυκρατέες
850 1674 936 1735 τῆς
966 1670 1228 1735 θαλάσσης
1258 1671 1473 1723 ἔσονται.
1545 1669 1713 1723 ἄλλως
1740 1669 1833 1736 μέν

172 1775 259 1807 νυν
288 1753 509 1819 οὐδαμῶς
539 1754 638 1822 ἔφη
667 1754 832 1821 λέγων
866 1758 1041 1821 ἐνορᾶν
1072 1756 1312 1820 ἐσόμενον
1341 1759 1483 1807 τοῦτο
1510 1752 1833 1819 (ἐπίστασθαι

171 1840 267 1905 γὰρ
301 1837 390 1902 τὴν
427 1838 631 1903 δύναμιν
667 1838 757 1903 τὴν
794 1840 1064 1902 Μιλησίων
1103 1840 1286 1890 ἐοῦσαν
1322 1835 1570 1898 ἀσθενέα),
1605 1840 1647 1890 εἰ
1684 1841 1738 1891 δὲ
1771 1839 1834 1889 τὰ
1860 1864 1911 1890 20

172 1920 401 2022 χρήματα
446 1923 750 1988 καταιρεθείη
793 1925 855 1973 τὰ
900 1924 955 1973 ἐκ
998 1927 1083 1973 τοῦ
1128 1924 1232 1988 ἱροῦ
1274 1927 1360 1974 τοῦ
1404 1924 1458 1974 ἐν
1504 1924 1831 1994 Βραγχίδῃσι,

173 2007 235 2056 τὰ
263 2009 481 2072 Κροῖσος
511 2006 538 2055 ὁ
568 2006 725 2059 Λυδὸς
763 2005 985 2070 ἇνεθηκε,
1019 2008 1212 2060 πολλὰς
1249 2006 1353 2074 εἶχε
1391 2007 1595 2060 ἐλπίδας
1631 2007 1830 2073 ἐπικρα-

172 2087 347 2152 τήσειν
390 2093 477 2154 τῆς
521 2089 800 2153 θαλάσσης,
849 2090 926 2140 καὶ
972 2090 1124 2143 οὕτως
1169 2090 1344 2143 αὐτούς
1386 2099 1441 2142 τε
1484 2089 1611 2155 ἕξειν
1657 2085 1832 2155 <τοῖσι>

174 2171 397 2240 χρήμασι
426 2176 644 2240 χρᾶσθαι
677 2172 754 2224 καὶ
783 2173 896 2227 τοὺς
920 2175 1188 2238 πολεμίους
1217 2173 1274 2224 οὗ
1303 2173 1546 2244 συλησειν
1569 2171 1708 2226 αὐτά.
1773 2194 1835 2226 τα

175 2258 226 2307 δὲ
250 2254 478 2324 χρήματα
500 2255 560 2320 ἣν
583 2260 736 2307 ταῦτα
756 2255 969 2323 μεγάλα,
997 2257 1061 2311 ὡς
1084 2257 1360 2322 δεδήλωταί
1384 2278 1468 2322 μοι
1490 2259 1545 2309 ἐν
1567 2262 1634 2327 τῷ
1659 2257 1834 2326 πρώτῳ
1859 2281 1878 2309 2
1887 2281 1908 2321 5

174 2344 272 2391 τῶν
311 2340 493 2406 λόγων.
581 2340 702 2404 αὕτη
746 2343 836 2403 μὲν
876 2339 933 2403 δὴ
977 2340 1061 2391 οὐκ
1102 2342 1239 2410 ἐνίκα
1277 2341 1306 2405 ἡ
1348 2341 1534 2407 γνώμη,
1578 2310 1743 2392 ἐδόκεε
1781 2343 1835 2392 δὲ

174 2423 305 2487 ὅμως
345 2424 669 2482 ἀπίστασθαι,
707 2423 794 2474 ἕνα
832 2444 887 2475 τε
927 2423 1085 2475 αὐτῶν
1120 2425 1395 2476 πλώσαντα
1431 2427 1480 2477 ἐς
1515 2426 1748 2476 Μυοῦντα
1785 2425 1836 2477 ἐς

175 2505 232 2557 τὸ
273 2507 608 2573 στρατόπεδον
648 2510 702 2557 τὸ
744 2506 841 2558 ἀπὸ
880 2510 967 2571 τῆς
1002 2506 1172 2571 Νάξου
1212 2508 1447 2566 ἀπελθόν,
1485 2507 1567 2559 ἐὸν
1607 2509 1831 2568 ἐνθαῦτα,

178 2588 559 2654 συλλαμβάνειν
602 2593 868 2656 πειρᾶσθαι
909 2589 1023 2644 τοὺς
1071 2590 1151 2642 ἐπὶ
1197 2596 1293 2642 τῶν
1337 2595 1460 2643 νεῶν
1509 2589 1836 2645 ἐπιπλέοντας

177 2672 500 2739 στρατηγούς.
563 2673 976 2741 ἀποπεμφθέντος
999 2676 1051 2726 δὲ
1074 2674 1397 2742 Ἰητραγόρεω
1430 2674 1531 2726 κατ’
1555 2674 1672 2727 αὐτὸ
1694 2679 1836 2726 τοῦτο
1858 2699 1909 2739 30

234 2819 252 2847 1
286 2808 406 2849 ἐπεὰν
431 2808 490 2848 P:
523 2811 622 2858 ἐπην
642 2808 733 2848 rell.
937 2822 962 2859 4
994 2810 1159 2859 ἐποίησε
1181 2808 1330 2849 B¹SV
1531 2822 1579 2861 13
1608 2814 1731 2853 τοῦτο
1750 2810 1804 2851 Α1
1825 2827 1835 2852 t

177 2863 302 2903 ταυτὸ
322 2862 355 2901 C
525 2876 572 2914 14
602 2862 637 2905 δ’
662 2876 744 2903 orn.
768 2863 802 2903 C
973 2876 1021 2914 15
1051 2868 1110 2918 τῷ
1131 2864 1302 2904 Bekker
1472 2878 1527 2904 20
1555 2867 1630 2915 τὴν
1651 2872 1746 2908 Μιλ.
1768 2866 1835 2907 V:

176 2920 259 2957 τῶν
297 2923 392 2958 Μιλ.
438 2915 525 2957 rell.
733 2930 785 2968 23
829 2920 937 2960 τοῖσι
975 2919 1070 2959 add.
1115 2918 1236 2959 Stein
1438 2930 1495 2970 30
1534 2920 1834 2974 ἀποπεφθεΉος

179 2969 267 3009 ΑΒ

2018 2230 2034 2420 ³
