2132 3340
0 50 222 114 7111.114

0 237 152 295 rond.

139 952 219 1002 115

887 49 1316 98 HPOAOTOT

262 178 420 245 φόνου
451 178 530 229 καὶ
559 176 655 248 TQL
652 177 910 250 διδόμενον
939 176 999 242 ἐξ
1024 178 1214 232 ἐκείνου
1248 176 1495 232 δέκεσθαι.
1582 178 1838 245 πέμπουσι
1866 180 1926 246 δὴ

263 260 446 329 κήρυκα
467 261 557 326 τὴν
580 262 825 330 ταχίστην
851 265 1170 327 Σπαρτιῆται,
1198 260 1251 316 ὃς
1276 261 1443 327 ἐπειδὴ
1470 262 1720 329 κατέλαβε
1743 265 1927 317 ἐοῦσαν

261 345 335 398 ἔτι
369 350 538 398 πᾶσαν
573 346 662 411 τὴν
700 344 938 413 στρατιὴν
975 347 1029 398 ἐν
1066 347 1354 419 Θεσσαλίῃ,
1394 347 1554 399 ἐλθὼν
1590 348 1641 401 ἐς
1677 349 1801 415 ὄψιν
1836 348 1927 414 τὴν

262 429 461 498 Ξέρξεω
500 430 645 497 ἔλεγε
679 429 812 483 τάδε·
851 429 924 481 ’ῗΩ
961 435 1182 496 βασιλεῦ
1217 430 1423 496 Μήδων,
1457 433 1845 497 Λακεδαιμόνιοί
1871 432 1928 486 τέ

261 537 322 567 σε
363 515 441 566 καὶ
470 514 796 581 “Ηρακλεῖδαι
832 517 878 566 οἱ
915 514 1013 568 ἀπὸ
1050 514 1280 582 Σπάρτης
1317 515 1539 568 αἰτέουσι
1574 516 1734 584 φόνου
1769 518 1922 579 δίκας,

258 600 336 651 ὅτι
373 598 550 666 σφέων
579 598 666 651 τὸν
702 598 928 665 βασιλέα
964 599 1255 654 ἀπέκτεινας
1289 601 1529 667 ῥυόμενον
1562 600 1652 666 τὴν
1681 600 1924 654 Ἑλλάδα.

258 685 284 734 ὁ
309 686 362 736 δὲ
380 683 604 751 γελάσας
625 705 680 737 τε
705 684 782 736 καὶ
808 685 1073 752 κατασχὼν
1093 683 1286 737 πολλὸν
1309 685 1507 752 χρόνον,
1530 686 1596 739 ὥς
1613 686 1659 737 οἱ
1682 686 1926 754 ἐτύγχανε

257 769 543 835 παρεστεὼς
579 769 880 835 Μαρδόνιος,
915 769 1105 823 δεικνὺς
1140 770 1191 823 ἐς
1229 773 1404 821 τοῦτον
1440 769 1563 822 εἶπε·
1608 769 1798 837 Τοιγάρ
1828 776 1926 837 σφι

259 853 540 919 Μαρδόνιος
575 854 658 905 ὅδε
694 854 832 906 δίκας
868 853 1022 905 δώσει
1056 853 1284 907 τοιαύτας
1321 854 1427 908 οἵας
1461 854 1696 906 ἐκείνοισι
1729 853 1922 921 πρέπει.

257 938 283 987 ὁ
332 940 425 1002 μὲν
473 936 530 1002 δὴ
579 934 845 1003 δεξάμενος
894 937 951 989 τὸ
1001 938 1151 1005 ῥηθὲν
1194 937 1575 999 ἀπαλλάσσετο,
1625 937 1818 1005 Ξέρξης
1869 941 1923 991 δὲ

230 1023 544 1089 ’Μαρδόνιον
585 1024 639 1075 ἐν
677 1024 949 1094 Θεσσαλίῃ
992 1023 1277 1075 καταλιπὼν
1313 1021 1458 1076 αὐτὸς
1499 1023 1759 1089 ἐπορεύετο
1800 1025 1923 1075 κατὰ

0 1579 234 1647 Μῶοϋ

255 1105 409 1175 τάχος
439 1109 490 1159 ἐς
519 1106 605 1159 τὸν
626 1105 1012 1171 Ἑλλήσποντον
1044 1108 1124 1159 καὶ
1153 1106 1436 1159 ἀπικνέεται
1464 1109 1515 1160 ἐς
1544 1106 1630 1159 τὸν
1652 1107 1808 1174 πόρον
1837 1110 1923 1172 τῆς

256 1190 524 1256 διαβάσιος
574 1192 630 1243 ἐν
681 1190 829 1243 πέντε
882 1192 961 1243 καὶ
1012 1191 1385 1258 τεσσεράκοντα
1433 1190 1663 1263 ἡμέρῃσι,
1713 1190 1921 1258 ἀπάγων

255 1277 342 1339 τῆς
374 1278 608 1342 στρατιῆς
644 1275 785 1327 οὐδὲν
814 1275 962 1343 μέρος
999 1275 1064 1329 ὡς
1104 1277 1277 1328 εἰπεῖν.
1364 1278 1480 1327 ὅκου
1516 1278 1567 1327 δὲ
1600 1276 1921 1342 πορευόμενοι

255 1361 478 1426 γινοίατο
518 1361 596 1412 καὶ
637 1359 740 1411 κατ’
777 1361 1009 1413 οὕστινας
1051 1360 1353 1426 ἀνθρώπους,
1391 1363 1478 1411 τὸν
1511 1359 1696 1411 τούτων
1735 1359 1920 1426 καρπὸν

256 1442 555 1511 ἁρπάζοντες
580 1442 850 1496 ἐσιτέοντο·
898 1446 940 1496 εἰ
964 1446 1017 1496 δὲ
1042 1443 1227 1511 καρπὸν
1248 1442 1436 1509 μηδένα
1459 1444 1660 1510 εὕροιεν,
1686 1446 1733 1495 οἱ
1756 1446 1808 1496 δὲ
1831 1443 1921 1508 τὴν

256 1529 404 1592 ποίην
439 1527 529 1593 τὴν
570 1530 625 1580 ἐκ
664 1531 752 1593 τῆς
787 1531 879 1595 γῆς
919 1526 1270 1595 ἀναφυομένην
1308 1528 1386 1580 καὶ
1421 1533 1520 1580 τῶν
1559 1526 1798 1595 δενδρέων
1833 1527 1920 1580 τὸν

257 1611 439 1679 φλοιὸν
462 1612 815 1685 περιλέτοντες
839 1613 918 1664 καὶ
940 1615 1002 1664 τά
1025 1612 1200 1679 φύλλα
1224 1611 1610 1680 καταδρέποντες
1633 1611 1917 1678 κατήσθιον,

257 1698 435 1762 ὁμοίως
470 1703 567 1749 τῶν
603 1719 658 1749 τε
692 1696 888 1765 ἡμέρων
925 1697 1004 1748 καὶ
1040 1702 1139 1748 τῶν
1171 1697 1378 1764 ἀγρίων,
1414 1696 1505 1754 καὶ,
1528 1696 1729 1749 ἔλειπον
1758 1695 1917 1748 οὐδέν·

256 1786 408 1832 ταῦτα
446 1781 488 1833 δ’
524 1782 720 1834 ἐποίεον
759 1780 854 1833 ὑπὸ
893 1786 1055 1847 λιμοῦ.
1145 1782 1403 1846 ἐπιλαβὼν
1443 1782 1496 1832 δὲ
1534 1781 1709 1846 λοιμός
1746 1802 1800 1832 τε
1833 1780 1919 1833 τὸν

257 1865 473 1932 στρατὸν
520 1866 599 1917 καὶ
642 1867 926 1932 δυσεντερίη
975 1865 1077 1917 κατ’
1123 1864 1236 1917 ὁδὸν
1281 1866 1495 1932 ἔφθειρε.
1582 1865 1696 1918 τοὺς
1743 1867 1796 1917 δὲ
1840 1866 1919 1917 καὶ

256 1949 525 2004 νοσέοντας
573 1950 733 2002 αὐτῶν
779 1949 1055 2010 κατέλειπε,
1104 1948 1394 2001 ἐπιτάσσων
1437 1956 1553 2022 τῇσι
1598 1950 1791 2009 πόλισι,
1838 1950 1920 2001 ἵνα

256 2033 498 2087 ἑκάστοτε
537 2034 725 2101 γίνοιτο
766 2035 1004 2093 ἐλαύνων,
1042 2035 1352 2099 μελεδαίνειν
1390 2055 1444 2085 τε
1485 2033 1564 2085 καὶ
1603 2032 1820 2101 τρέφειν,
1864 2035 1918 2085 ἐν

258 2120 528 2191 Θεσσαλίῃ
558 2118 612 2171 τέ
641 2140 779 2172 τινας
817 2119 896 2169 καὶ
932 2120 985 2170 ἐν
1017 2120 1125 2185 Σίρι
1155 2121 1242 2183 τῆς
1274 2118 1513 2183 Παιονίης
1545 2118 1623 2170 καὶ
1659 2119 1714 2169 ἐν
1746 2121 1914 2169 Μακε-

256 2204 410 2274 δονίῃ.
477 2203 594 2255 ἔνθα
626 2204 704 2255 καὶ
735 2202 791 2253 τὸ
824 2202 928 2270 ἱρὸν
958 2202 1089 2269 ἅρμα
1120 2203 1403 2254 καταλιπὼν
1432 2207 1517 2254 τοῦ
1550 2202 1687 2261 Διός,
1721 2203 1804 2254 ὅτε
1835 2202 1916 2254 ἐπὶ

288 2286 303 2303 N
379 2285 391 2304 ‘
527 2286 538 2305 Ῑ
656 2286 675 2306 Υ
893 2289 906 2305 Ἰ
984 2287 998 2303 Χ
1117 2286 1129 2304 ’
1215 2287 1228 2305 5
1289 2286 1300 2305 Ι
1500 2287 1514 2305 5
1596 2288 1613 2303 Ν
1709 2286 1720 2302 Ι
1899 2288 1912 2306 C

255 2308 345 2350 την
397 2290 605 2338 Ελλαδα
644 2294 844 2351 ηλαυνε,
883 2307 1041 2338 απιων
1078 2307 1164 2337 ουκ
1204 2292 1452 2352 απελαβε,
1491 2292 1623 2337 αλλα
1662 2289 1831 2339 δοντες
1868 2308 1915 2338 οι

258 2372 472 2424 Παίονες
494 2376 627 2422 τοῖσι
645 2370 828 2438 Θρήιξι
851 2369 1173 2424 ἀπαιτέοντος
1198 2369 1398 2437 Ξέρξεω
1423 2370 1622 2437 ἔφασαν
1644 2368 1915 2435 νεμομένας

256 2456 571 2522 ἁρπασθῆναι
602 2455 696 2506 ὑπὸ
725 2460 822 2507 τῶν
853 2454 953 2506 ἄνω
986 2456 1219 2522 Θρηίκων
1249 2459 1347 2506 τῶν
1378 2455 1489 2520 περὶ
1519 2455 1606 2507 τὰς
1637 2455 1797 2520 πηγὰς
1827 2459 1914 2505 τοῦ

309 2604 334 2642 5
365 2591 556 2634 αἶτέουσα
578 2591 682 2632 RV¹
824 2606 846 2642 7
878 2594 915 2633 οἱ
933 2605 1014 2633 om.
1039 2592 1123 2631 SV
1234 2591 1358 2641 ἔτυχε
1381 2590 1419 2628 R
1435 2590 1517 2630 SV
1653 2591 1679 2629 8
1708 2590 1912 2644 τοιγάρτοι

256 2647 336 2685 SV
497 2660 545 2697 13
578 2650 620 2688 ἐν
641 2660 722 2688 om.
749 2646 885 2686 RSV
994 2662 1161 2700 τεσσαρ.
1188 2646 1327 2685 CRV
1486 2656 1532 2693 15
1563 2646 1648 2686 καὶ.
1666 2646 1911 2699 ,ἀνθρώπους

254 2701 337 2741 del.
362 2702 561 2751 Krueger
670 2719 743 2756 καρ
768 2701 1062 2754 ἀναρπάζοντες
1085 2701 1123 2739 R
1143 2715 1152 2740 τ
1182 2701 1331 2753 καρπὸν
1354 2701 1493 2754 ἀναρπ.
1518 2699 1599 2738 SV
1749 2701 1798 2738 16
1828 2702 1909 2740 ἐσι-

253 2756 422 2797 τεύοντο
443 2757 476 2795 C
675 2770 722 2806 17
754 2756 925 2809 δένδρων
947 2756 1083 2795 RSV
1220 2759 1302 2795 τῶν
1333 2754 1372 2792 R
1569 2755 1616 2792 18
1645 2754 1716 2805 τὰ]
1744 2756 1848 2795 κατὰ
1870 2754 1909 2792 R

257 2822 307 2859 19
337 2811 476 2852 ἔλιπον
497 2811 585 2849 ΑΒ
603 2812 636 2850 C
801 2824 849 2850 21
883 2811 1077 2863 διέφθειρε
1105 2810 1135 2849 S
1301 2822 1354 2847 22
1384 2807 1537 2850 αὐτέων
1559 2809 1692 2848 RSV
1792 2807 1910 2849 κατέ-

254 2861 396 2905 λεῒπον
421 2865 471 2904 Cl
615 2879 669 2916 23
698 2865 886 2907 ἑκάστοθι
908 2866 947 2905 R
963 2865 1046 2905 SV
1155 2882 1202 2905 τε
1223 2877 1304 2904 om.
1326 2863 1410 2902 AB
1425 2864 1459 2902 C
1605 2875 1656 2912 27
1687 2862 1857 2916 Ξέρξεω.
1873 2893 1882 2902 .
1897 2892 1907 2902 .

248 2920 433 3015 Θρηίὸκων
461 2933 551 3014 011}i
573 2921 654 2961 SV
845 2921 899 2960 28
929 2919 1181 2974 ἇρπαχθῆναι
1210 2919 1242 2958 L
1368 2918 1549 2972 Θρηίκων
1573 2921 1655 2959 τῶν
1681 2917 1715 2956 C
1740 2928 1910 2967 quoque

252 2988 338 3027 mry
366 2989 384 3016 ς
405 2985 486 3014 om.

1948 534 1972 575 5

1950 957 1999 986 10

1948 1377 1996 1418 ¹5

1945 1800 1996 1829 20

1943 2219 1990 2262 25
