2132 3340
86 63 176 115 IX.
205 77 269 128 27

192 1300 257 1346 28

924 61 972 108 H
990 60 1352 110 ΡΟΔΟΤΟὙ

308 190 408 242 εἶεν
441 191 771 257 φλαυρότεροι
805 190 884 241 καὶ
918 191 1028 243 τότε
1060 191 1227 246 ἐόντες
1258 196 1475 259 φλαῦροι
1503 196 1589 244 νῦν
1619 193 1681 245 ἂν
1713 193 1969 259 εἶενῑὶμεί-

306 295 483 328 νονες..
549 279 776 327 παλαιῶν
820 274 913 348 μέν
961 296 1048 327 νυν
1092 275 1250 342 ἔργων
1298 274 1411 330 ἅλις
1458 275 1605 328 ἔστω·
1666 277 1783 342 ἡμῖν
1830 279 1883 331 δὲ
1929 280 1972 331 εἰ

304 362 456 423 μηδὲν
487 358 619 411 ἄλλο
651 359 761 411 ἐστὶ
798 358 1211 427 ἀποδεδεγμένον,
1243 359 1414 428 ὥσπερ
1451 360 1563 412 ἐστὶ
1599 360 1766 413 πολλά
1799 383 1855 415 τε
1891 363 1973 416 καὶ

305 443 357 495 εὖ
394 443 578 511 ἔχοντα
618 444 661 496 εἶ
703 442 867 495 τέοισι
909 444 986 496 καὶ
1029 443 1237 496 ἄλλοισι
1265 442 1546 509 Ἑλλήνων,
1580 434 1713 497 ἀλλὰ
1754 446 1833 498 καὶ
1872 445 1972 499 ἀπὸ

303 532 388 579 τοῦ
430 529 483 580 ἐν
524 531 800 594 Μαραθῶνι
841 527 988 595 ἔργου
1029 527 1165 593 ἄξιοί
1197 530 1333 594 εἶμεν
1372 533 1514 580 τοῦτο
1549 528 1605 580 τὸ
1645 528 1794 598 γέρας
1833 529 1970 598 ἔχειν
1995 555 2017 596 5

304 611 383 662 καὶ
421 610 557 663 ἄλλα
596 611 717 679 πρὸς
757 613 930 683 τούτῳ,
965 614 1147 667 οἵτινες
1186 618 1358 678 μοῦνοι
1387 612 1651 678 Ἑλλήνων
1691 613 1749 679 δὴ
1790 636 1966 680 μουνο-

301 694 622 764 μαχήσαντες
661 702 729 767 τῷ
775 696 952 769 Πέρσῃ
999 697 1078 748 καὶ
1120 697 1246 767 ἔργῳ
1292 697 1515 767 τοσούτῳ
1562 696 1970 766 ἐπιχειρήσαντες

301 782 687 848 περιεγενόμεθα
711 781 790 833 καὶ
816 779 1116 847 ἐνικήσαμεν
1146 781 1292 834 ἔθνεα
1317 780 1375 847 ἔξ
1395 803 1447 834 τε
1470 783 1548 835 καὶ
1578 781 1966 850 τεσσεράκοντα.

300 864 375 931 ἆρ’
416 866 473 918 οὗ
513 867 696 917 δίκαιοί
735 867 871 931 εἶμεν
916 865 1053 934 ἔχειν
1097 866 1281 931 ταύτην
1325 865 1415 931 τὴν
1462 865 1604 931 τάξιν
1651 866 1750 919 ἀπὸ
1796 867 1969 920 τούτου

298 949 481 1014 μούνου
511 954 596 1001 τοῦ
625 950 795 1017 ἔργου,·
843 949 957 1002 ἀλλ’
989 950 1046 1001 οὐ
1082 953 1177 1017 γὰρ
1209 952 1261 1002 ἐν
1291 955 1358 1020 τῷ
1395 954 1568 1021 τοιῷδε
1602 949 1769 1015 τάξιος
1804 953 1968 1005 εἵνεκα
1995 976 2043 1005 10

301 1033 592 1098 στασιάζειν
625 1033 828 1101 -πρέπει,
869 1033 1031 1101 ἄρτιοί
1074 1036 1209 1100 εἶμεν
1257 1036 1518 1087 πείθεσθαι
1560 1036 1690 1101 ὑμῖν,
1728 1033 1766 1087 ὦ
1805 1038 1963 1088 Λακε-

299 1119 557 1184 δαιμόνιοι,
590 1120 672 1170 ἵνα
702 1117 861 1171 δοκέει
893 1119 1276 1183 ἐπιτηδεότατον
1305 1118 1459 1184 ἡμέας
1491 1119 1615 1171 εἶναι
1647 1119 1855 1171 ἑστάναι
1886 1120 1966 1172 καὶ

300 1202 404 1254 κατ’
449 1203 700 1256 οὕστινας·
760 1201 922 1274 πάντῃ
975 1205 1069 1270 γὰρ
1115 1202 1408 1270 τεταγμένοι
1454 1204 1795 1270 πειρησόμεθα
1839 1204 1965 1256 εἶναι

296 1288 529 1355 χρηστοί.
621 1286 889 1354 ἐξηγέεσθε
935 1290 989 1339 δὲ
1036 1287 1100 1341 ὡς
1155 1286 1481 1352 πεισομένων.
1575 1290 1622 1340 οἱ
1671 1290 1763 1353 μὲν
1813 1292 1964 1340 ταῦτα

296 1372 582 1437 ἀμείβοντο,
616 1372 1019 1437 Λακεδαιμονίων
1043 1374 1096 1424 δὲ
1122 1370 1355 1437 ἀνέβωσε
1378 1370 1511 1424 ἅπαν
1536 1370 1592 1423 τὸ
1623 1372 1963 1439 στρατόπεδον
1991 1397 2036 1438 15

296 1454 587 1521 Ἀθηναίους
646 1454 1039 1522 ἀξιονικοτέρους
1101 1457 1226 1508 εἶναι
1285 1456 1421 1524 ἔχειν
1479 1454 1535 1507 τὸ
1596 1455 1738 1523 κέρας
1787 1455 1820 1522 ἥ
1870 1479 1961 1523 περ

293 1539 550 1608 Ἀρκάδας.
642 1542 768 1593 οὕτω
807 1539 866 1605 δὴ
903 1539 1061 1610 ἔσχον
1098 1543 1145 1594 οἱ
1176 1540 1431 1606 Ἀθηναῖοι
1467 1541 1546 1593 καὶ
1585 1540 1960 1609 ὑπερεβάλοντο

292 1624 406 1679 τοὺς
435 1624 703 1692 Τεγεήτας.

377 1712 522 1762 Μετὰ
551 1712 603 1762 δὲ
634 1715 785 1762 ταῦτα
816 1708 1098 1763 ἐτάσσοντο
1127 1711 1223 1762 ὧδε
1255 1712 1301 1762 οἱ
1333 1708 1688 1777 ἐπιφοιτῶντές
1718 1732 1772 1764 τε
1803 1710 1882 1762 καὶ
1912 1711 1959 1762 οἱ

292 1794 453 1862 ἀρχὴν
505 1795 736 1848 ἐλθόντες
787 1793 1073 1860 Ἑλλήνων.
1160 1794 1217 1846 τὸ
1265 1797 1357 1860 μὲν
1409 1794 1572 1860 δεξιὸν
1624 1794 1767 1862 κέρας
1818 1794 1958 1863 εἶχον
1983 1818 2033 1847 20

292 1879 695 1944 Λακεδαιμονίων
739 1879 919 1945 μύριοι·
1009 1879 1196 1931 τούτων
1248 1882 1301 1932 δὲ
1352 1879 1465 1933 τοὺς
1515 1880 1957 1947 πεντακισχιλίους

290 1963 464 2016 ἐόντας
483 1961 794 2031 Σπαρτιήτας
813 1963 1115 2035 ἐφύλασσον
1134 1963 1284 2031 ψιλοὶ
1307 1969 1404 2015 τῶν
1424 1962 1668 2016 εἱλωτέων
1689 1984 1952 2016 πεντακισ-

290 2048 448 2115 χίλιοι
499 2048 579 2099 καὶ
630 2047 924 2115 τρισμύριοι,
982 2047 1092 2114 περὶ
1153 2047 1307 2115 ἄνδρα
1359 2048 1572 2099 ἕκαστον
1631 2049 1757 2100 ἑπτὰ
1808 2067 1949 2099 τετα-

291 2130 480 2196 γμένοι.
551 2130 832 2200 προσεχέας
863 2134 916 2184 δὲ
949 2134 1104 2199 σφίσι
1138 2132 1331 2184 εἵλοντο
1354 2130 1557 2183 ἑστάναι
1582 2134 1627 2183 οἱ
1653 2133 1953 2198 Σπαρτιῆται

288 2215 400 2269 τοὺς
430 2214 683 2283 Τεγεήτας
715 2217 793 2268 καὶ
823 2219 964 2281 τιμῆς
990 2217 1153 2268 εἵνεκα
1185 2216 1265 2267 καὶ
1295 2216 1487 2283 ἀρετῆς·
1533 2216 1720 2268 τούτων
1749 2215 1792 2267 δ’
1823 2214 1952 2280 ἦσαν
1978 2239 2024 2280 25

288 2299 490 2352 ὁπλῖται
519 2299 680 2368 χίλιοι
718 2301 796 2352 καὶ
835 2302 1172 2353 πεντακόσιοι.
1258 2302 1382 2366 μετὰ
1421 2302 1475 2352 δὲ
1510 2300 1711 2354 τούτους
1745 2301 1951 2352 ἵσταντο

290 2385 566 2451 Κορινθίων
611 2385 1028 2453 πεντακισχίλιοι,
1082 2386 1215 2451 παρὰ
1266 2387 1319 2437 δὲ
1370 2384 1523 2449 σφίσι
1575 2385 1773 2452 εὕροντο
1819 2385 1951 2449 παρὰ

290 2469 588 2521 Παυσανίεω
626 2467 832 2521 ἑστάναι
870 2467 1263 2533 Ποτειδαιητέων
1300 2473 1397 2520 τῶν
1436 2470 1489 2520 ἐκ
1527 2466 1801 2533 Παλλήνης
1837 2467 1950 2522 τοὺς

288 2552 561 2619 παρεόντας
601 2554 927 2620 τριηκοσίους.
1016 2553 1202 2604 τούτων
1233 2554 1286 2604 δὲ
1323 2553 1555 2620 ἐχόμενοι
1590 2553 1794 2604 ἵσταντο
1833 2550 1947 2617 Ἀρ-

289 2635 429 2690 κάδες
470 2635 789 2705 Ὀρχομένιοι
826 2635 1095 2701 ἑξακόσιοι,
1132 2636 1318 2688 τούτων
1355 2638 1407 2688 δὲ
1438 2637 1718 2688 Σικυωνίων
1752 2635 1946 2702 τρισχί-
1972 2659 2024 2698 30

346 2786 363 2811 Ι
396 2773 672 2827 φλαυρότερον
695 2773 734 2811 R
945 2774 972 2812 8
1000 2789 1168 2827 τεσσαρ.
1195 2773 1229 2812 C
1250 2773 1286 2813 R
1302 2773 1340 2811 V
1543 2785 1593 2812 10
1620 2772 1743 2822 μόνου
1765 2772 1798 2810 Β
1813 2772 1851 2810 R
1868 2771 1949 2811 SV

291 2841 335 2866 11
370 2829 497 2881 ἄρτιοί
516 2846 589 2879 μεν
615 2828 669 2866 Βι
691 2842 699 2867 :
730 2829 818 2881 ἄρτι
847 2830 995 2879 εἴσιμεν
1024 2827 1139 2866 RV:
1172 2829 1261 2880 ἄρτι
1287 2832 1412 2878 ἴοιμεν
1438 2827 1468 2866 S
1666 2840 1714 2876 13
1743 2826 1884 2867 πάντοι
1908 2826 1946 2865 R

291 2896 341 2934 19
368 2887 498 2924 ταῦτα
518 2896 600 2922 om.
627 2882 674 2921 Ρι
860 2896 911 2921 22
942 2884 1119 2924 ειλώτων
1138 2882 1225 2921 ΑΒ
1240 2883 1274 2921 C
1290 2882 1323 2920 P
1501 2896 1553 2930 24
1584 2882 1721 2934 σφι(ν)
1745 2881 1778 2919 L
1799 2893 1948 2920 omnes

287 2949 338 2986 27
370 2946 468 2989 σφιν
489 2937 528 2975 R
545 2937 574 2977 S
588 2938 626 2976 V
767 2939 820 2977 28
850 2941 988 2978 Ποτιδ.
1014 2937 1047 2975 L
1191 2949 1247 2986 30
1275 2937 1497 2980 Σικυωνίων
1518 2935 1559 2975 R
1573 2935 1680 2975 SV:
1709 2936 1833 2976 -ὤνιοι
1851 2934 1944 2975 rell.
