2164 3340
770 66 1146 116 ΙΣΤΟΡΙΩΝ
1220 70 1260 117 Ζ
1886 74 1970 126 VI.
1993 72 2072 127 ‘60

182 194 516 261 ἐπιτιθέμενοι
574 195 723 247 ἄλλοι
776 196 1372 264 σφέας-παρακληίουσι,
1427 196 1562 251 ἀλλὰ
1615 203 1735 253 κατὰ
1785 223 1846 254 τα
1863 207 2164 252 ‹ax-Qu

182 278 364 346 πάτρια
394 279 724 332 ἐπιτελέουσι.
814 286 965 332 ταῦτα
994 284 1084 346 μὲν
1116 281 1173 346 δη
1207 283 1330 334 οὕτω
1360 284 1566 349 γίνεται.
1811 259 2164 356 Mssm‘

265 364 395 415 Τότε
427 366 479 415 δὲ
509 368 596 415 τὸν
629 364 918 430 Κλεομένεα
942 366 1086 417 ἐόντα
1115 368 1168 418 ἐν
1198 368 1257 438 τῇ
1295 369 1474 439 Αἰγίνῃ
1513 369 1591 421 καὶ
1625 371 1763 420 κοινὰ
1787 371 1846 441 τῆ
1883 371 1943 419 61

181 445 393 499 Ἑλλάδι
429 449 592 515 ἀγαθὰ
634 450 1062 516 προεργαζόμενον
1099 452 1125 501 ὁ
1163 450 1459 518 Δημάρητος
1495 452 1719 518 διέβαλε,
1760 453 1844 504 οὐκ
1871 450 2164 514 ωῡωὲὖ

133 556 155 596 5
181 531 488 599 Αἰγινητέων
520 533 646 584 οὕτω
680 534 947 598 κηδόμενος
985 535 1048 588 ὡς
1085 535 1256 604 φθόνῳ
1295 535 1374 587 καὶ
1410 534 1506 607 ἄγῃ
1546 537 1842 605 χρεώμενος.
1859 535 2016 602 0103&-

181 615 465 682 Κλεομένης
485 619 537 669 δε
558 615 812 682 νοστήσας
835 618 918 671 ἀπ’
940 619 1144 686 Αἰγίνης
1167 619 1408 685 ἐβούλευε
1431 624 1517 672 τὸν
1544 620 1844 688 Δημάρητον

179 704 368 753 παῦσαι
413 704 502 766 τῆς
548 704 840 767 βασιληίης,
891 704 971 754 δια
1018 725 1221 770 πρηγμα
1266 703 1458 755 τοιόνδε
1505 706 1746 772 ἐπίβασιν
1793 707 2164 808 &mh

178 784 329 838 αὐτὸν
369 785 675 852 ποιεύμενος·
739 787 1009 854 Ἀρίστωνι
1052 788 1383 852 βασιλεύοντι
1428 789 1482 840 ἐν
1523 788 1721 861 Σπάρτη
1764 791 1843 842 καὶ

178 868 393 937 γήμαντι
436 891 673 938 γυναικας
719 871 804 922 δύο
851 875 1019 925 παῖδες
1063 872 1148 923 οὐκ
1194 873 1435 939 ἐγίνοντο.
1526 873 1605 924 καὶ
1648 874 1704 925 οὐ
1748 877 1844 941 γὰρ
1880 899 1905 931 2

106 976 154 1007 ιο
178 955 577 1022 συνεγινώσκετο
629 955 774 1010 αὐτὸς
821 956 1008 1008 τούτων
1057 955 1181 1009 εἶναι
1230 958 1402 1016 αἴτιος,
1452 957 1627 1024 γαμέει
1673 959 1843 1025 τρίτην

177 1043 404 1106 γυναῖκα·
466 1040 563 1092 ὧδε
603 1042 655 1092 δὲ
695 1039 884 1107 γαμέει.
973 1039 1034 1104 ἣν
1075 1043 1120 1093 οἱ
1162 1041 1312 1107 φίλος
1355 1045 1454 1093 τῶν
1493 1041 1841 1108 Σπαρτιητέων

178 1122 317 1192 ἀνήρ,
349 1128 416 1194 τῷ
447 1123 743 1191 προσέκειτο
765 1129 863 1176 τῶν
887 1125 1057 1177 ἀστῶν
1078 1124 1303 1190 μάλιστα
1326 1126 1352 1175 ὁ
1375 1124 1639 1193 Ἀρίστων.
1686 1127 1841 1196 τούτῳ

172 1199 243 1278 ’τῷ
289 1208 429 1275 ἀνδρὶ
474 1209 716 1276 ἐτύγχανε
762 1209 916 1260 ἐοῦσα
965 1208 1087 1276 γυνὴ
1138 1210 1384 1273 καλλίστη
1431 1215 1605 1280 μακρῷ·
1647 1215 1744 1263 τῶν
1788 1213 1842 1263 ἐν

176 1291 379 1365 Σπάρτῃ
411 1298 687 1360 γυναικῶν,
710 1294 789 1346 καὶ
819 1297 972 1344 ταῦτα
1001 1292 1171 1358 μέντοι
1192 1294 1453 1358 καλλίστη
1487 1291 1547 1357 ἐξ
1571 1291 1842 1362 αἰσχίστης

103 1398 150 1440 15
175 1376 435 1444 γενομένη.
525 1379 707 1428 ἐοῦσαν
755 1376 849 1444 γάρ
897 1398 981 1443 μιν
1026 1377 1082 1428 τὸ
1129 1376 1257 1431 εἶδος
1293 1377 1538 1444 ’φλαύρην
1581 1379 1610 1443 ἡ
1654 1379 1842 1446 τροφὸς
1880 1396 1905 1439 3
1932 1394 2126 1427 M-

174 1461 340 1526 αὐτῆς,
382 1454 468 1513 οῗα
515 1461 789 1528 ἀνθρώπων
836 1482 891 1514 τε
942 1462 1136 1527 ὀλβίων
1185 1460 1430 1529 θυγατέρα
1481 1462 1561 1513 καὶ
1613 1463 1841 1515 δυσειδέα

175 1547 376 1605 ἐοῦσαν,
410 1544 532 1612 πρὸς
563 1548 617 1597 δὲ
649 1545 727 1597 καὶ
763 1546 932 1612 ὁρῶσα
966 1546 1081 1600 τοὺς
1116 1544 1295 1613 γονέας
1331 1546 1595 1614 συμφορὴν
1625 1546 1681 1598 τὸ
1712 1547 1839 1601 ε’ἰδος

173 1628 322 1694 αὐτῆς
341 1629 677 1695 ποιευμένους,
689 1634 841 1681 ταῦτα
860 1629 1047 1682 ἕκαστα
1065 1634 1295 1696 μαθοῦσα
1314 1629 1636 1696 ἐπιφράζεται
1655 1631 1836 1684 τοιάδε·

174 1714 354 1781 ἐφόρεε
383 1713 536 1779 αὐτὴν
567 1715 661 1765 ἀνὰ
691 1717 862 1766 πᾶσαν
889 1714 1074 1781 ἡμέρην
1099 1717 1149 1769 ἐς
1178 1714 1234 1766 τὸ
1263 1717 1350 1779 τῆς
1371 1713 1584 1780 Ἑλένης
1615 1716 1736 1782 ἱρόν·
1782 1720 1838 1767 τὸ
1867 1757 1871 1761 ⁴

100 1820 149 1849 κο
172 1797 214 1849 δ’
250 1798 362 1851 ἐστὶ
407 1800 458 1850 ἐν
502 1799 561 1870 τῇ
609 1797 850 1870 Θεράπνῃ
897 1798 1188 1871 καλεομένῃ,
1235 1800 1415 1866 ὕπερθε
1458 1803 1545 1851 τοῦ
1589 1801 1837 1866 Φοιβηίου

175 1885 305 1949 ἱροῦ·
341 1883 467 1937 ὅκως
496 1885 550 1935 δὲ
582 1884 785 1935 ἐνείκειε
813 1883 844 1948 ἡ
875 1884 1078 1951 τροφός,
1105 1884 1227 1950 πρός
1256 1904 1310 1935 τε
1339 1883 1581 1950 τῶγαλμα
1609 1885 1726 1936 ἵστα
1756 1885 1835 1936 καὶ

172 1967 412 2020 ἐλίσσετο
442 1966 533 2032 τὴν
565 1966 679 2019 θεὸν
714 1965 1013 2031 ἀπαλλάξαι
1044 1971 1130 2032 τῆς
1171 1968 1483 2035 δυσμορφίης
1522 1967 1577 2019 τὸ
1617 1970 1827 2021 παιδίον.

173 2051 253 2104 καὶ
283 2050 341 2117 δή
380 2073 493 2104 κοτε
522 2051 738 2123 ἀπιούση
770 2053 825 2103 ἐκ
854 2055 941 2103 τοῦ
972 2054 1076 2118 ἱροῦ
1105 2052 1164 2124 τῇ
1195 2056 1363 2121 τροφῷ
1396 2057 1603 2155 γυναῖκα
1631 2052 1833 2119 λέγεται
1868 2071 1897 2113 4

166 2138 491 2218 ἐπιφανῆναι,
527 2138 859 2203 ἐπιφανεῖσαν
889 2138 943 2188 δὲ
975 2134 1261 2203 ἐπειρέσθαι
1290 2157 1374 2200 μιν
1398 2137 1438 2186 6
1447 2136 1501 2187 τι
1525 2135 1668 2204 φέρει
1691 2138 1745 2189 ἐν
1775 2138 1833 2207 τῇ

99 2241 145 2280 25
171 2215 383 2293 ἀγκάλῃ,
408 2221 486 2273 καὶ
506 2242 596 2285 την
617 2219 812 2288 φράσαι
831 2220 896 2274 ὡς
917 2220 1113 2272 παιδίον
1133 2218 1322 2288 φορέει·
1354 2239 1444 2284 την
1464 2222 1517 2272 δὲ
1537 2221 1774 2272 κελεῦσαί
1788 2223 1834 2273 οἱ
1882 2237 1884 2239 ’

171 2303 323 2371 δέξαι,
345 2326 436 2369 την
455 2307 510 2357 δὲ
533 2304 589 2356 οὐ
613 2303 786 2372 φάναι·
825 2306 1125 2372 ἀπειρησθαι
1147 2303 1241 2371 γάρ
1265 2306 1310 2356 οῖ
1335 2305 1389 2355 ἐκ
1411 2308 1510 2356 τῶν
1532 2303 1833 2370 γειναμένων

173 2389 342 2456 μηδενὶ
365 2389 711 2442 ἐπιδεικνύναι·
756 2388 846 2453 τὴν
870 2391 923 2441 δὲ
946 2388 1141 2443 πάντως
1165 2389 1319 2460 ἑωυτῇ
1352 2388 1572 2440 κελεύειν
1596 2387 1830 2453 ἐπιδέξαι.

163 2541 167 2543 ·
226 2541 251 2579 3
281 2529 329 2578 δὴ
354 2529 394 2567 R
409 2528 490 2569 SV
602 2532 645 2570 ἐν
667 2531 719 2583 τῇ
742 2528 780 2567 Α
795 2528 830 2566 Β
847 2528 880 2567 C
1018 2542 1042 2578 4
1072 2526 1415 2588 προεργαζόμενον
1436 2526 1554 2566 Eltz:
1582 2535 1782 2581 προσεργ.
1802 2528 1835 2566 L

170 2596 224 2624 an
246 2584 472 2632 διέβαλλεῖ
665 2595 690 2633 5
722 2583 831 2637 φόνω
859 2582 898 2621 R
914 2582 996 2622 SV
1092 2625 1097 2630 x
1126 2583 1206 2634 ἄγη
1209 2580 1289 2623 zP⁰
1312 2581 1429 2620 Suid·.
1454 2595 1486 2620 s.
1505 2595 1542 2621 v.
1562 2583 1694 2630 τᾶτηι
1715 2582 1833 2622 AB:

163 2641 272 2689 ἀὕτη
293 2640 327 2679 C
345 2654 354 2679 τ
386 2640 475 2692 ἄγει
497 2638 546 2678 Pl
561 2638 600 2676 R
617 2637 698 2677 SV
770 2634 773 2638 ¹
828 2653 830 2655 '
890 2638 921 2675 8
946 2654 991 2678 τε
1014 2640 1056 2678 ἐν
1077 2637 1146 2675 R.
1174 2636 1271 2677 τότε
1293 2639 1336 2677 ἐν
1357 2636 1387 2675 S
1401 2636 1438 2674 V
1585 2639 1624 2677 ἐς
1645 2636 1833 2690 Σπάρτην

159 2695 208 2739 ,A
225 2694 260 2733 B
275 2694 308 2732 C
323 2694 356 2734 P
465 2706 492 2744 9
521 2696 565 2734 οὐ
585 2706 664 2739 om.
693 2693 722 2732 S
739 2692 775 2731 V
903 2705 953 2743 10
980 2693 1057 2741 τὴν
1075 2689 1219 2745 τρίτην
1241 2691 1279 2728 Α·
1289 2688 1347 2729 B¹
1360 2691 1395 2729 C
1511 2702 1559 2728 12
1589 2691 1833 2743 προσεκέετο

159 2747 688 2796 ,PRV··e‘a‘roABCS
801 2792 804 2795 ,
841 2760 888 2798 17
912 2736 1293 2800 dpe'uvoaPRSV
1432 2758 1497 2795 19
1526 2744 1831 2796 ἡμέρανΑΒΟ

171 2817 218 2843 21
253 2805 356 2846 ὅπως
379 2804 416 2843 R
434 2803 516 2843 SV
643 2820 690 2844 τε
712 2802 746 2841 C
868 2764 1040 2843 ἐνέκειεν
1062 2801 1187 2840 RV
1210 2801 1317 2852 ἐνήκ.
1344 2799 1374 2838 S
1444 2820 1449 2852 3
1498 2816 1545 2840 τε
1567 2810 1648 2839 om.
1675 2799 1830 2850 S-(non

172 2859 212 2897 R
225 2857 283 2910 V)
395 2860 444 2900 τὸ
465 2857 631 2911 ἄγαλμα
647 2857 686 2896 R
702 2856 731 2896 S
745 2856 821 2896 V
907 2869 961 2895 22
990 2855 1061 2897 τὸν
1082 2857 1173 2896 θεὸν
1187 2855 1221 2903 C
1276 2858 1292 2876 '³‘
1345 2866 1398 2904 23
1429 2856 1531 2908 nepai)
1547 2853 1586 2892 A
1708 2867 1759 2903 24
1768 2859 1775 2871 ³
1790 2858 1832 2895 ἐν

172 2942 182 2952 .
204 2943 213 2952 .
235 2943 245 2953 .
265 2913 398 2967 φόρεει
419 2926 502 2954 om.
527 2914 556 2953 S
566 2913 609 2952 V
756 2923 808 2963 25
828 2901 949 2965 φέρει
970 2909 1057 2950 ΑΒ
1073 2911 1126 2949 C
1209 2910 1214 2914 ”
1255 2911 1307 2948 26
1337 2913 1458 2963 δειξαι
1481 2910 1514 2949 L
1666 2922 1715 2961 27
1749 2913 1831 2951 ἐπι-

172 2971 293 3022 δεῖξαι
318 2969 349 3007 L
