2124 3360
83 614 105 656 5

56 1033 106 1062 10

51 1865 100 1904 20

720 127 1096 176 ΙΣΤΟΡΙΩΝ
1156 130 1195 176 Ζ

130 255 310 319 ταύτης
339 253 623 319 Ἀθηναίου.
698 256 840 309 οὗτος
872 258 898 307 6
932 257 1212 323 Μιλτιάδης
1256 256 1527 323 κατήμενος
1569 261 1623 310 ἐν
1664 266 1794 312 τοῖσι

130 338 422 406 προθύροισι
462 343 593 391 τοῖσι
636 343 833 399 ἑωυτοῦ,
875 342 1000 407 ὁρῶν
1040 341 1152 396 τοὺς
1197 344 1488 410 Δολόγκους
1528 345 1796 410 παριόντας

131 424 320 487 ἐσθῆτα
351 423 559 491 ἔχοντας
589 425 675 476 οὐκ
709 426 958 492 ἐγχωρίην
991 426 1069 477 καὶ
1101 428 1283 494 αἰχμᾶς
1315 427 1685 493 προσεβώσατο
1717 430 1799 481 καί

131 513 229 575 σφι
274 511 615 575 προσελθοῦσι
656 510 992 576 ἐπηγγείλατο
1036 510 1329 577 καταγωγὴν
1372 511 1448 562 καὶ
1490 510 1663 577 ξείνια.
1748 516 1794 566 οἱ

130 594 183 644 δὲ
218 589 478 657 δεξάμενοι
513 593 592 644 καὶ
635 590 968 656 ξεινισθέντες
1009 594 1092 645 ὑπ’
1125 594 1272 646 αὐτοῦ
1310 594 1576 661 ἐξέφαινον
1612 600 1712 648 πᾶν
1750 599 1795 649 οἱ

129 674 186 727 τὸ
231 674 486 742 μαντήιον,
543 676 848 744 ἐκφήναντες
899 680 953 730 δὲ
1002 677 1198 731 ἐδέοντο
1249 678 1398 730 αὐτοῦ
1447 685 1514 749 τῷ
1569 683 1661 750 θεῷ
1711 702 1795 746 μιν

128 761 407 813 πείθεσθαι.
499 761 781 814 Μιλτιάδεα
839 764 893 814 δὲ
951 763 1235 815 ἀκούσαντα
1292 762 1568 830 παραυτίκα
1626 764 1795 817 ἔπεισε

129 845 156 895 6
185 844 338 912 λόγος
369 846 450 897 οἵα
480 846 760 915 ἀχθόμενόν
795 867 850 899 τε
886 847 944 918 τῇ
979 845 1350 914 Πεισιστράτου
1389 848 1518 920 ἆρχῇ
1552 848 1630 899 καὶ
1670 853 1792 914 βου-

127 929 343 994 λόμενον
390 931 612 983 ἐκποδὼν
661 931 802 983 εἶναι.
892 932 1065 983 αὐτίκα
1112 933 1165 983 δὲ
1215 930 1405 996 ἐστάλη
1455 934 1506 986 ἐς
1556 933 1794 1000 Δελφοὺς

130 1014 517 1080 ἐπειρησόμενος
567 1014 624 1066 τὸ
677 1013 984 1083 χρηστήριον
1035 1017 1077 1067 εἶ
1126 1020 1267 1067 ποιοῖ.
1305 1014 1505 1082 τάπερ
1552 1016 1701 1068 αὐτοῦ
1749 1020 1795 1069 οἱ

131 1097 386 1165 Δόλογκοι
430 1098 779 1166 προσεδέοντο.
870 1099 1171 1164 κελευούσης
1218 1101 1271 1151 δὲ
1320 1100 1399 1151 καὶ
1447 1103 1535 1165 τῆς
1584 1102 1790 1163 Πυθίης,

128 1182 254 1233 οὕτω
307 1181 365 1247 δὴ
421 1183 701 1249 Μιλτιάδης
753 1185 779 1234 6
833 1182 1089 1251 Κυψέλου,
1147 1183 1402 1249 Ὀλύμπια
1454 1185 1794 1251 ἀναραιρηκὼς

129 1266 368 1334 πρότερον
419 1267 607 1320 τούτων
658 1270 925 1337 τεθρίππῳ,
978 1269 1092 1320 τότε
1150 1269 1463 1335 παραλαβὼν
1514 1267 1792 1333 Ἀθηναίων

128 1349 291 1402 πάντα
320 1349 407 1403 τὸν
429 1353 746 1417 βουλόμενον
767 1351 997 1421 μετέχειν
1027 1356 1114 1403 τοῦ
1144 1353 1333 1404 στόλου
1364 1353 1514 1405 ἔπλεε
1537 1352 1637 1419 ἅμα
1659 1358 1792 1405 τοῖσι

130 1435 444 1502 Δολόγκοισι
474 1437 553 1488 καὶ
585 1437 709 1504 ἔσχε
745 1435 835 1500 τὴν
871 1437 1055 1505 χώρην·
1105 1438 1190 1488 καί
1219 1458 1305 1501 μιν
1340 1438 1387 1488 οἱ
1425 1438 1792 1505 ἐπαγαγόμενοι

127 1518 367 1587 τύραννον
404 1519 796 1585 κατεστήσαντο.
872 1521 898 1570 6
930 1522 982 1572 δὲ
1019 1525 1222 1587 πρῶτον·
1251 1522 1342 1585 μὲν
1378 1520 1669 1588 ἀπετείχισε
1704 1520 1790 1574 τὸν

128 1602 310 1670 ἰσθμὸν
356 1607 444 1669 τῆς
492 1604 820 1671 Χερσονήσου
865 1606 917 1656 ἐκ
962 1605 1178 1671 Καρδίης
1221 1605 1397 1657 πόλιος
1442 1606 1492 1658 ἐς
1537 1606 1787 1670 Πακτύην,

127 1687 208 1739 ἵνα
241 1687 308 1754 μὴ
350 1687 516 1757 ἔχοιέν
557 1696 721 1757 σφεας
762 1692 807 1742 οἱ
839 1688 1098 1756 Ἀψίνθιοι
1134 1687 1405 1754 δηλέεσθαι
1440 1688 1789 1754 ἐσβάλλοντες

127 1772 179 1824 ἐς
213 1771 305 1837 τὴν
339 1773 523 1840 χώρην.
599 1774 699 1826 εἶσὶ
735 1776 788 1826 δὲ
826 1773 962 1824 οῦτοι
1002 1772 1195 1825 στάδιοι
1233 1771 1291 1837 ἔξ
1322 1794 1376 1825 τε
1413 1772 1491 1824 καὶ
1527 1771 1789 1840 τριήκοντα

126 1860 212 1908 τοῦ
249 1858 442 1923 ἰσθμοῦ·
489 1856 588 1909 ἀπὸ
625 1860 679 1909 δὲ
712 1862 796 1909 τοῦ
833 1859 1014 1923 ἰσθμοῦ
1049 1856 1225 1908 τούτου
1261 1858 1290 1922 ἡ
1322 1858 1648 1924 Χερσόνησος
1685 1857 1786 1909 ἔσω

124 1940 266 1992 πᾶσά
324 1943 434 1993 ἐστι
493 1942 709 1994 σταδίων
762 1943 920 1995 εἴκοσι
981 1942 1059 1993 καὶ
1110 1943 1442 2007 τετρακοσίων
1502 1940 1558 1992 τὸ
1615 1944 1786 2006 μῆκος.

125 2025 456 2094 ἀποτειχίσας
495 2024 564 2078 ὧν
603 2030 689 2078 τὸν
730 2025 917 2094 αὐχένα
956 2028 1044 2090 τῆς
1084 2024 1411 2093 Χερσονήσου
1442 2026 1468 2076 6
1507 2024 1786 2090 Μιλτιάδης

126 2110 205 2161 καὶ
240 2110 355 2165 τοὺς
386 2109 680 2178 Ἀψινθίους
719 2111 883 2180 τρόπῳ
921 2109 1125 2179 τοιούτῳ
1167 2108 1425 2175 ὠσάμενος
1460 2114 1558 2162 τῶν
1594 2114 1785 2161 λοιπῶν

123 2194 368 2260 πρώτοισι
392 2194 677 2261 ἐπολέμησε
700 2198 1109 2262 Λαμψακηνοῖσι·
1159 2194 1241 2245 καί
1265 2215 1349 2258 μιν
1379 2196 1425 2246 οἱ
1451 2194 1784 2261 Λαμψακηνοὶ

121 2276 439 2346 λοχήσαντες
474 2278 697 2346 αἱρέουσι
735 2280 931 2350 ζωγρίῃ.
1017 2277 1077 2342 ἧν
1114 2280 1167 2330 δὲ
1204 2279 1230 2328 ὁ
1267 2277 1545 2342 Μιλτιάδης
1582 2279 1782 2347 Κροίσῳ

120 2367 188 2432 τῷ
213 2366 355 2433 Λυδῷ
380 2365 434 2415 ἐν
456 2364 627 2436 γνώμῃ
651 2364 886 2431 γεγονώς·
933 2364 1208 2428 πυθόμενος
1237 2359 1306 2413 ὧν
1331 2362 1356 2412 6
1383 2365 1600 2428 Κροῖσος
1632 2366 1784 2413 ταῦτα

120 2445 328 2512 πέμπων
351 2449 653 2516 προηγόρευε
672 2453 807 2500 τοῖσι
826 2451 1220 2515 Λαμψακηνοῖσι
1244 2445 1463 2511 μετιέναι
1486 2444 1781 2498 Μιλτιάδεα·

178 2596 196 2622 1
238 2582 390 2634 ταύτης
419 2596 504 2624 om.
537 2584 576 2623 R
591 2584 621 2624 S
635 2584 673 2623 V
875 2597 900 2622 2
939 2584 1061 2637 ὀρέων
1091 2582 1124 2622 Ρ
1138 2582 1177 2621 R
1193 2581 1223 2622 S
1235 2583 1273 2621 V
1478 2596 1503 2633 4
1543 2585 1781 2635 προελθοῦσι

10 2678 17 2682 .
121 2637 212 2677 RV
375 2651 398 2689 5
431 2642 466 2680 οἱ
485 2652 566 2679 om.
590 2639 677 2678 AB
692 2638 725 2678 C
740 2639 774 2678 P
922 2651 944 2688 7
976 2637 1203 2686 Μιλτιάδην
1225 2637 1258 2675 Ρ
1273 2637 1311 2675 R
1328 2636 1357 2676 S
1371 2635 1449 2691 [V]
1598 2637 1624 2675 8
1654 2640 1675 2678 6
1695 2650 1777 2678 om.

85 2706 88 2709 ·
120 2692 160 2731 R
175 2692 204 2732 S
218 2693 258 2732 V
299 2716 303 2725 =
394 2694 624 2746 ἀχθήμενόν
643 2693 674 2733 S
689 2694 724 2732 V
948 2706 997 2731 10
1025 2693 1157 2741 ποιοίη
1177 2691 1218 2730 Α
1232 2691 1266 2730 Β
1283 2692 1315 2730 C
1332 2691 1363 2729 P
1510 2692 1621 2732 αὐτοὶ
1645 2691 1683 2730 R
1700 2691 1729 2730 S
1743 2691 1781 2731 V

122 2759 139 2785 1
151 2759 168 2785 1
214 2748 263 2798 δὴ
302 2747 340 2787 Α
357 2748 392 2787 Β
575 2762 623 2788 12
668 2750 840 2802 ἆναραιρ.
879 2748 999 2788 Stein
1018 2762 1025 2786 :
1068 2749 1191 2800 ἀναιρ.
1230 2747 1259 2785 S
1275 2747 1314 2784 V
1331 2760 1339 2785 :
1385 2746 1506 2799 ἆραιρ.
1544 2744 1583 2783 R
1604 2760 1613 2786 :
1653 2747 1777 2799 ἆνηιρ.

117 2800 157 2840 Α
171 2801 206 2841 Β
223 2802 256 2842 C
271 2802 305 2841 P
419 2817 467 2854 13
496 2806 638 2852 λαβὼν
657 2803 686 2842 S
699 2803 737 2842 V
828 2811 835 2816 ”
852 2814 900 2852 Ῑ5
932 2801 1171 2854 ἐπαγόμενοι
1190 2800 1228 2838 R
1245 2801 1275 2840 S
1289 2801 1326 2839 V
1440 2802 1489 2839 16
1518 2799 1780 2849 κατέστησαν

119 2855 157 2893 R
175 2856 204 2906 S
217 2854 255 2895 V
421 2859 654 2910 ἐπετείχισε
683 2858 723 2897 Α
743 2858 775 2896 Β
791 2856 823 2895 C
841 2857 890 2895 Pl
1116 2858 1163 2894 18
1193 2856 1446 2904 δηλήσασθαι
1475 2854 1723 2902 ἐκβάλοντες
1744 2854 1778 2893 C

116 2923 170 2948 20
197 2911 344 2954 τούτου
364 2926 447 2954 om.
473 2913 513 2951 R
624 2918 717 2954 εἵσω
739 2912 779 2951 Α
797 2912 828 2950 Β
844 2911 877 2951 C
894 2910 933 2950 R
948 2911 978 2951 S
991 2910 1028 2950 V
1157 2922 1209 2958 23
1238 2909 1369 2951 τούτω
1392 2908 1430 2947 R
1446 2908 1476 2948 S
1490 2909 1528 2948 V
1545 2924 1554 2948 ε
1584 2913 1722 2962 τοιῷδε
1744 2909 1778 2948 Ρ

116 2977 174 3016 27·
198 2967 426 3017 Μιλτιάδην
447 2967 486 3008 R
502 2966 532 3007 S
548 2967 626 3021 [V]
1266 2976 1268 2978 '

170 3061 270 3088 Hor.
296 3062 341 3089 ιι.
1591 3049 1613 3086 6

1835 130 2014 198 ΥΙ.’35

1832 1109 1901 1167 36

1824 2043 1885 2092 37
