2132 3340
708 90 1088 139 ΙΣΤΟΡΙΩΝ
1148 91 1197 140 Θ
1833 92 1973 141 VIII.
2002 95 2100 145 106

117 224 285 272 ταῦτα·
346 221 494 273 αὐτοῦ
529 241 598 280 τε,
633 220 698 274 ὡς
736 225 887 271 ταῦτα
923 220 1188 288 ἐργάσατο,
1223 223 1268 273 οἱ
1303 225 1474 276 παῖδες
1509 223 1781 289 ἀναγκαζό-

115 326 255 370 μενοι
285 302 584 370 ἀπέταμνον.
675 304 958 358 Πανιώνιον
994 305 1087 371 μέν
1125 326 1211 358 νυν
1242 307 1367 358 οὕτω
1401 309 1638 374 περιῆλθε
1667 307 1709 371 ἥ
1729 329 1783 359 τε
1808 318 2132 369 Qua-du

114 389 244 444 τίσις
273 389 353 442 καὶ
382 387 696 456 Ἑρμότιμος.
1801 382 2132 460 Wu‘ffl‘*

200 472 392 540 Ξέρξης
422 475 474 526 δὲ
507 473 572 527 ὡς
605 473 718 528 τοὺς
757 477 934 527 παῖδας
969 471 1216 542 ἐπέτρεψε
1247 474 1538 548 Ἀρτεμισίῃ
1572 474 1783 543 ἀπάγειν
1821 490 1914 541 107
1961 489 1966 494 ’

65 566 100 622 5'
116 559 166 612 ἐς
194 557 446 626 Ἔφεσον,
487 555 707 612 καλέσας
745 558 1032 625 Μαρδόνιον
1068 556 1268 612 ἐκέλευέ
1302 581 1387 626 μιν
1423 563 1511 625 τῆς
1549 564 1783 632 στρατιῆς

113 640 366 710 διαλέγειν
395 642 508 696 τοὺς
539 643 796 709 βούλεται,
831 643 910 695 καὶ
947 641 1135 696 ποιέειν
1166 649 1302 696 τοῖσι
1332 644 1538 711 λόγοισι
1569 646 1630 695 τὰ
1662 645 1784 712 ἔργα

112 727 416 795 πειρώμενον
461 728 621 794 ὅμοια.
711 727 894 793 ταύτην
936 730 1029 794 μὲν
1073 727 1162 792 τὴν
1206 729 1395 795 ἡμέρην
1441 731 1492 783 ἐς
1536 733 1803 782 τοσοῦτον·’

111 813 319 879 ἐγίνετο,
363 815 450 878 τῆς
494 815 548 865 δὲ
591 815 764 867 νυκτὸς
807 812 1139 867 κελεύσαντος
1174 811 1425 878 βασιλέος
1463 816 1551 868 τὰς
1587 811 1702 867 νέας
1736 816 1784 867 οἱ

112 898 383 964 στρατηγοὶ
426 899 479 949 ἐκ
515 902 600 949 τοῦ
631 895 868 964 Φαλήρου
905 898 1102 965 ἀπῆγον
1137 899 1301 950 ὀπίσω
1344 899 1394 952 ἐς
1433 897 1522 956 τὸν,
1554 897 1780 963 Ἑλλήσ-

38 1002 86 1032 10
110 1002 310 1041 ποντον,
338 981 402 1036 ὣς
425 980 607 1050 τάχεος
637 981 744 1050 εἶχε
776 981 1002 1042 ἕκαστος,
1029 981 1440 1050 διαφυλαξούσας
1463 984 1551 1037 τὰς
1574 985 1783 1051 σχεδίας

110 1069 408 1133 πορευθῆναι
427 1064 654 1132 βασιλέϊ.
701 1067 808 1119 ἐπεὶ
833 1070 886 1120 δὲ
905 1068 1067 1135 ἀγχοῦ
1091 1066 1223 1133 ἦσαν
1248 1070 1518 1134 Ζωστῆρος
1541 1065 1783 1123 πλέοντες
1820 1088 1847 1121 2

110 1152 158 1203 οἱ
198 1149 469 1219 βάρβαροι,
520 1152 836 1203 ἀνατείνουσι
881 1154 977 1219 γὰρ
1023 1150 1167 1220 ἄκραι
1210 1152 1393 1222 λετΠ-αὶ
1439 1155 1526 1217 τῆς
1576 1152 1780 1219 ἠπείρου
1804 1173 2071 1207 mov-avum·

108 1235 277 1308 ταύτῃ,
304 1234 479 1300 ἔδοξάν
501 1257 556 1288 τε
580 1233 694 1290 νέας
720 1235 846 1288 εἶναι
871 1236 950 1288 καὶ
974 1235 1190 1304 ἔφευγον
1222 1236 1304 1288 ἐπὶ
1334 1237 1545 1289 πολλόν.
1612 1237 1778 1307 χρόνῳ

108 1321 164 1373 δὲ
190 1320 433 1385 μαθόντες
464 1321 539 1372 ὅτι
569 1320 624 1372 οὐ
654 1317 761 1374 νέες
793 1320 891 1373 εἶεν
922 1320 1038 1372 ἀλλ’
1070 1320 1230 1388 ἄκραι,
1265 1318 1635 1389 συλλεχθέντες
1666 1323 1774 1373 ἐκο-

36 1425 82 1466 15
106 1404 321 1469 μίζοντο.
411 1405 476 1459 ὡς
513 1407 566 1457 δὲ
601 1402 754 1473 ἡμέρη
797 1406 1006 1472 ἐγίνετο,
1041 1406 1250 1472 ὁρῶντες
1287 1407 1333 1458 οἱ
1362 1404 1616 1471 ’Έλληνες
1655 1408 1777 1458 κατὰ
1814 1414 1909 1464 108

39 1510 41 1512 ·
106 1489 274 1558 χώρην
303 1487 518 1556 μένοντα
545 1489 634 1542 τὸν
665 1489 882 1557 στρατὸν
905 1489 993 1542 τὸν
1017 1494 1164 1558 πεζὸν
1193 1490 1403 1556 ἤλπιζον
1436 1490 1515 1542 καὶ
1545 1492 1632 1545 τὰς
1662 1487 1778 1545 νέας

107 1573 234 1627 εἶναι
271 1575 383 1643 περὶ
412 1573 667 1642 Φάληρον,
700 1575 899 1627 ἐδόκεόν
929 1597 984 1628 τε
1014 1573 1358 1643 ναυμαχήσειν
1393 1573 1557 1643 σφέας
1587 1597 1775 1643 παραρ-

105 1656 280 1712 τέοντό
318 1682 373 1713 τε
414 1659 479 1715 ὣς
519 1658 901 1726 ἀλεξησόμενοι.
992 1660 1100 1712 ἐπεὶ
1146 1663 1199 1712 δὲ
1245 1660 1487 1713 ἐπύθοντο
1531 1662 1617 1714 τὰς
1661 1645 1777 1716 νέας

106 1745 385 1814 οἰχωκυίας,
420 1745 593 1797 αὐτίκα
626 1746 751 1811 μετὰ
787 1750 942 1797 ταῦτα
979 1745 1147 1797 ἐδόκεε
1184 1745 1478 1798 ἐπιδιώκειν.
1568 1744 1656 1798 τὸν
1672 1745 1777 1811 ’μέν

32 1848 83 1878 20
105 1850 193 1882 vvv
233 1829 462 1882 ναυτικὸν
496 1829 583 1883 τὸν
628 1827 829 1898 Ξέρξεω
876 1835 1094 1898 στρατὸν
1138 1831 1226 1882 οὐκ
1272 1832 1469 1883 ἐπεῖδον
1513 1830 1777 1895 διώξαντες

103 1911 253 1983 μέχρι
279 1913 510 1982 ”Ανδρου,
552 1916 603 1969 ἐς
638 1917 691 1967 δὲ
726 1914 816 1980 τὴν
846 1913 1062 1982 ’Ἄνδρον
1101 1915 1388 1980 ἀπικόμενοι
1425 1915 1774 1981 ἐβουλεύοντο.

107 1996 487 2065 Θεμιστοκλέης
515 1996 607 2066 μέν
637 2021 725 2052 νυν
762 2000 965 2067 γνώμην
998 2001 1316 2052 ἀπεδείκνυτο
1349 2002 1428 2052 διὰ
1457 1998 1625 2064 νήσων
1655 2021 1771 2067 τρα-
1815 2015 1841 2047 2

103 2081 346 2150 πομένους
384 2085 463 2137 καὶ
500 2084 853 2150 ἐπιδιώξαντας
891 2087 981 2138 τὰς
1024 2082 1139 2139 νέας
1178 2082 1351 2137 πλέειν
1390 2082 1532 2138 ἰθέως
1569 2086 1651 2136 ἐπὶ
1688 2084 1774 2137 τὸν

101 2166 488 2234 Ἑλλήσποντον
523 2169 773 2223 λύσοντας
809 2171 897 2223 τὰς
938 2169 1177 2237 γεφύρας·
1239 2168 1553 2236 Εὐρυβιάδης
1593 2172 1646 2222 δὲ
1683 2168 1772 2233 τὴν

29 2267 77 2310 ²5
102 2254 330 2319 ἐναντίην
364 2253 517 2326 ταύτῃ
555 2254 759 2321 γνώμην
801 2255 1005 2315 ἐτίθετο,
1039 2251 1207 2321 λέγων
1244 2254 1309 2308 ὡς
1347 2255 1388 2305 εἰ
1428 2253 1649 2306 λύσουσι
1684 2256 1772 2307 τὰς

101 2338 324 2407 σχεδίας,
351 2337 480 2390 τοῦτ’
512 2337 574 2392 ἂν
595 2336 837 2406 μέγιστον
861 2338 1058 2392 πάντων
1084 2344 1235 2406 σφεῖς
1261 2327 1411 2390 κακὸν
1434 2337 1524 2404 τὴν
1546 2336 1773 2390 Ἑλλάδα

162 2489 178 2515 1
211 2475 465 2546 ‹zswsqln
522 2532 559 2549 Ἰ,
603 2489 658 2548 '2
689 2477 945 2549 vvvqln.C,
988 2530 999 2546 Ι
1028 2494 1074 2518 τε
1100 2491 1180 2518 om.
1206 2476 1344 2517 RSV
1380 2533 1389 2548 ’
1429 2529 1440 2546 Ι
1500 2488 1526 2525 3
1556 2473 1772 2569 καθκαὶό

104 2532 138 2636 ξ
153 2531 331 2628 1ἰῗοσοῐντο
350 2546 391 2626 4Ᾰ
405 2539 673 2626 ἒῗῂεπετρ.
687 2532 909 2639 8Ρέγέῒξζο
926 2533 1172 2636 ‘Sum-2525
1195 2586 1234 2624 R
1251 2587 1281 2626 S
1294 2544 1337 2625 s}
1370 2531 1725 2638 exeAeltgffwa}
1739 2531 1772 2626 IS)

103 2642 231 2693 ἔσχεν
252 2641 291 2680 R
306 2642 335 2681 S
349 2642 388 2679 V
422 2638 426 2641 Δ
499 2641 751 2694 φυλαξούσας
774 2642 813 2680 R
828 2641 858 2682 S
871 2642 911 2680 V
1039 2653 1056 2680 1
1068 2654 1085 2680 1
1118 2642 1226 2682 πλώ-
1250 2641 1283 2679 Ρ
1298 2641 1336 2679 R
1353 2641 1383 2680 S
1397 2640 1436 2679 V
1564 2651 1613 2690 13
1641 2640 1770 2694 ταύτῃ

103 2695 253 2747 Pingel
272 2709 281 2736 ε
310 2695 463 2746 ταύτης
484 2697 522 2735 Α
540 2697 574 2735 Β
589 2697 622 2735 C
638 2696 671 2735 P
689 2710 699 2735 t
727 2695 877 2738 ταύτας
902 2696 938 2734 R
956 2695 985 2735 S
998 2697 1039 2736 V
1150 2699 1247 2745 νῆας
1271 2695 1312 2735 R
1327 2696 1356 2735 S
1370 2696 1409 2734 V
1543 2708 1591 2744 14
1622 2698 1711 2744 νῆες
1735 2695 1769 2734 L

105 2763 153 2800 15
184 2750 350 2804 ἐγένετο
372 2751 406 2790 C
422 2752 455 2790 P
567 2750 749 2805 ὁρέοντες
772 2751 805 2789 Ρ
819 2751 857 2789 R
873 2751 903 2791 S
917 2751 955 2789 V
973 2764 981 2789 t
1013 2749 1205 2803 ὃρέωντες
1228 2751 1261 2789 C
1433 2751 1482 2789 16
1514 2753 1610 2799 νῆας
1633 2750 1673 2789 R
1688 2750 1718 2789 S
1731 2749 1771 2788 V

103 2807 157 2857 18-
180 2809 276 2856 νῆας
298 2806 338 2846 R
353 2805 383 2845 S
397 2805 435 2844 V
605 2818 655 2856 19
684 2805 891 2858 ὠχωκυίας
913 2805 994 2846 SV
1010 2806 1049 2844 R
1074 2805 1153 2858 (-α)
1285 2804 1362 2856 μὲν
1385 2804 1572 2847 ναυτικὸν
1593 2806 1771 2857 στρατὸν

100 2861 172 2902 τὸν
192 2866 233 2904 Ξ.
262 2860 301 2899 R
316 2861 346 2900 S
359 2859 397 2898 V
579 2874 633 2900 22
663 2860 919 2902 ἐπεδείκνυτο
942 2859 980 2898 R
997 2860 1027 2900 S
1040 2859 1079 2898 V
1256 2874 1309 2911 23
1340 2861 1610 2909 νῆας.πλώειν
1632 2859 1670 2899 R
1686 2859 1717 2899 S
1731 2858 1770 2899 V

99 2915 153 2954 26
181 2919 301 2969 σφεῖς
321 2914 482 2957 Aldus:
517 2916 644 2968 σφέας
666 2913 706 2953 R
723 2914 806 2955 SV
823 2929 833 2955 ε
863 2924 936 2968 σφι
958 2914 1048 2955 rell.
1162 2920 1295 2957 κακῶν
1315 2914 1355 2954 Α
1369 2915 1403 2954 Β
1421 2915 1454 2954 C
1471 2915 1504 2953 P
