2132 3340
711 58 1091 106 ΙΣΤΟΡΙΩΝ
1155 57 1201 104 H
1829 57 1937 109 VII.
1968 70 2054 119 152

121 186 442 242 παντάπασιν
470 188 681 255 ὀφείλω,
714 190 800 241 καί
829 210 914 255 μοι
941 193 1087 241 τοῦτο
1116 187 1173 240 τὸ
1204 187 1322 242 ἔπος
1353 186 1509 256 ἐχέτω
1542 189 1592 241 ἐς
1623 187 1786 239 πάντα

120 265 294 341 λόγον·
356 273 465 326 ἐπεὶ
502 273 581 325 καὶ
617 277 770 325 ταῦτα
809 271 1027 340 λέγεται,
1068 273 1133 327 ὡς
1172 272 1268 339 ἄρα
1309 273 1528 340 Ἀργεῖοι
1569 271 1699 337 ἦσαν
1740 274 1787 324 οἱ

121 356 542 434 ἐπικαλεσάμενοι
574 356 662 410 τὸν
702 356 909 425 Πέρσην
948 358 1031 410 ἐπὶ
1067 356 1157 422 τὴν
1194 355 1438 416 Ἑλλάδα,
1482 355 1651 422 ἐπειδή
1689 363 1788 424 σφι
1972 389 1977 393 -

120 440 243 510 πρὸς
278 442 393 497 τοὺς
428 443 846 508 Λακεδαιμονίους
883 446 1042 496 κακῶς
1076 442 1105 508 ἡ
1143 440 1297 510 αἰχμὴ
1335 440 1557 506 ἑστήκεε,
1590 444 1690 494 πᾶν
1726 441 1775 492 δ“

73 548 96 592 5
118 528 424 594 βουλόμενοι
455 527 610 595 σφίσι
640 526 766 579 εἶναι
795 526 891 595 πρὸ
920 530 1007 592 τῆς
1036 526 1316 595 παρεούσης
1346 444 1928 612 Mmss

202 614 282 664 Τὰ
309 614 402 677 μὲν
432 611 543 678 περὶ
574 610 818 679 Ἀργείων
851 613 1056 679 εἴρηται·
1103 613 1153 665 ἐς
1177 613 1229 663 δὲ
1254 610 1345 675 τὴν
1378 612 1612 675 Σικελίην
1637 609 1787 662 ἄλλοι
1824 624 1914 676 153

120 718 173 749 τε
205 697 414 749 ἀπίκατο
439 695 648 763 ἄγγελοι
672 696 770 748 ἀπὸ
792 701 890 748 τῶν
915 694 1192 764 συμμάχων
1217 693 1572 762 συμμείξοντες
1597 693 1789 747 Γέλωνι

123 782 202 834 καὶ
233 779 292 845 δὴ
326 780 405 832 καὶ
440 779 537 833 ἀπὸ
572 781 978 846 Λακεδαιμονίων
1015 781 1254 847 Σύαγρος.
1345 784 1431 831 τοῦ
1471 782 1523 832 δὲ
1561 778 1788 833 Γέλωνος

120 865 295 917 τούτου
333 865 597 932 πρόγονος,
637 863 916 932 οἰκήτωρ-,ὁ
954 866 1008 917 ἐν
1045 863 1193 936 Γέλῃ,
1227 863 1287 929 ἦν
1327 866 1382 916 ἐκ
1420 862 1578 929 νήσου
1616 863 1789 929 Τήλου
1809 860 2132 950 &ww

49 972 100 1003 10
120 952 208 1015 τῆς
233 950 314 1002 ἐπὶ
343 949 564 1019 Τριοπίῳ
599 948 840 1015 κειμένης·
888 948 943 1003 ὃς
966 948 1249 1014 κτιζομένης
1274 948 1432 1014 Γέλης
1455 947 1552 1001 ὑπὸ
1574 949 1789 1002 Λινδίων

121 1055 175 1086 τε
206 1038 304 1086 τῶν
337 1035 392 1086 ἐκ
415 1033 588 1086 Ῥόδου
619 1034 700 1086 καὶ
725 1032 1035 1099 Ἀντιφήμου
1066 1033 1154 1085 οὐκ
1185 1034 1412 1101 ἐλείφθη.
1487 1033 1582 1085 ἀνὰ
1603 1033 1789 1101 χρόνον
1826 1053 1852 1084 2

123 1120 176 1170 δὲ
206 1117 355 1170 αὐτοῦ
377 1120 424 1171 οἱ
444 1118 683 1186 ἀπόγονοι
706 1119 966 1186 γενόμενοι
999 1117 1262 1186 ἱροφάνται
1284 1122 1384 1170 τῶν
1414 1118 1632 1186 χθονίων
1663 1121 1788 1169 θεῶν

123 1201 374 1256 διετέλεον
397 1203 577 1262 ἐόντες,
598 1204 827 1268 Τηλίνεω
849 1203 961 1257 ἑνός
980 1224 1062 1255 τευ
1079 1207 1178 1255 τῶν
1197 1203 1458 1269 προγόνων
1479 1200 1790 1267 κτησαμένου

123 1287 286 1357 τρόπῳ
318 1291 507 1358 τοιῷδέ
554 1289 606 1341 ἐς
639 1288 936 1354 Μακτώριον
976 1287 1127 1340 πόλιν
1167 1286 1257 1352 τὴν
1296 1288 1419 1354 ὑπὲρ
1462 1285 1621 1351 Γέλης
1659 1288 1788 1350 οἰκη-

50 1392 96 1435 15
121 1369 278 1438 μένην
311 1372 501 1440 ἔφυγον
532 1370 706 1439 ἄνδρες
738 1369 945 1443 Γελῴων
977 1370 1133 1424 στάσι
1165 1370 1496 1425 ἑσσωθέντες.
1584 1371 1789 1424 τούτους
1827 1388 1853 1432 3

123 1454 194 1510 ὧν
231 1457 258 1508 ὁ
297 1458 520 1522 Τηλίνης
562 1455 811 1525 κατήγαγε
854 1458 904 1511 ἐς
947 1455 1124 1521 Γέλην,
1158 1456 1290 1524 ἔχων
1330 1456 1562 1521 οὐδεμίαν
1600 1456 1791 1522 ἀνδρῶν

123 1540 330 1607 δύναμιν
361 1542 495 1594 ἀλλὰ
535 1543 613 1608 ἱρὰ
649 1542 836 1593 τούτων
866 1546 964 1593 τῶν
996 1543 1137 1593 θεῶν.
1225 1541 1342 1592 ὅθεν
1377 1542 1431 1592 δὲ
1471 1540 1594 1592 αὐτὰ
1631 1539 1791 1605 ἔλαβε

0 1628 77 1676 Ν
123 1620 154 1689 ἢ
195 1625 342 1690 αὐτὸς
386 1624 647 1691 ἐκτήσατο,
688 1631 831 1678 τοῦτο
864 1628 917 1678 δὲ
960 1626 1047 1678 οὐκ
1083 1625 1185 1694 ἔχω
1227 1627 1399 1677 εἰπεῖν.
1486 1624 1709 1676 τούτοισι
1749 1623 1791 1675 δ’

123 1707 192 1762 ὧν
222 1712 433 1765 πίσυνος
465 1711 560 1763 ἐὼν
594 1709 858 1778 κατήγαγε,
892 1709 970 1763 ἐπ’
1001 1708 1038 1780 ᾧ
1064 1731 1117 1762 τε
1148 1712 1195 1762 οἱ
1232 1710 1471 1776 ἀπόγονοι
1507 1709 1656 1760 αὐτοῦ
1687 1711 1786 1775 ῑρο-

48 1815 99 1844 20
124 1793 310 1862 φάνται
341 1800 439 1847 τῶν
471 1799 597 1848 θεῶν
631 1795 849 1847 ἔσονται.
942 1794 1083 1860 θῶμά
1112 1815 1195 1859 μοι
1226 1791 1294 1846 ὧν
1327 1795 1406 1845 καὶ
1436 1798 1580 1844 τοῦτο
1612 1792 1789 1860 γέγονε
1826 1811 1855 1854 4

121 1878 244 1947 πρὸς
262 1880 323 1931 τὰ
344 1879 670 1946 πυνθάνομαι,
694 1879 1103 1947 κατεργάσασθαι
1118 1875 1344 1944 Τηλίνην
1364 1878 1510 1946 ἔργον
1529 1882 1787 1929 τοσοῦτον·

118 1965 183 2017 ,τὰ
213 1969 415 2017 τοιαῦτα
444 1966 540 2032 γὰρ
565 1965 686 2032 ἔργα
710 1966 766 2017 οὐ
797 1964 920 2031 πρὸς
949 1960 1068 2030 [τοῦ]
1101 1962 1319 2016 ἅπαντος
1349 1962 1525 2029 ἀνδρὸς
1556 1962 1791 2027 νενόμικα

122 2049 368 2115 γίνεσθαι,
402 2050 538 2101 ἀλλὰ
569 2053 690 2116 πρὸς
721 2052 892 2117 ψυχῆς
930 2070 983 2100 τε
1014 2049 1203 2116 ἀγαθῆς
1234 2047 1312 2098 καὶ
1342 2047 1509 2114 ῥώμης
1539 2046 1789 2114 ἀνδρηίης·

122 2132 149 2182 ὁ
172 2135 226 2185 δὲ
256 2132 462 2201 λέγεται
491 2133 613 2200 πρὸς
637 2136 723 2198 τῆς
755 2135 985 2198 Σικελίης
1014 2137 1113 2184 τῶν
1144 2132 1415 2198 οἰκητόρων
1439 2133 1500 2182 τὰ
1523 2131 1792 2183 ὑπεναντία

49 2241 98 2283 25
121 2217 310 2270 τούτων
362 2217 637 2286 πεφυκέναι
691 2218 955 2285 θηλυδρίης
1006 2238 1060 2269 τε
1114 2217 1195 2267 καὶ
1244 2216 1598 2282 μαλακώτερος
1649 2213 1788 2281 ἀνήρ.

124 2303 250 2354 οὕτω
285 2301 378 2368 μέν
409 2324 496 2355 νυν
529 2300 775 2367 ἐκτήσατο
813 2307 958 2357 τοῦτο
990 2301 1047 2352 τὸ
1078 2300 1242 2368 γέρας·
1292 2299 1578 2367 Κλεάνδρου
1615 2302 1668 2352 δὲ
1706 2303 1791 2350 τοῦ
1829 2307 1916 2357 154

183 2454 200 2481 1
234 2441 366 2484 πάντα
379 2445 477 2483 πᾶσι
495 2440 628 2481 Dulac
714 2429 874 2482 eisRV
959 2453 982 2489 4
1004 2440 1098 2481 τοὺς
1111 2452 1194 2478 om.
1217 2438 1401 2477 PRSV
1486 2436 1635 2487 έστηκε
1655 2436 1792 2477 RSV

123 2508 150 2546 5
179 2497 300 2550 σφίσι
320 2497 428 2536 Plut.
457 2509 561 2535 mor.
587 2497 696 2545 863:
727 2505 801 2547 σφι
825 2496 858 2533 L
1032 2497 1068 2543 7‘
1086 2492 1279 2534 ἀπικέατο
1302 2493 1336 2532 Ρ
1357 2494 1462 2543 (non
1490 2493 1551 2542 R)
1692 2508 1790 2542 συμ-

122 2551 309 2604 μίξαντες
335 2551 502 2590 ABC:
535 2567 670 2591 -οντες
701 2550 791 2588 rell.
959 2562 987 2600 9
1018 2549 1079 2601 [ὁ]
1113 2551 1156 2589 ἐν
1186 2547 1292 2601 Γέλῃ
1325 2547 1515 2587 Reiske:
1557 2548 1634 2588 ἐὼν
1665 2546 1791 2596 Γέλης

125 2606 330 2646 Schaefer
513 2618 562 2644 10
589 2605 776 2659 Τριώπεω
799 2604 861 2643 R:
890 2603 1068 2657 Τριόπεω
1090 2603 1172 2643 SV
1356 2614 1399 2640 11
1433 2602 1678 2654 Ἀντιφήμου
1704 2602 1789 2641 Ios.

124 2660 341 2712 Scaliger:
389 2659 598 2713 Ἀνττιοφ.
643 2660 673 2699 S
696 2660 762 2698 V:
811 2660 990 2711 Ἀντιοφ.
1035 2658 1124 2698 rell.
1309 2670 1356 2696 12
1406 2657 1463 2709 οἱ]
1503 2660 1577 2698 τοῦ
1615 2659 1651 2698 οἵ
1692 2656 1732 2695 R
1754 2658 1791 2696 V

126 2726 175 2766 13
203 2733 274 2758 τευ
293 2715 393 2768 τῶν]
415 2733 570 2757 τουτων
592 2715 632 2754 R
646 2714 676 2754 S
690 2713 727 2752 V
815 2712 1099 2765 κατησαμένου
1120 2712 1153 2751 C
1172 2726 1181 2751 t
1209 2728 1374 2763 κτισαμ.
1402 2711 1441 2750 R
1456 2711 1486 2751 S
1500 2711 1539 2750 V
1625 2725 1674 2761 ¹4
1706 2719 1791 2753 Μα-

124 2769 282 2824 κτόριον
304 2770 344 2809 R
453 2771 572 2823 ’γαίης
594 2770 627 2808 C
753 2768 982 2820 οἶκοιμένην
1002 2768 1042 2807 R
1213 2779 1261 2817 15
1293 2766 1437 2808 στάσει
1458 2766 1497 2805 Α
1512 2767 1546 2805 Β
1564 2766 1597 2805 C
1612 2766 1649 2805 R
1666 2766 1696 2806 S
1711 2766 1789 2819 [V]

128 2825 179 2863 18
206 2825 232 2875 ᾖ
251 2824 322 2879 (εἰ)
344 2825 544 2875 Krueger
654 2823 696 2865 δὲ
718 2836 800 2863 om.
825 2822 866 2862 A
881 2823 916 2862 Β
933 2823 967 2862 C
1096 2836 1146 2873 19
1175 2823 1371 2864 πίσσυνος
1392 2821 1432 2860 R
1448 2821 1530 2860 SV
1653 2834 1708 2860 20
1736 2821 1792 2862 ὧν

125 2891 208 2919 om.
236 2879 275 2918 R
290 2880 371 2920 SV
550 2893 599 2918 21
634 2883 907 2932 κατεργασθαι
928 2877 968 2916 Α
983 2878 1017 2916 Β
1034 2877 1067 2915 C
1245 2890 1298 2916 22
1327 2880 1398 2918 τοῦ
1419 2877 1499 2916 del.
1525 2876 1792 2915 Valckenaer

125 2933 306 2986 νενόμικε
328 2935 508 2975 Classen
677 2947 730 2984 23
755 2932 947 2987 γενέσθαι
969 2933 1009 2972 R
1024 2932 1053 2971 S
1067 2933 1104 2970 V
1270 2933 1321 2969 26
1351 2930 1475 2982 οὕτω]
1497 2930 1613 2973 οὗτος
1638 2931 1761 2971 Stein
