2034 3328
0 102 105 163 :49
692 136 698 139 ,
764 91 1189 144 ΗΡοΔοΤοΎ·

142 229 447 297 χειρωθῆναί
489 229 604 279 εἶσι.
694 227 804 278 ἔστι
852 228 903 278 δὲ
951 225 1030 277 καὶ
1080 225 1244 292 ἀγαθὰ
1290 227 1425 276 τοῖσι
1469 222 1561 288 τὴν
1605 222 1812 291 ἤπειρον

143 313 336 377 ἐκείνην
366 311 684 377 νεμομένοισι
719 311 816 361 ὅσα
851 309 962 361 οὐδὲ
990 314 1125 361 τοῖσι
1163 307 1419 361 συνάπασι
1454 307 1676 367 ἄλλοισι,
1710 309 1811 361 ἀπὸ

141 401 332 464 χρυσοῦ
361 394 696 462 ἀρξαμένοισι,
729 393 937 461 ἄργυρος
974 393 1054 445 καὶ
1087 392 1280 462 χαλκὸς
1311 392 1390 444 καὶ
1426 382 1578 456 ἐσθὴς
1607 393 1808 456 ποικίλη

145 480 223 531 καὶ
250 478 487 545 ὑποζύγιά
516 500 570 530 τε
607 480 686 530 καὶ
722 476 1019 544 ἀνδράποδα·
1065 479 1127 528 τὰ
1165 480 1297 547 θυμῷ
1333 477 1637 542 βουλόμενοι
1672 475 1810 527 αὐτοὶ

80 580 104 628 5
141 562 201 615 ἂν
224 562 403 631 ἔχοιτε.
469 563 779 627 κατοίκηνται
802 564 855 614 δὲ
880 560 1121 626 ἀλλήλων
1141 561 1373 629 ἐχόμενοι
1395 560 1461 615 ὣς
1487 560 1586 627 ἐγὼ
1605 558 1806 628 φράσω,
1835 582 1859 626 5

141 647 320 699 Ἰώνων
359 649 451 712 μὲν
487 649 641 698 τῶνδε
681 647 783 698 οἵδε
820 647 985 706 Λυδοί,
1024 643 1269 699 οἰκέοντές
1308 666 1363 697 τε
1406 644 1574 713 χώρην
1614 643 1807 711 ἀγαθὴν

0 749 110 804 Μή)
141 732 220 783 καὶ
251 730 715 797 πολυαργυρώτατοι
744 731 924 783 ἐόντες.
993 728 1182 783 δεικνὺς
1213 732 1265 782 δὲ
1299 728 1444 795 ἔλεγε
1466 733 1619 781 ταῦτα
1645 729 1698 782 ἐς
1719 731 1807 792 τῆς

139 817 230 881 γῆς
264 814 353 879 τὴν
385 815 626 880 περίοδον,
661 813 749 877 τὴν
787 813 994 881 ἐφέρετο
1031 815 1086 866 ἐν
1116 818 1183 883 τῷ
1221 815 1390 866 πίνακι
1428 811 1805 879 ἐντετμημένην.

140 901 313 950 Λυδῶν
341 897 410 957 δέ,
444 898 541 965 ἔφη
578 896 743 964 λέγων
773 899 799 947 ὁ
829 897 1207 965 Ἀρισταγόρης,
1240 898 1342 950 οἵδε
1383 897 1583 965 ἔχονται
1613 897 1809 964 Φρύγες

140 985 186 1035 οἱ
221 981 343 1049 πρὸς
379 981 468 1046 τὴν
503 981 589 1045 ἠῶ,
633 982 1146 1047 πολυπροβατώτατοί
1179 1003 1233 1033 τε
1273 981 1439 1035 ἐόντες
1476 979 1675 1034 πάντων
1710 985 1810 1034 τῶν
1839 1002 1889 1032 10

73 1077 103 1120 6
141 1067 240 1133 ἐγὼ
269 1067 377 1118 οἶδα
409 1066 487 1117 καὶ
516 1066 960 1132 πολυκαρπότατοι.
1035 1069 1246 1133 Φρυγῶν
1275 1068 1328 1117 δὲ
1358 1065 1562 1134 ἔχονται
1597 1068 1806 1118 Καππα-

141 1151 293 1209 δόκαι,
325 1149 438 1202 τοὺς
473 1150 611 1215 ἡμεῖς
642 1150 844 1215 Συρίους
883 1148 1142 1215 καλέομεν·
1188 1150 1409 1202 τούτοισι
1446 1151 1500 1202 δὲ
1541 1142 1811 1216 πρόσουροι

143 1235 358 1292 Κίλικες,
394 1232 685 1297 κατήκοντες
722 1233 802 1285 ἐπὶ
832 1234 1099 1285 θάλασσαν
1121 1232 1282 1298 τήνδε,
1317 1235 1372 1286 ἐν
1401 1235 1460 1306 τῇ
1490 1233 1578 1298 ἥδε
1613 1234 1811 1301 Κύπρος

140 1320 293 1381 νῆσος
330 1323 497 1370 κεῖται·
544 1317 589 1368 οἳ
626 1318 929 1369 πεντακόσια
964 1317 1186 1370 τάλαντα
1220 1317 1431 1383 βασιλέϊ
1463 1317 1550 1369 τὸν
1590 1317 1811 1371 ἐπέτειον

141 1401 301 1468 φόρον
350 1403 650 1453 ἐπιτελεῦσι.
740 1403 957 1453 Κιλίκων
1004 1405 1058 1454 δὲ
1107 1405 1259 1455 τῶνδε
1306 1402 1509 1470 ἔχονται
1560 1400 1810 1469 Ἀρμένιοι
1839 1424 1888 1467 15

141 1486 259 1543 οἵδε,
288 1485 366 1536 καὶ
397 1486 530 1536 οῦτοι
562 1486 725 1539 ἐόντες
756 1486 1151 1552 πολυπρόβατοι,
1179 1485 1453 1552 Ἀρμενίων
1482 1487 1535 1538 δὲ
1564 1485 1811 1551 Ματιηνοὶ

78 1590 104 1634 7
141 1568 309 1636 χώρην
338 1567 482 1632 τήνδε
514 1570 730 1636 ἔχοντες.
806 1569 975 1638 ἔχεται
1006 1572 1057 1622 δὲ
1088 1570 1276 1621 τούτων
1306 1574 1370 1637 γῆ
1400 1571 1487 1635 ἥδε
1523 1571 1729 1635 Κισσίη,
1755 1571 1811 1623 ἐν

141 1653 199 1724 τῇ
231 1651 288 1716 δὴ
313 1655 445 1718 παρὰ
475 1652 696 1718 ποταμὸν
724 1654 867 1706 τόνδε
898 1653 1144 1718 Χοάσπην
1176 1652 1377 1719 κείμενά
1411 1656 1519 1706 ἐστι
1548 1656 1610 1706 τὰ
1639 1658 1812 1706 Σοῦσα

0 1755 40 1785 -ο
143 1740 311 1802 ταῦτα,
354 1736 471 1787 ἔνθα
509 1736 755 1801 βασιλεύς
795 1758 849 1789 τε
887 1737 1042 1805 μέγας
1083 1739 1274 1790 δίαιταν
1316 1737 1551 1797 ποιέεται,
1594 1739 1675 1791 καὶ
1713 1743 1812 1790 τῶν

145 1819 409 1887 χρημάτων
439 1822 486 1872 οἱ
518 1820 755 1887 θησαυροὶ
792 1820 1000 1873 ἐνθαῦτά
1032 1823 1146 1873 εἶσι·
1198 1822 1398 1876 ἑλόντες
1427 1825 1482 1875 δὲ
1510 1822 1690 1886 ταύτην
1719 1821 1810 1887 τὴν
1836 1841 1886 1870 20

82 1917 108 1959 8
146 1904 296 1955 πόλιν
327 1903 621 1970 θαρσέοντες
650 1904 741 1968 ἤδη
773 1910 839 1974 τῷ
873 1905 958 1956 Διὶ
989 1905 1208 1958 πλούτου
1243 1905 1355 1972 πέρι
1391 1907 1588 1972 ἐρίζετε.
1676 1906 1810 1957 ἀλλὰ

147 1986 256 2054 περὶ
285 1990 376 2052 μὲν
406 1988 569 2056 χώρης
592 1987 686 2054 ἄρα
710 1981 766 2039 οὐ
789 1992 983 2053 πολλῆς
1006 1989 1118 2041 οὐδὲ
1142 1991 1267 2041 οὕτω
1297 1993 1521 2057 χρηστῆς
1546 1991 1623 2042 καὶ
1652 1990 1811 2056 οὔρων

0 2125 32 2159 x
149 2076 367 2138 σμικρῶν
410 2072 558 2138 χρεόν
602 2074 714 2134 ἐστι
756 2071 907 2137 ὑμέας
955 2073 1121 2141 μάχας
1164 2073 1549 2138 ᾀνριβάλλεσθαι
1590 2074 1713 2141 πρός
1756 2095 1811 2126 τε

44 2120 111 2173 ‘W
150 2155 470 2218 Μεσσηνίους
494 2156 666 2209 ἐόντας
690 2156 965 2211 ἰσοπαλέας
991 2158 1069 2208 καὶ
1091 2156 1334 2223 Ἀρκάδας
1356 2179 1410 2209 τε
1434 2159 1514 2209 καὶ
1538 2156 1807 2224 Ἀργείους,

149 2243 280 2289 τοῖσι
318 2238 430 2289 οὔτε
465 2243 654 2306 χρυσοῦ
689 2240 930 2308 ἐχόμενόν
965 2242 1077 2292 ἐστι
1117 2239 1258 2292 οὐδὲν
1294 2241 1407 2292 οὔτε
1446 2241 1674 2308 ἀργύρου,
1711 2245 1810 2293 τῶν
1835 2259 1884 2301 25

150 2320 262 2387 πέρι
320 2322 402 2372 καί
448 2343 557 2382 τινα
617 2322 782 2389 ἐνάγει
831 2324 1071 2390 προθυμίη
1121 2325 1405 2391 μαχόμενον
1455 2326 1806 2397 ἀποθνῄσκειν,

151 2404 372 2472 παρέχον
416 2407 468 2456 δὲ
511 2409 598 2469 τῆς
643 2405 817 2470 Ἀσίης
860 2405 1026 2471 πάσης
1067 2399 1241 2474 ἄρχειν
1285 2406 1543 2466 εὐπετέως,
1589 2408 1719 2459 ἄλλο
1761 2429 1809 2460 τι

85 2506 113 2549 9
151 2486 445 2554 αἱρήσεσθε,·
493 2488 853 2555 Ἀρισταγόρης
894 2493 985 2555 μὲν
1027 2495 1180 2541 ταῦτα
1223 2490 1381 2555 ἔλεξε,
1426 2491 1710 2556 Κλεομένης
1754 2494 1807 2544 δὲ

151 2572 387 2636 ἀμείβετο
444 2574 646 2624 τοισίδε·
704 2571 778 2623 ’ῗΩ
829 2572 959 2638 ξεῖνε
1019 2572 1257 2637 Μιλήσιε,
1320 2574 1680 2640 ἀναβάλλομαί
1732 2597 1810 2627 τοι

204 2720 231 2756 3
261 2706 467 2760 ἀρξάμενοι
485 2708 515 2747 S
530 2708 567 2746 V
583 2708 620 2746 U
641 2723 649 2747 :
679 2722 731 2747 an
748 2708 968 2761 ἆρξοίμεναὲ
1080 2721 1105 2758 5
1136 2713 1281 2760 σχοῖτε
1305 2709 1574 2749 Herwerden
1595 2725 1605 2749 :
1634 2711 1806 2762 σχοίη-τε

153 2761 273 2815 Stein
289 2781 293 2786 ·
469 2774 491 2811 7
523 2762 703 2815 ·ρότατοι
726 2763 766 2800 Α
781 2763 814 2800 Β
831 2763 864 2801 C
1062 2776 1111 2802 10
1141 2764 1322 2804 -τότατοι
1342 2764 1382 2802 Α
1398 2765 1432 2803 Β
1567 2763 1754 2807 ἁπάντων
1772 2766 1807 2805 Ρ

156 2828 202 2866 ξΙ
234 2833 280 2856 τε
302 2815 384 2854 SV
568 2817 842 2858 Καππαδοκίαι
864 2817 903 2855 U
1108 2831 1154 2855 12
1184 2819 1390 2870 Συνορίους
1411 2819 1445 2856 C
1645 2832 1693 2869 13
1722 2819 1751 2874 ᾗ
1771 2821 1805 2859 L

157 2882 205 2917 14
234 2869 369 2910 κέεται
393 2870 425 2907 L
474 2921 480 2923 ‚
610 2884 664 2919 20
694 2874 808 2911 ἐστιν
830 2871 862 2908 C
1045 2884 1093 2908 21
1127 2876 1231 2924 θαρρ.
1259 2873 1291 2910 Ρ
1307 2872 1443 2912 SVU
1627 2887 1679 2912 22
1710 2875 1802 2927 ἄρα]

153 2925 233 2974 ὥρα
252 2923 333 2962 SV
498 2922 552 2973 24
581 2926 796 2966 ι’σοπολεας
818 2925 852 2963 C
970 2938 1031 2974 pr.
1053 2926 1136 2975 καὶ]
1159 2943 1204 2966 τε
1226 2928 1289 2966 καὶ
1310 2927 1394 2966 SV
1470 2929 1473 2933 ’
1559 2941 1609 2977 27
1640 2928 1805 2982 παρέχω

154 2976 208 3015 Βι
228 2991 237 3017 :
267 2960 367 3028 παρὲ
387 2977 451 3016 V:
481 2979 628 3031 παρεὸν
650 2980 679 3017 S
845 2992 899 3028 29
927 2982 1063 3019 τοῖσδε
1090 2980 1120 3017 L
