2138 3334
45 133 104 183 v.
134 136 247 196 923
902 130 1332 179 HPOAOTOT
2082 0 2138 180 ]

281 284 336 315 τε
366 262 514 314 αὑτοῦ
544 261 657 328 παρ’
683 262 788 313 οἶόν
819 282 902 340 μιν
925 260 1080 327 ἄνδρα
1111 259 1445 327 ἀποπέμψειε,
1472 260 1537 314 ὥς
1560 259 1864 328 παραπλῆγά
1892 281 1947 313 τε

0 344 268 435 *⁶¹⁴⁰ae
285 348 363 400 καὶ
387 352 485 398 τῶν
509 350 689 398 ἑωυτοῦ
713 367 795 398 σιν
796 367 1011 412 -μωρον,
1038 337 1377 411 ἀπηγεόμενος
1399 343 1461 395 τά
1483 366 1573 412 περ
1597 344 1717 411 πρὸς
1741 348 1945 411 Θρασυ-

216 451 246 492 η
281 431 472 496 βούλου
504 431 715 482 ὀπώπεε.
804 430 1106 496 Περίανδρος
1139 433 1192 481 δὲ
1223 429 1386 483 συνεὶς
1414 428 1470 481 τὸ
1499 427 1704 494 ποιηθεν
1735 429 1814 481 καὶ
1851 429 1947 498 νόῳ

284 516 425 582 σχὼν
470 514 534 567 ὥς
577 516 622 566 οἱ
666 514 923 566 ὑπετίθετο
967 513 1338 579 Θρασύβουλος
1380 513 1494 566 τοὺς
1535 513 1808 580 ὑπερόχους
1851 518 1991 565 τῶνκ

284 600 452 650 ἀστῶν
494 598 740 665 φονεύειν,
783 600 993 649 ἐνθαῦτα
1034 597 1091 661 δὴ
1133 601 1304 650 πᾶσαν
1342 598 1585 662 κακότητα
1625 595 1858 664 ἐξέφαινε
1897 599 1950 650 ἐς
1973 621 1996 662 5

282 682 394 735 τοὺς
425 681 679 746 πολιήτας.
768 682 865 732 ὅσα
899 683 993 748 γὰρ
1026 681 1264 748 Κύψελος
1300 680 1513 733 ἀπέλιπε
1550 682 1750 733 κτείνων
1779 703 1833 733 τε
1870 681 1949 733 καὶ

285 766 489 825 διώκων,
521 766 827 832 Περίάνδρός
857 771 994 832 σφεα
1024 765 1316 823 ἀπετέλεσε,
1348 772 1435 837 μιῇ
1465 767 1517 816 δὲ
1546 764 1701 865 ἡμέρῃ
1732 763 1950 817 ἀπέδυσε

284 849 452 903 πάσας
501 852 589 903 τὰς
637 850 909 917 Κορινθίων
956 854 1189 916 γυναῖκας
1239 851 1318 900 διὰ
1368 848 1459 912 τὴν
1511 851 1693 900 ἑωυτοῦ
1744 853 1951 915 γυναῖκα

220 949 246 981 2
286 933 576 986 Μέλισσαν.
650 933 905 1000 πέμψαντι
934 932 1028 1000 γάρ
1054 955 1099 984 οι
1136 935 1186 986 ἐς
1211 932 1598 999 Θεσπρωτοὺς’
1578 931 1652 984 επ’
1675 931 1951 1036 Ἀχέροντα

0 1056 261 1106 :mum-⁴31*-
284 1018 506 1083 ποταμὸν
531 1017 775 1084 ἀγγέλους
805 1018 886 1069 ἐπὶ
916 1017 973 1068 τὸ
990 1015 1382 1083 νεκυομαντήιον
1406 1007 1817 1086 παρακαταθήκῃς
1839 1015 1951 1083 πέρι
1976 1038 2027 1068 10

0 1095 498 1201 ῑῦῗὲἴωχξεψικῆς
539 1102 651 1153 οὔτε
694 1100 961 1166 σημανέειν
1002 1101 1098 1168 ἔφη
1135 1101 1164 1166 ἡ
1206 1099 1452 1152 Μέλισσα
1494 1102 1799 1168 ἐπιφανεῖσα
1837 1100 1951 1152 οὔτε

7 1155 59 1208 ἢ
287 1185 535 1253 κατερέειν
580 1186 633 1237 ἐν
672 1191 739 1256 τῷ
786 1191 941 1237 κεῖται
983 1185 1130 1255 χώρῳ
1170 1185 1203 1250 ἡ
1242 1184 1642 1252 παρακαταθήκη·
1687 1185 1858 1251 ῥιγοῦν
1896 1206 1951 1236 τε

284 1272 379 1338 γὰρ
425 1272 503 1322 καὶ
550 1269 676 1322 εἶναι
720 1268 895 1337 γυμνή·
954 1275 1054 1321 τῶν
1096 1268 1192 1336 γάρ
1237 1271 1283 1321 οἱ
1332 1268 1687 1335 συγκατέθαψε
1739 1267 1951 1334 εἱμάτων

286 1356 471 1421 ὄφελος
502 1353 627 1406 εἶναι
656 1353 797 1406 οὐδὲν
820 1354 877 1405 οὐ
909 1352 1326 1405 κατακαυθέντων·
1369 1353 1634 1420 μαρτύριον
1665 1351 1720 1404 δέ
1748 1355 1794 1404 οἱ
1826 1351 1952 1405 εἶναι
1993 1355 1998 1361 ’

287 1439 352 1492 ὡς
375 1438 565 1503 ἀληθέα
587 1442 739 1490 ταῦτα
759 1437 915 1505 λέγει,
943 1439 1019 1490 ὅτι
1042 1439 1124 1490 ἐπὶ
1146 1437 1346 1506 ψυχρὸν
1369 1436 1455 1489 τὸν
1480 1437 1622 1506 ἷπζῷν
1647 1437 1952 1503 Περίανδρος
1969 1411 2126 1498 ψ’

224 1539 249 1584 3
287 1522 400 1575 τοὺς
438 1521 611 1589 ἄρτους
651 1522 890 1587 ἐπέβαλε.
976 1526 1129 1574 ταῦτα
1164 1524 1216 1573 δὲ
1255 1522 1319 1574 ὣς
1351 1522 1513 1573 ὀπίσω
1554 1520 1847 1588 ἀπηγγέλθη
1885 1525 1950 1590 τῷ
1990 1587 1995 1593 ι

289 1605 574 1676 Περιάνδρῳ
618 1605 816 1674 (πιστὸν
863 1606 958 1673 γάρ
1004 1608 1049 1658 οἱ
1096 1604 1156 1670 ἣν
1202 1606 1260 1657 τὸ
1312 1606 1644 1671 συμβόλαιον,
1694 1604 1747 1658 ὃς
1798 1610 1950 1675 νεκρῷ

287 1691 439 1762 ἐούσῃ
465 1692 707 1762 Μελίσσῃ
731 1688 908 1757 ἐμίγη),
937 1690 1079 1744 ι’θέως
1109 1690 1167 1754 δὴ
1198 1691 1321 1755 μετὰ
1344 1690 1433 1754 τὴν
1458 1690 1700 1756 ἀγγελίην
1733 1687 1952 1756 κήρυγμα

287 1773 555 1838 ἐποιήσατο
607 1777 657 1829 ἐς
706 1775 763 1827 τὸ
805 1773 1024 1842 ’ῬΙραιον
1076 1773 1258 1838 ἐξιέναι
1316 1772 1483 1827 πάσας
1539 1775 1626 1827 τὰς
1678 1774 1952 1840 Κορινθίων

286 1863 533 1926 γυναῖκας.
600 1861 650 1911 αἱ
679 1862 768 1924 μὲν
799 1858 856 1922 δὴ
883 1859 946 1912 ὡς
977 1860 1027 1912 ἐς
1059 1858 1206 1925 ὁρτὴν
1229 1857 1379 1923 ἤισαν
1402 1858 1572 1927 κόσμῳ
1595 1862 1662 1926 τῷ
1696 1857 1951 1926 καλλίστῳ
1977 1878 2028 1906 20

286 1943 578 2010 χρεώμεναι,
614 1944 640 1993 ὁ
671 1942 711 1994 δ’
742 1941 1032 2007 ὑποστήσας
1063 1943 1176 1995 τοὺς
1207 1942 1509 2008 δορυφόρους
1539 1940 1758 1993 ἀπέδυσέ
1788 1947 1952 2007 σφεας

289 2026 454 2080 πάσας
491 2028 685 2092 ὁμοίως,
717 2026 804 2080 τάς
834 2049 888 2079 τε
919 2026 1179 2092 ἐλευθέρας
1217 2026 1294 2077 καὶ
1330 2028 1419 2079 τὰς
1455 2026 1790 2093 ἀμφιπόλους,
1824 2047 1947 2090 συμ-

223 2129 251 2172 4
289 2110 517 2177 φορήσας
538 2114 591 2163 δὲ
610 2113 660 2164 ἐς
679 2113 868 2178 ὄρυγμα
887 2112 1130 2182 Μελίσσῃ
1151 2110 1483 2178 ἐπευχόμενος
1504 2108 1742 2161 κατέκαιε.
1801 2114 1951 2161 ταῦτα

289 2194 342 2246 δέ
366 2197 411 2246 οἱ
435 2194 700 2259 ποιήσαντι
726 2195 802 2246 καὶ
827 2195 883 2246 τὸ
907 2195 1135 2261 δεύτερον
1157 2194 1414 2261 πέμψαντι
1439 2193 1634 2260 ἔφρασε
1656 2193 1713 2244 τὸ
1744 2195 1951 2245 εἴδωλον

287 2282 343 2329 τὸ
375 2279 645 2343 Μελίσσης
682 2280 732 2332 ἐς
768 2278 854 2330 τὸν
892 2278 1127 2342 κατέθηκε
1162 2283 1327 2346 χῶρον
1356 2282 1441 2329 τοῦ
1475 2276 1636 2342 ξείνου
1672 2277 1761 2341 τὴν
1792 2299 1947 2344 παρα-
1977 2296 2024 2337 ²5

288 2361 581 2427 καταθήκην.
670 2367 862 2414 τοιοῦτο
896 2364 988 2427 μὲν
1017 2364 1132 2427 ὑμῖν
1162 2363 1272 2412 ἐστι
1305 2362 1335 2426 ἡ
1366 2363 1607 2428 τυραννίς,
1640 2358 1677 2411 ὦ
1708 2364 1947 2412 Λακεδαι-

226 2463 247 2511 5
286 2447 463 2510 μόνιοι,
493 2446 570 2497 καὶ
599 2447 833 2497 τοιούτων
857 2445 1031 2512 ἔργων.
1099 2444 1252 2510 ἡμέας
1283 2436 1335 2497 δὲ
1364 2444 1475 2498 τοὺς
1500 2446 1787 2511 Κορινθίους
1817 2445 1875 2495 τό
1896 2467 1950 2496 τε

288 2530 459 2581 αὐτίκα
491 2534 629 2595 θῶμα
657 2530 786 2597 μέγα
823 2529 929 2598 εἶχε
963 2530 1045 2581 ὅτε
1079 2529 1228 2594 ὑμέας
1261 2531 1452 2593 εἴδομεν
1482 2528 1950 2594 μεταπεμπομένους

345 2680 362 2705 1
395 2667 462 2719 τε]
485 2667 527 2708 δὲ
550 2667 584 2706 Ε
692 2666 780 2719 μιν]
801 2684 892 2708 τινα
910 2667 943 2704 E
1108 2679 1132 2704 2
1163 2682 1235 2719 περ
1257 2679 1337 2704 om.
1365 2665 1444 2704 SV
1461 2665 1499 2703 U
1677 2677 1703 2713 3
1733 2667 1863 2707 συνεὶς
1885 2665 1919 2704 Ε
1939 2680 1948 2704 :

288 2724 434 2762 συνιεὶς
455 2723 543 2762 rell.
767 2736 791 2771 4
823 2723 939 2774 σχὼν
961 2720 1008 2759 Ρ1
1026 2720 1106 2760 SV
1121 2721 1158 2758 U
1176 2734 1185 2758 τ
1216 2723 1348 2773 ἴσχων
1367 2720 1408 2758 Α
1421 2719 1455 2757 Β
1470 2719 1503 2758 C
1521 2719 1554 2758 E
1711 2720 1946 2772 ὑπειρόχους

286 2776 326 2814 Α
342 2777 375 2814 Β
389 2777 422 2815 C
439 2777 472 2814 P
662 2790 687 2827 5
719 2776 909 2830 ἐξέφανεν
932 2775 1011 2815 SV
1185 2787 1206 2823 7
1238 2784 1317 2826 σφε
1338 2775 1375 2813 V
1390 2775 1428 2812 U
1558 2773 1756 2814 ἁπετέλεε
1777 2775 1815 2812 Α
1831 2774 1865 2812 Β
1881 2774 1914 2812 C
1936 2789 1946 2813 :

289 2830 509 2872 ἐπετέλεσε
532 2832 561 2870 S
731 2845 779 2869 12
810 2831 945 2871 κέεται
968 2831 1001 2868 L
1170 2842 1217 2879 13
1246 2829 1414 2879 ἱματίων
1433 2828 1521 2866 ΑΒ
1536 2828 1570 2867 C
1742 2841 1789 2878 14
1821 2828 1885 2880 οὐ]
1908 2830 1946 2868 οἵ

289 2885 370 2924 SV
384 2885 423 2923 U
561 2892 806 2927 κατακαυσθ.
828 2885 868 2923 Α
882 2885 916 2923 C
931 2885 982 2922 ΡΟ
1178 2897 1224 2933 17
1257 2887 1307 2924 ὣς
1329 2884 1410 2922 SV
1424 2883 1462 2922 U
1659 2884 1707 2922 18
1736 2884 1886 2935 κήρυκα
1907 2883 1941 2920 C

287 2952 341 2978 20
370 2940 551 2991 ἤ<ι)εσαν
573 2941 602 2979 S
615 2941 651 2978 V
668 2941 706 2979 U
871 2952 921 2987 24
954 2937 1096 2991 ἔφραζε
1124 2938 1157 2976 Ρ
1171 2938 1201 2976 S
1214 2939 1253 2977 V
1268 2938 1306 2976 U
1471 2938 1525 2976 26
1552 2941 1736 2991 τοιοῦτον
1757 2937 1790 2975 C
1804 2938 1834 2976 S
1849 2937 1886 2975 V
1902 2937 1939 2975 U

289 2997 378 3034 ἐστι
399 2998 487 3045 ὑμῖν
509 2995 539 3033 S
555 2996 589 3032 V
605 2996 643 3033 U
756 3008 805 3044 27
837 2995 884 3034 τὸ
905 2994 1002 3034 τότε
1025 2994 1055 3032 S
1070 2994 1132 3031 V:
1160 2993 1258 3033 τότε
1279 3010 1324 3032 τε
1349 2992 1616 3032 Heu-werden
1727 2993 1780 3030 28
1810 2997 1943 3042 θωυμα

289 3048 322 3086 Ρ
338 3048 366 3087 S
380 3049 416 3087 V
432 3050 468 3087 U
583 3051 645 3090 ὅτι
672 3050 705 3087 Ρ
