2132 3340
137 47 228 99 IX.
253 61 308 111 51
971 50 1404 100 HPOAOTOT

342 178 552 244 ἡμίσεας
585 176 922 231 ἀποστέλλειν
952 185 1038 231 τοῦ
1069 179 1408 247 στρατοπέδου
1438 179 1560 247 πρὸς
1589 179 1676 232 τὸν
1708 183 2004 249 Κιθαιρῶνα,

344 263 408 316 ὡς
438 262 745 328 ἀναλάβοιεν
776 263 890 317 τοὺς
920 263 1144 319 ὀπέωνας
1174 264 1287 319 τοὺς
1318 265 1398 317 ἐπὶ
1433 266 1494 317 τὰ
1532 265 1668 317 σιτία
1696 265 2002 334 οἰχομένους·

240 359 306 411 52
343 345 473 411 ἦσαν
503 349 598 414 γὰρ
631 348 684 399 ἐν
713 352 781 417 τῷ
815 346 1082 415 Κιθαιρῶνι
1114 348 1537 415 ἀπολελαμμένοι.
1609 354 1762 401 ταῦτα
1789 355 2001 416 βουλευ·

342 430 552 496 σάμενοι
597 432 763 496 κείνην
806 435 898 505 μὲν
940 432 1030 497 τὴν
1072 432 1259 499 ἡμέρην
1305 437 1475 486 πᾶσαν
1516 433 1875 500 προσκειμένης
1915 437 2005 500 τῆς

0 520 254 583 *aud-43
340 516 491 567 ἵππου
520 515 658 584 εἶχον
689 517 840 568 πόνον
870 516 1094 586 ἄτρ-υ-τον·
1142 518 1207 571 ὡς
1243 520 1295 570 δὲ
1327 518 1360 582 ἥ
1387 539 1441 570 τε
1469 516 1623 584 ἡμέρη
1655 518 1805 585 ἔληγε
1843 519 1922 571 καὶ
1958 521 2004 572 οἱ
2027 540 2051 582 5

343 598 515 652 ἱππέες
547 597 841 659 ἐπέπαυντο,
869 605 1041 655 νυκτὸς
1072 601 1130 666 δὴ
1155 601 1418 668 γινομένης
1449 603 1528 654 καὶ
1560 602 1738 667 ἐούσης
1767 605 1855 667 τῆς
1876 603 2005 669 ὥρης

340 683 391 736 ἐς
421 682 509 748 τὴν
541 682 599 748 δὴ
625 684 880 736 συνέκειτό
911 692 1008 752 σφι
1037 684 1481 745 ἀπαλλάσσεσθαι,
1507 688 1718 737 ἐνθαῦτα
1747 685 2005 752 ἀερθέντες

339 769 386 819 οἱ
411 768 594 819 πολλοῖΙ
617 768 1033 829 ἀπαλλάσσοντο,
1061 772 1110 823 ἐς
1139 773 1229 835 μὲν
1253 770 1339 822 τὸν
1369 775 1534 838 χῶρον
1559 771 1610 825 ἐς
1639 769 1724 822 τὸν
1749 769 2003 823 συνέκειτο
2065 776 2073 783 ’

338 851 425 903 οὐκ
445 853 498 904 ἐν
517 852 614 922 νόῳ
635 852 852 920 ἔχοντες,
876 856 922 906 οἱ
943 856 994 906 δὲ
1017 854 1081 908 ὡς
1105 853 1421 919 ἐκινήθησαν,
1445 854 1662 921 ἔφευγον
1681 853 1891 920 ἄσμενοι
1911 854 2003 919 τὴν

336 937 488 989 ἵππον
517 935 639 1004 πρὸς
668 936 757 1001 τὴν
782 937 1079 990 Πλαταιέων
1111 939 1275 998 πόλιν,
1303 939 1574 1005 φεύγοντες
1603 940 1656 990 δὲ
1687 937 2003 991 ἀπικνέονται
2031 959 2079 988 ιο

337 1021 419 1073 ἐπὶ
448 1020 506 1072 τὸ
521 1019 755 1087 ‘'Hpatov.
823 1021 880 1073 τὸ
910 1025 962 1074 δὲ
993 1026 1088 1090 πρὸ
1111 1026 1198 1086 τῆς
1229 1023 1405 1076 πόλιός
1436 1024 1546 1073 ἐστι
1574 1025 1661 1086 τῆς
1686 1021 1998 1083 Πλαταιέων,

337 1106 495 1158 εἴκοσι
546 1106 775 1160 σταδίους
823 1105 921 1158 ἀπὸ
965 1109 1051 1171 τῆς
1100 1104 1280 1173 κρήνης
1324 1109 1411 1171 τῆς
1455 1107 1762 1173 Γαργαφίης
1793 1105 1999 1175 ἀπέχον.

233 1204 298 1252 53
336 1190 625 1255 ἀπικόμενοι
649 1192 702 1242 δὲ
726 1189 896 1242 ἔθεντο
922 1194 1014 1258 πρὸ
1039 1195 1125 1242 τοῦ
1149 1193 1253 1258 ἱροῦ
1282 1192 1343 1242 τὰ
1373 1191 1523 1242 ὅπλα.
1592 1191 1671 1242 καὶ
1699 1193 1745 1243 οἱ
1774 1193 1866 1256 μὲν
1890 1191 2001 1258 περὶ

335 1273 391 1325 τὸ
423 1272 640 1340 ”Ηραιον
686 1275 1183 1341 ἐστρατοπεδεύοντο,
1231 1275 1525 1339 ΠαυσανίηῑΙ
1566 1277 1622 1327 δὲ
1665 1275 1792 1341 ὁρῶν
1836 1274 2001 1343 σφέας

336 1357 823 1424 ἀπαλλασσομένους
853 1360 906 1410 ἐκ
937 1364 1023 1411 τοῦ
1052 1358 1389 1426 στρατοπέδου
1414 1357 1735 1426 παρήγγελλε
1766 1360 1846 1412 καὶ
1868 1364 2001 1412 τοῖσι
2030 1381 2077 1421 ¹5

335 1443 771 1508 Λακεδαιμονίοισι
830 1444 1182 1509 ἀναλαβόντας
1231 1445 1294 1494 τὰ
1350 1444 1486 1496 ὅπλα
1539 1442 1664 1495 ἰέναι
1716 1445 1839 1514 κατὰ
1886 1443 2002 1499 τοὺς
2035 1448 2132 1510 ομῖ

333 1526 530 1587 ἄλλους,
556 1527 979 1595 τοὺς-προϊόντας,
1013 1529 1224 1594 νομίσας
1261 1527 1436 1582 αὐτοὺς
1475 1528 1525 1581 ἐς
1561 1527 1649 1580 τὸν
1678 1533 1844 1597 χῶρον
1876 1527 2002 1580 ἰέναι

0 1504 325 1573 „mu-⁸²

70 1582 183 1635 W

271 1629 296 1661 2
335 1612 385 1664 ἐς
429 1611 514 1663 τὸν
560 1610 912 1678 συνεθήκαντο.
1002 1614 1214 1665 ἐνθαῦτα
1255 1614 1302 1664 οἱ
1344 1614 1436 1678 μὲν
1475 1611 1624 1664 ἄλλοι
1669 1611 1828 1679 ἄρτιοι
1871 1611 2001 1677 ἦσαν

334 1700 432 1747 τῶν
480 1695 761 1764 ταξιάρχων
809 1697 1071 1749 πείθεσθαι
1116 1697 1397 1768 Παυσανίῃ,
1445 1695 1825 1763 Ἀμομφάρετος
1874 1699 1926 1748 δὲ
1972 1698 2000 1747 6

335 1779 596 1833 Πολιάδεω
641 1780 907 1849 λοχηγέων
949 1786 1035 1832 τοῦ
1078 1779 1369 1846 Πιτανήτεω
1413 1781 1573 1849 λόχου
1617 1781 1703 1832 οὐκ
1747 1781 1845 1848 ἔφη
1886 1780 2000 1835 τοὺς
2025 1807 2076 1835 20

334 1862 523 1928 ξείνους
554 1863 829 1932 φεύξεσθαι
858 1864 970 1918 οὐδὲ
1001 1866 1125 1918 ἑκὼν
1157 1865 1283 1917 εἶναι
1313 1863 1598 1932 αἰσχυνέειν
1629 1864 1719 1929 τὴν
1748 1863 1996 1932 Σπάρτην,

334 1948 553 2013 ἐθώμαζέ
590 1971 642 2001 τε
682 1948 837 2016 ὁρέων
868 1949 923 2000 τὸ
960 1950 1252 2015 ποιεύμενον
1282 1949 1370 2001 ἅτε
1408 1948 1465 2000 οὐ
1502 1949 1902 2015 παραγενόμενος
1931 1954 1997 2018 τῷ

270 2054 295 2097 3
334 2032 551 2103 προτέρῳ
582 2034 736 2102 λόγῳ.
826 2034 852 2084 ὁ
889 2037 942 2086 δὲ
973 2035 1265 2098 Παυσανίης
1295 2055 1349 2085 τε
1382 2032 1461 2085 καὶ
1491 2034 1517 2083 6
1551 2031 1811 2099 Εὐρυάναξ
1836 2032 1996 2085 δεινὸν

332 2119 422 2181 μὲν
454 2118 706 2170 ἐποιεῦντο
737 2117 794 2169 τὸ
807 2107 890 2183 ’μὴ
922 2120 1184 2170 πείθεσθαι
1215 2119 1405 2169 ἐκεῖνον
1435 2118 1606 2184 σφίσι,
1640 2117 1914 2183 δεινότερον
1943 2119 1997 2169 δὲ

333 2200 405 2252 ἔτι
437 2203 779 2254 κείνουταῦτα
815 2201 1092 2267 νενωμένου
1121 2204 1388 2254 ἀπολιπεῖν
1417 2201 1504 2253 τὸν
1533 2201 1691 2268 λόχον
1719 2200 1805 2252 τὸν
1836 2205 1993 2252 Πιτα-
2023 2224 2070 2265 25

333 2283 499 2349 νήτην,
541 2286 608 2350 μὴ
650 2282 712 2349 ἢν
755 2287 1045 2339 ἀπολίπωσι
1090 2291 1340 2339 ποιεῦντες
1384 2287 1446 2336 τὰ
1489 2283 1825 2349 συνεθήκαντο
1863 2288 1997 2336 τοῖσι

332 2368 542 2421 ἄλλοισι
561 2368 805 2434 ὟΕλλησι,
840 2371 1090 2435 ἀπόληται
1119 2369 1441 2436 ὑπολειφθεὶς
1472 2369 1618 2423 αὐτός
1645 2389 1700 2420 τε
1731 2367 1993 2436 Ἀμομφά-

265 2471 294 2516 4
329 2472 471 2518 ρετος
502 2454 580 2505 καὶ
611 2456 655 2506 οἳ
691 2453 796 2518 μετ’
829 2455 992 2506 αὐτοῦ.
1080 2458 1234 2505 ταῦτα
1267 2453 1580 2520 λογιζόμενοι
1617 2451 1826 2520 ἀτρέμας
1857 2451 1995 2520 εἶχον

387 2605 412 2631 2
451 2591 626 2632 ὀπεώνας
648 2590 682 2628 Β
701 2608 709 2630 :
752 2590 922 2632 ὀπάονας
954 2592 992 2630 R
1011 2605 1020 2630 :
1060 2591 1242 2631 ὀπαῶνας
1272 2590 1326 2630 S:
1368 2593 1542 2630 ὃπεῶνας
1562 2589 1599 2627 V
1774 2602 1799 2638 4
1840 2589 1996 2637 ἐκείνην

333 2645 375 2685 R
389 2647 419 2686 S
433 2645 471 2685 V
607 2645 867 2698 προκειμένης
889 2645 923 2683 C
940 2645 970 2684 S
1175 2646 1202 2683 6
1232 2644 1302 2695 δὴ]
1324 2643 1365 2684 δὲ
1389 2643 1446 2682 R¹
1460 2644 1497 2681 V
1674 2642 1839 2691 θεούσης
1857 2643 1898 2681 Α
1911 2642 1946 2682 Β
1961 2644 1994 2682 C

335 2713 357 2751 7
399 2702 446 2750 δὴ
475 2713 556 2739 om.
577 2698 713 2738 ABC
730 2699 763 2737 P
962 2702 989 2739 8
1028 2699 1348 2740 ἀπαλλάσσοντο
1375 2711 1456 2737 om.
1487 2697 1521 2735 C
1692 2700 1755 2753 ,ἐς
1784 2699 1831 2738 ὃν
1857 2697 1944 2736 ΑΒ
1961 2698 1995 2736 C

330 2770 359 2806 9
384 2754 454 2806 ὡς]
474 2751 563 2796 ἐςΟ
681 2765 725 2791 11
752 2755 911 2807 Ἡραῖον
930 2755 979 2795 τὸ
995 2754 1044 2802 δὴ
1062 2753 1101 2791 R
1117 2754 1147 2791 S
1160 2753 1198 2791 V
1330 2764 1378 2800 14
1403 2752 1484 2805 ἱρὸν
1501 2751 1540 2788 R
1556 2751 1635 2790 SV
1766 2764 1814 2802 15
1839 2752 1994 2804 ’παρήγ-

332 2819 447 2860 γειλε
469 2809 553 2847 CV
567 2810 620 2861 (²)
811 2821 860 2858 19
889 2806 1137 2877 ταξιαρχέων
1159 2808 1198 2846 R
1218 2807 1247 2846 S
1261 2807 1300 2845 V
1462 2807 1634 2858 Ἀμομφ.
1660 2806 1844 2860 (Ἀμορφ.
1869 2807 1906 2844 R
1922 2806 1994 2852 V¹)

333 2863 378 2904 δὲ
398 2877 479 2904 om.
505 2864 539 2902 C
720 2876 773 2900 20
802 2870 1063 2912 Πιτανητεων
1084 2861 1134 2910 L,
1157 2874 1263 2900 corr.
1290 2861 1418 2900 Koen
1601 2871 1654 2909 25
1686 2861 1835 2902 ἐκείνου
1859 2860 1897 2899 R
1913 2861 1995 2900 SV

333 2917 447 2958 ταῦτ’
469 2916 724 2968 ἀναινομένου
747 2916 787 2956 Α
803 2917 839 2956 Β
856 2917 889 2956 C
907 2916 958 2955 P'
1094 2916 1316 2964 Πιτανίτην
1337 2914 1371 2953 C
1530 2927 1580 2963 27
1612 2916 1854 2967 ὑποληφθεὶς
1878 2915 1916 2953 R
1929 2916 1966 2955 V
