2138 3346
168 433 230 484 77

897 114 1328 164 ΗΡΟΔΟΤΟΤ

269 245 361 313 τὴν
402 244 640 315 στρατιὴν
684 242 934 313 κατήγαγε
973 247 1026 299 ἐς
1069 242 1283 312 Θυρέην,
1328 243 1750 313 σφαγιασάμενος,
1784 248 1839 300 δὲ
1874 253 1937 320 τῇ

270 330 508 403 θαλάσσῃ
540 335 719 397 ταῦρον
750 330 983 383 πλοίοισί
1009 335 1175 397 σφεας
1205 327 1365 397 ἤγαγε
1394 328 1446 384 ἔς
1473 351 1528 382 τε
1557 328 1936 400 τὴν-Τιρυνθίην

269 416 438 484 χώρην
469 415 547 467 καὶ
579 416 864 480 Ναυπλίην.
953 413 1174 482 Ἀργεῖοι
1205 416 1260 467 δὲ
1290 411 1535 480 ἐβοήθεον
1571 414 1935 481 πυνθανόμενοι

268 504 423 551 ταῦτα
473 499 556 552 ἐπὶ
607 498 892 552 θάλασσαν.
984 498 1050 554 ὡς
1101 500 1154 551 δὲ
1207 499 1369 566 ἀγχοῦ
1419 500 1512 564 μὲν
1564 499 1789 565 ἐγίνοντο
1845 501 1934 564 τῆς

267 585 523 650 Τίρυνθος,
570 583 715 653 χώρῳ
761 574 814 636 δὲ
859 585 913 636 ἐν
956 583 1111 654 τούτῳ
1164 587 1231 653 τῷ
1285 587 1438 635 κεῖται
1488 580 1678 648 Σήπεια
1728 582 1931 649 οὔνομα,

267 669 561 735 μεταίχμιον
592 667 649 718 οὐ
677 666 819 735 μέγα
837 668 1172 721 ἀπολιπόντες
1208 668 1372 731 ἵζοντο
1408 667 1568 720 ἀντίοι
1602 672 1738 719 τοῖσι
1771 670 1930 720 Λακε-

268 753 586 817 δαιμονίοισι.
659 753 871 804 ἐνθαῦτα
901 751 959 817 δὴ
984 754 1031 804 οἱ
1055 751 1276 819 Ἀργεῖοι
1297 751 1389 817 τὴν
1411 753 1504 817 μὲν
1527 753 1581 803 ἐκ
1605 755 1691 803 τοῦ
1715 756 1934 819 φανεροῦ

267 835 435 904 μάχην
471 835 557 887 οὐκ
595 835 894 902 ἐφοβέοντο,
927 837 1061 888 ἀλλὰ
1097 835 1162 902 μὴ
1194 837 1323 907 δόλῳ
1354 834 1634 903 αἱρεθέωσι.
1724 835 1803 887 καὶ
1837 837 1934 903 γὰρ

268 918 326 985 δή
359 927 458 988 σφι
490 922 539 974 ἐς
569 924 713 971 τοῦτο
743 919 802 972 τὸ
831 923 1034 988 πρῆγμα
1064 920 1170 989 εἶχε
1199 924 1255 971 τὸ
1280 918 1602 989 χρηστήριον,
1627 919 1685 971 τὸ
1709 921 1934 972 ἐπίκοινα

268 1003 454 1073 ἔχρησε
485 1004 514 1069 ἡ
547 1006 707 1069 Πυθίη
740 1004 967 1057 τούτοισί
993 1026 1047 1057 τε
1079 1005 1158 1056 καὶ
1191 1005 1496 1069 Μιλησίοισι
1524 1002 1678 1071 λέγον
1706 1004 1819 1056 ὧδε·

436 1109 552 1162 ἀλλ’
585 1110 705 1162 ὅταν
734 1110 764 1175 ἡ
796 1108 972 1175 θήλεια
1000 1109 1088 1163 τὸν
1117 1109 1306 1177 ἄρσενα
1333 1108 1587 1175 νικήσασα

436 1192 654 1266 ἐξελάσῃ
689 1194 766 1246 καὶ
800 1198 940 1249 κῦδος
972 1197 1025 1247 ἐν
1056 1194 1364 1262 Ἀργείοισιν
1394 1194 1586 1261 ἄρηται,

1956 604 1979 646 5

1943 1022 2012 1052 ,10

434 1280 630 1332 πολλὰς
660 1278 902 1346 Ἀργείων
933 1277 1283 1351 ἆμφιρρυφέας
1312 1279 1425 1332 τότε
1455 1277 1617 1344 θήσει.
1641 1278 1860 1354 Qum-5⁸⁸3
1880 1275 2138 1322 maneum

435 1363 500 1417 ὥς
530 1362 650 1415 ποτέ
678 1384 752 1417 τις
782 1362 907 1431 ἐρέει
941 1364 1019 1415 καὶ
1051 1362 1411 1430 ἐπεσσομένων
1440 1364 1729 1431 ἀνθρώπων·

434 1447 594 1501 δεινὸς
624 1449 740 1515 ὄφις
770 1446 1044 1515 τριέλικτος
1073 1448 1303 1501 ἀπώλετο
1332 1448 1468 1515 δουρὶ
1499 1449 1784 1514 δαμασθείς.

266 1556 419 1603 ταῦτα
442 1551 499 1616 δὴ
531 1551 696 1605 πάντα
720 1554 1028 1605 συνελθόντα
1050 1558 1185 1606 τοῖσι
1207 1553 1485 1621 Ἀργείοισι
1509 1555 1678 1622 φόβον
1702 1559 1927 1623 παρεῖχε.

266 1637 347 1688 καὶ
391 1634 449 1701 δή
499 1643 599 1704 σφι
646 1636 767 1704 πρὸς
813 1642 967 1690 ταῦτα
1013 1637 1154 1703 ἔδοξε
1200 1643 1267 1708 τῷ
1316 1636 1487 1705 κήρυκι
1532 1643 1631 1691 τῶν
1676 1640 1930 1704 πολεμίων

265 1723 502 1788 χρᾶσθαι,
535 1719 686 1786 δόξαν
717 1720 772 1773 δέ
802 1728 901 1790 σφι
933 1722 1131 1775 ἐποίευν
1158 1723 1368 1775 τοιόνδε·
1415 1724 1540 1776 ὅκως
1565 1724 1591 1774 6
1616 1721 1928 1790 Σπαρτιήτης

268 1802 421 1871 κῆρυξ
435 1807 767 1872 προσημαίνοι
786 1827 835 1858 τι
853 1807 1306 1873 Λακεδαιμονίοισι,
1328 1808 1526 1860 ἐποίευν
1547 1807 1626 1859 καὶ
1645 1810 1690 1860 οἱ
1709 1807 1930 1874 Ἀργεῖοι

265 1888 421 1940 τώυτὸ
480 1894 640 1941 τοῦτο.
727 1891 897 1956 μαθὼν
956 1893 1009 1943 δὲ
1067 1893 1094 1942 6
1155 1890 1441 1957 Κλεομένης
1500 1896 1757 1946 ποιεῦντας
1814 1890 1927 1944 τοὺς

266 1972 521 2040 Ἀργείους
544 1974 710 2026 ὁκοῖόν
731 1996 780 2026 τι
804 1975 830 2025 ὁ
853 1974 1099 2042 σφέτερος
1124 1974 1280 2042 κῆρυξ
1305 1974 1558 2041 σημήνειε,
1586 1974 1927 2043 παραγγέλλει

267 2064 382 2124 σφι,
415 2058 534 2109 ὅταν
572 2057 771 2130 σημήνῃ
803 2059 829 2108 6
861 2057 1014 2125 κῆρυξ
1043 2058 1303 2111 ποιέεσθαι
1339 2059 1561 2126 ἄριστον,
1594 2061 1706 2112 τότε
1736 2061 1922 2112 ἀναλα-

266 2142 454 2206 βόντας
497 2144 558 2193 τὰ
604 2143 738 2194 ὅπλα
785 2142 993 2210 χωρέειν
1042 2145 1092 2197 ἐς
1139 2143 1252 2198 τοὺς
1297 2142 1566 2211 Ἀργείους.
1652 2148 1805 2195 ταῦτα
1848 2142 1928 2194 καὶ

268 2224 467 2292 ἐγένετο
520 2225 751 2278 ἐπιτελέα
809 2228 861 2278 ἐκ
920 2232 1020 2279 τῶν
1079 2228 1495 2292 Λακεδαιμονίων·
1569 2226 1775 2294 ἄριστον
1833 2228 1928 2293 γὰρ

266 2308 606 2374 ποιευμένοισι
636 2315 768 2362 τοῖσι
799 2310 1076 2378 Ἀργείοισι
1113 2313 1166 2363 ἐκ
1203 2315 1290 2363 τοῦ
1327 2312 1634 2379 κηρύγματος
1672 2309 1925 2370 ἐπεκέατο,

269 2393 347 2444 καὶ
377 2393 599 2447 πολλοὺς
629 2396 721 2459 μὲν
751 2395 1033 2461 ἐφόνευσαν
1065 2394 1241 2455 αὐτῶν,
1275 2400 1448 2465 πολλῷ
1480 2394 1534 2448 δέ
1562 2417 1610 2447 τι
1638 2400 1854 2449 πλεῦνας
1877 2396 1929 2448 ἐς

267 2481 322 2528 τὸ
352 2476 512 2531 ἄλσος
542 2482 628 2529 τοῦ
645 2476 835 2545 Ἀργου
860 2479 1238 2547 καταφυγόντας
1262 2479 1588 2551 περιιζόμενοι
1611 2479 1926 2547 ἐφύλασσον.

236 2581 239 2584 ·
268 2562 493 2614 ἐνθεῦτεν
529 2564 584 2615 δὲ
614 2563 641 2613 6
680 2561 967 2628 Κλεομένης
1003 2563 1168 2615 ἐποίεε
1207 2563 1413 2615 τοιόνδε·
1460 2562 1592 2632 ἔχων
1627 2562 1929 2629 αὐτομόλους

327 2710 344 2736 1
379 2702 532 2752 κατῆγε
555 2699 588 2738 C
604 2700 637 2738 P
830 2713 855 2738 2
884 2717 930 2741 τε
951 2712 1033 2740 om.
1060 2701 1099 2739 R
1115 2699 1196 2741 SV
1386 2712 1412 2750 5
1442 2700 1577 2742 κέεται
1598 2700 1633 2739 L
1765 2699 1930 2749 ησίπεια

266 2751 374 2792 ΑΒι
394 2768 403 2793 :
435 2755 461 2804 ἡ
488 2755 623 2795 σίπεια
651 2754 684 2794 C
701 2754 735 2793 P
955 2756 983 2793 6
1012 2755 1148 2796 ἀντίον
1174 2754 1213 2793 Α
1227 2754 1262 2793 Β
1278 2754 1311 2793 C
1530 2756 1556 2793 8
1586 2757 1767 2808 αἱρεθῶσι
1791 2754 1831 2792 R
1846 2753 1929 2794 SV

266 2820 293 2857 9
337 2809 400 2849 ἐπὶ
440 2812 551 2858 κοινῆ
592 2809 632 2847 R
654 2809 684 2848 S
705 2809 745 2847 V
904 2865 915 2879 ε
967 2821 1016 2858 15
1059 2807 1297 2863 τριέληκτος
1339 2809 1381 2878 Β,
1402 2809 1432 2848 S
1451 2810 1491 2849 V
1479 2863 1518 2902 R
1559 2808 1744 2851 ἀέλικτος
1774 2808 1816 2847 Α
1835 2808 1871 2879 B:
1892 2808 1927 2854 C

270 2863 770 2971 ἓΡῗῗῖζῗμέάζέζῦεῗιὸνν
879 2880 913 2904 ⁰⁴
933 2876 1014 2967 ⁰2⁴:-
1038 2865 1199 2970 εςγίνετο
1211 2877 1264 2957 23
1276 2868 1454 2958 ὃπῧεσθε
1574 2920 1628 2957 26
1656 2876 1929 2960 ἓβέἔιωὲεἴεδιέ

267 2969 308 3009 Α
320 2970 356 3010 Β
372 2970 406 3010 C
571 2983 623 3021 27
653 2970 922 3026 περιεζόμενοι
940 2972 981 3012 Α
994 2972 1029 3012 Β
1045 2973 1078 3012 C
1243 2974 1296 3012 28
1326 2973 1374 3022 δὴ
1395 2972 1427 3012 S

1959 1473 2007 1515 15

1955 1915 2006 1944 20

1953 2334 2002 2375 25
