2132 3340
726 93 1101 142 ΙΣΤΟΡΙΩΝ
1166 94 1181 140 ι
1847 92 1935 142 lx,
1968 105 2036 152 93

141 229 193 279 δὲ
239 223 548 291 τελεομένων
599 223 736 276 αὐτοὶ
787 224 968 276 δώσειν
1015 223 1206 293 Εὐηνίῳ
1254 224 1395 275 δόσιν
1440 221 1673 286 τοιαύτην
1717 220 1807 285 τὴν

141 310 362 364 πολλούς
383 331 468 375 μιν
491 313 747 376 μακαριεῖν
768 309 1039 375 ἀνθρώπων
1061 308 1258 375 ἔχοντα.
1332 310 1392 359 τὰ
1411 310 1503 372 μὲν
1526 303 1807 374 χρηστήρια
1847 322 1917 369 94

141 394 294 447 ταῦτά
332 401 429 461 σφι
469 392 711 461 ἐχρήσθη,
746 396 791 445 οἱ
833 395 886 444 δὲ
927 392 1330 456 Ἀπολλωνιῆται
1370 392 1623 458 ἀπόρρητα
1663 412 1804 455 ποιη-

142 478 350 545 σάμενοι
392 477 671 545 προέθεσαν
712 483 810 529 τῶν
853 479 1020 528 ἀστῶν
1060 475 1271 544 ἀνδράσι
1311 475 1601 545 διαπρῆξαι.
1664 477 1711 526 οἱ
1751 473 1806 525 δέ

93 587 116 628 5
143 570 241 631 σφι
278 561 545 629 διέπρηξαν
583 563 694 614 ὧδε·
742 561 1017 627 κατημένου
1055 562 1268 626 Εὐηνίου
1305 563 1358 612 ἐν
1396 561 1535 630 θώκῳ
1574 561 1807 613 ἐλθόντες

142 650 189 701 ὀἱ
219 648 481 715 παρίζοντο
513 647 591 699 καὶ
625 647 807 714 λόγους
838 645 1023 699 ἄλλους
1061 648 1331 706 ἐποιεῦντο,
1367 648 1417 700 ἐς
1449 644 1475 696 ὃ
1508 644 1807 710 κατέβαινον

143 731 543 797 συλλυπεύμενοι
572 736 638 800 τῷ
670 730 832 783 πάθεϊ.
906 731 1057 803 ταύτῃ
1083 733 1135 782 δὲ
1160 729 1437 798 ὑπάγοντες
1461 730 1675 796 εἰρώτων
1698 730 1809 780 τίνα

141 818 282 881 δίκην
312 815 373 868 ἂν
405 816 584 876 ἕλοιτο,
612 817 654 867 εἶ
686 814 908 867 ἐθέλοιεν
928 815 1334 880 Ἀπολλωνιῆται
1365 815 1503 867 δίκας
1532 815 1808 877 ὑποστῆναι

141 901 321 952 δώσειν
365 905 464 952 τῶν
510 901 769 965 ἐποίησαν.
845 901 871 950 6
916 902 969 951 δὲ
1015 900 1102 951 οὐκ
1145 900 1366 964 ἀκηκοὼς
1408 898 1466 950 τὸ
1511 898 1810 965 θεοπρόπιον
1849 914 1875 946 2

69 1009 118 1037 10
142 986 305 1037 εἵλετο
363 986 502 1037 εἴπας
561 986 607 1036 εἴ
662 986 737 1038 τίς
795 987 841 1036 οἱ
893 985 999 1048 δοίη
1053 985 1248 1052 ἀγρούς,
1310 989 1408 1036 τῶν
1467 984 1637 1035 ἀστῶν
1695 984 1806 1034 ὀνο-

141 1068 309 1135 μάσας
338 1074 473 1120 τοῖσι
501 1069 751 1134 ἠπίστατο
783 1069 910 1121 εἶναι
942 1062 1243 1122 καλλίστους
1274 1069 1359 1119 δύο
1392 1067 1600 1135 κλήρους
1631 1072 1728 1119 τῶν
1755 1069 1809 1117 ἐν

115 1211 120 1215 ,
142 1161 202 1226 τῇ
221 1153 557 1225 Ἀπολλωνίῃ,
582 1153 661 1204 καὶ
681 1155 877 1218 οἴκησιν
898 1153 1020 1220 πρὸς
1043 1154 1264 1205 τούτοισι
1288 1153 1377 1217 τὴν
1399 1152 1510 1225 ᾔδεε
1531 1154 1808 1216 καλλίστην

143 1240 327 1290 ἐοῦσαν
350 1243 448 1290 τῶν
471 1240 525 1289 ἐν
550 1234 644 1309 [τῇ]
668 1239 802 1290 πόλι·
851 1238 1038 1289 τούτων
1061 1241 1114 1290 δὲ
1138 1237 1236 1305 ἔφη
1262 1236 1519 1303 ἐπήβολος
1543 1237 1811 1304 γενόμενος

142 1327 230 1374 τοῦ
258 1327 436 1384 λοιποῦ
457 1317 565 1390 (av)
589 1321 823 1388 ἀμήνιτος
861 1322 1003 1380 εἶναι,
1031 1321 1108 1373 καὶ
1133 1323 1271 1386 δίκην
1294 1324 1340 1373 οἱ
1370 1322 1553 1386 ταύτην
1584 1322 1811 1388 ἀποχρᾶν

71 1431 117 1472 15
143 1406 432 1474 γενομένην.
507 1409 586 1460 καὶ
624 1408 649 1457 6
685 1409 776 1472 μὲν
816 1411 970 1458 ταῦτα
1013 1407 1173 1473 ἔλεγε,
1209 1409 1254 1458 οἱ
1296 1409 1349 1458 δὲ
1391 1405 1627 1476 πάρεδροι
1668 1406 1810 1457 εἶπαν
1852 1419 1876 1462 3

142 1492 503 1557 ὑπολαβόντες·
575 1490 769 1555 Εὐήνιε,
823 1492 1006 1556 ταύτην
1066 1493 1205 1556 δίκην
1263 1490 1666 1555 Ἀπολλωνιῆται
1724 1492 1811 1554 τῆς

145 1576 491 1644 ἐκτυφλώσιος
537 1577 792 1628 ἐκτίνουσί
832 1597 909 1627 τοι
961 1578 1083 1627 κατὰ
1129 1576 1506 1642 θεοπρόπιατᾰ
1551 1575 1809 1642 γενόμενα.

145 1662 170 1711 6
200 1663 292 1726 μὲν
323 1660 381 1725 δὴ
415 1660 535 1728 πρὸς
565 1665 716 1712 ταῦτα
747 1662 881 1712 δεινὰ
906 1659 1143 1720 ἐποιέετο,
1170 1662 1398 1712 ἐνθεῦτεν
1421 1660 1696 1726 πυθόμενος
1724 1658 1812 1710 τὸν

144 1744 308 1798 πάντα
345 1746 519 1813 λόγον,
561 1745 626 1799 ὡς
668 1743 1008 1810 ἐξαπατηθείς·
1056 1747 1101 1797 οἱ
1143 1748 1196 1797 δὲ
1237 1743 1498 1812 πριάμενοι
1538 1746 1671 1811 παρὰ
1711 1749 1811 1795 τῶν

72 1853 122 1881 20
146 1829 425 1895 ἐκτημένων
457 1831 653 1882 διδοῦσί
685 1832 731 1882 οἱ
767 1831 827 1881 τὰ
866 1830 1044 1883 εἵλετο.
1121 1830 1201 1881 καὶ
1235 1832 1362 1895 μετὰ
1401 1834 1552 1881 ταῦτα
1593 1829 1811 1895 ἔμφυτον

145 1915 319 1966 αὐτίκα
342 1914 583 1980 μαντικὴν
609 1914 731 1982 εἶχε,
759 1914 892 1966 ὥστε
913 1915 992 1966 καὶ
1012 1913 1290 1980 ὀνομαστὸς
1309 1913 1563 1982 γενέσθαι.
1637 1913 1812 1965 τούτου
1852 1924 1923 1972 95

146 1997 204 2062 δὴ
243 2000 270 2049 6
307 2000 564 2066 Δηίφονος
606 2000 701 2051 ἐὼν
738 2004 854 2053 παῖς
890 2004 977 2050 τοῦ
1022 2000 1230 2064 Εὐηνίου
1272 1999 1498 2066 ἀγόντων
1536 1999 1813 2065 Κορινθίων

136 2083 440 2148 ἐμαντεύετο
491 2084 550 2155 τῇ
606 2105 831 2156 στρατιη.
918 2083 1009 2148 ηδη
1055 2086 1110 2136 δὲ
1154 2084 1234 2135 καὶ
1284 2084 1397 2134 τόδε
1441 2104 1632 2148 ηκουσα
1678 2083 1741 2134 ὡς
1788 2083 1813 2131 6

0 2160 47 2253 a
151 2169 409 2270 Δηίφονος
451 2168 763 2233 ἐπιβατεύων
801 2173 887 2219 τοῦ
928 2168 1141 2232 Εὐηνίου
1183 2168 1454 2234 οὐνόματος
1495 2166 2132 2246 ἐξελάμβαιιεμχώμκῑὶ

0 2260 47 2305 3
73 2273 122 2314 25
147 2251 228 2302 ἐπὶ
258 2252 383 2320 τὴν
379 2251 662 2318 Ελλάδαὲ
615 2274 773 2319 ςργα,
809 2252 896 2303 οὐκ
933 2253 1028 2304 ἐὼν
1061 2252 1272 2317 Εὐηνίου
1303 2274 1435 2305 παις.
1883 2246 1979 2303 fn‘
2002 2237 2110 2281 ‘'⁴⁴⁶“

143 2330 158 2340 ⁹
229 2340 380 2388 Τοῖσι
432 2339 483 2388 δε
525 2334 754 2401 ’Έλλησι
808 2337 892 2389 ὡς
923 2336 1270 2404 ἐκαλλιέρησε,
1324 2338 1512 2403 ἀνηγον
1561 2338 1650 2388 τὰς
1701 2334 1815 2389 νέας
1854 2337 1928 2398 96

148 2422 212 2471 ἐκ
254 2442 341 2485 της
396 2419 568 2485 Δήλου
619 2420 741 2487 πρὸς
791 2442 882 2484 την
926 2419 1114 2486 Σάμον.
1187 2421 1296 2474 ἐπεὶ
1344 2424 1397 2472 δὲ
1450 2419 1682 2487 ἐγένοντο
1729 2422 1815 2483 τῆς
1866 2463 1869 2466 »

148 2506 335 2570 Σαμίης
364 2504 486 2572 πρὸς
518 2503 822 2570 Καλάμοισι,
856 2507 901 2557 οἱ
936 2507 1029 2570 μὲν
1059 2504 1208 2556 αὐτοῦ
1248 2503 1574 2572 ὁρμισάμενοι
1605 2506 1728 2556 κατὰ
1758 2502 1815 2554 τὸ

207 2656 225 2682 1
258 2643 395 2684 δόσειν
417 2643 516 2695 (sic)
540 2642 580 2681 R
599 2657 609 2683 ε
640 2639 694 2684 385
712 2643 752 2682 V
890 2644 1035 2684 δώσειν
1057 2643 1096 2682 R
1110 2643 1148 2682 V
1351 2656 1377 2692 4
1406 2641 1658 2696 προσέθεσαν
1677 2642 1814 2682 Cobet

153 2711 200 2747 13
229 2701 282 2752 τῇ
305 2699 334 2737 S
355 2697 470 2737 solus
580 2697 699 2739 πόλει
719 2697 759 2736 Α
776 2698 810 2736 Β
826 2698 860 2737 C
875 2698 951 2750 [V]
1066 2698 1258 2746 ἐπίβολος
1282 2698 1316 2735 Β
1333 2697 1413 2736 SV
1566 2709 1615 2746 14
1646 2699 1694 2738 ἂν
1713 2698 1810 2737 add.

151 2753 421 2792 Herwerden
566 2765 613 2801 17
643 2753 725 2804 τοι]
748 2771 794 2794 τε
815 2753 849 2792 C
865 2753 895 2792 S
910 2752 987 2805 [V]
1127 2752 1323 2805 ’γινόμενα
1345 2753 1379 2791 Β
1519 2753 1568 2790 18
1599 2752 1742 2801 ἐποίεε,
1766 2753 1815 2793 τὸ

150 2807 271 2847 Stein
417 2820 471 2846 20
494 2823 660 2857 κεκτημ.
686 2808 720 2847 C
833 2809 977 2849 αὐτίκα
998 2806 1177 2859 ἔμφυτον
1196 2807 1236 2845 Α
1254 2807 1287 2845 Β
1302 2807 1336 2846 C
1353 2807 1387 2846 P
1496 2819 1543 2844 21
1570 2808 1815 2858 οὗνομαστὸς

151 2861 191 2900 R
209 2876 216 2900 ε
241 2863 490 2913 οὐνομαστὸν
510 2862 540 2900 S
553 2861 591 2900 V
602 2864 654 2910 (ἓ)
767 2875 818 2901 22
842 2864 891 2912 δὴ
905 2865 926 2903 ὁ
942 2875 1023 2902 orn.
1046 2862 1085 2900 R
1101 2862 1131 2901 S
1144 2862 1182 2900 V
1265 2864 1339 2902 τοῦ
1354 2875 1436 2901 om.
1453 2862 1492 2900 R
1577 2861 1815 2914 ἀγαγόντων

152 2916 190 2954 R
208 2917 238 2956 S
251 2917 288 2955 V
399 2929 451 2965 23
472 2919 492 2956 ὁ
503 2929 584 2956 om.
604 2916 642 2955 R
658 2917 687 2955 S
701 2917 740 2955 V
849 2929 900 2965 24
924 2917 1149 2964 ἐπιβατέων
1163 2915 1216 2954 Β1
1233 2917 1271 2955 R
1285 2916 1323 2955 V
1418 2917 1613 2967 ὀνόματος
1630 2916 1662 2954 C
1678 2916 1711 2954 P
1725 2916 1763 2954 R
1777 2916 1815 2955 V

151 2983 203 3021 25
235 2971 319 3022 ἐπὶ]
344 2973 464 3012 ἐπιὼν
488 2971 649 3010 Reiske
775 2972 827 3009 28
857 2971 1082 3021 Καλάμοισι
1106 2984 1161 3010 ex
1181 2971 1338 3012 Athen.
1358 2971 1444 3011 xiii.
1466 2984 1546 3021 572
1568 2971 1815 3011 sLarcher:

151 3026 412 3077 καλαμίσοισι
443 3025 481 3064 Α
496 3026 530 3065 Β
546 3026 579 3064 C
598 3026 630 3064 P
648 3040 656 3064 ε
700 3027 904 3077 λαμίοισιν
923 3026 960 3064 R
977 3026 1007 3066 S
1021 3026 1057 3065 V
1143 3027 1401 3080 ὁρμισάμενοι
1419 3026 1556 3067 Aldus
1575 3039 1584 3064 :
1615 3029 1756 3082 ὃρμησ.
1782 3027 1827 3067 Ι..
