2034 3328
0 86 42 134 V.
60 87 131 136 68
784 82 1212 133 ΗΡΟΔΟΤΟΥ

62 218 132 266 68
170 219 323 266 ταῦτα
343 217 434 280 μὲν
457 215 507 267 ἐς
527 213 811 281 ’Ἄδρηστόν
833 215 879 265 οἱ
904 209 1188 277 ἐπεποίητο,
1211 213 1375 279 φυλὰς
1393 213 1552 266 δὲτὰς
1574 211 1824 279 Δωριέων,

171 299 252 350 ἵνα
269 297 328 362 δὴ
347 297 411 363 μὴ
433 301 483 350 αἱ
503 298 645 350 αὐταὶ
663 297 787 349 ἔωσι
804 301 937 348 τοῖσι
950 297 1266 348 Σικυωνίοισι
1287 297 1366 348 καὶ
1385 300 1520 348 τοῖσι
1532 295 1823 363 Ἀργείοισι,

169 381 420 447 μετέβαλε
444 383 494 435 ἐς
518 381 651 433 ἄλλα
668 382 933 447 οὐνόματα.
1008 379 1128 432 ἔνθα
1152 381 1231 432 καὶ
1254 385 1497 432 πλεῖστον
1515 379 1826 447 κατεγέλασε

170 470 268 517 τῶν
308 467 603 517 Σικυωνίων·
649 466 730 517 ἐπὶ
771 467 866 532 γὰρ
900 465 985 518 ὑός
1018 485 1074 516 τε
1110 465 1188 516 καὶ
1223 466 1338 516 ὄνου
1373 460 1475 530 <καὶ
1509 462 1703 532 χοίρου)
1738 466 1826 519 τὰς

172 551 447 614 ἐπωνυμίας
477 551 755 614 μετατιθεὶς
785 549 908 600 αὐτὰ
937 551 999 599 τὰ
1028 553 1287 600 τελευταῖα
1318 547 1542 613 ἐπέθηκε,
1574 547 1708 612 πλὴν
1737 552 1825 613 τῆς
1849 570 1871 609 5

171 636 351 684 ἑωυτοῦ
388 636 568 700 φυλῆς·
614 633 765 704 ταύτῃ
801 635 853 684 δὲ
891 633 947 685 τὸ
975 633 1163 698 οὕνομα
1198 632 1296 685 ἀπὸ
1331 635 1417 697 τῆς
1452 635 1633 684 ἑωυτοῦ
1667 633 1825 702 ἀρχῆς

170 717 325 768 ἔθετο.
399 717 534 768 οῦτοι
564 719 655 782 μὲν
684 717 742 781 δὴ
766 716 1035 785 Ἀρχέλαοι
1066 714 1347 775 ἐκαλέοντο,
1375 717 1532 783 ἕτεροι
1555 719 1609 769 δὲ
1631 716 1820 776 Ὕᾶται,

105 818 130 848 2
168 800 317 852 ἄλλοι
368 803 420 852 δὲ
465 801 711 860 Ὀνεᾶται,
760 802 918 868 ἕτεροι
961 803 1015 853 δὲ
1059 804 1339 868 Χοιρεᾶται.
1423 802 1646 853 τούτοισι
1688 806 1824 853 τοῖσι

167 884 410 950 οὐνόμασι
438 889 537 936 τῶν
568 884 769 951 φυλέων
801 883 1047 953 ἐχρέωντο
1078 887 1123 936 οἱ
1154 885 1413 937 Σικυώνιοι
1443 886 1523 937 καὶ
1553 885 1633 938 ἐπὶ
1671 889 1819 937 Κλει-

170 967 373 1021 σθένεος
389 968 627 1037 ἄρχοντος
647 969 726 1020 καὶ
746 970 936 1021 ἐκείνου
954 972 1224 1023 τεθνεῶτος
1243 968 1316 1020 ἔτι
1336 968 1412 1021 ἐπ’
1434 968 1547 1021 ἔτεα
1566 967 1820 1034 ἑξήκοντα·
1851 991 1900 1019 ιο

166 1051 429 1116 μετέπειτα
466 1052 637 1118 μέντοι
679 1054 835 1120 λόγον
881 1053 1034 1120 σφίσι
1080 1053 1248 1106 δόντες
1289 1051 1576 1119 μετέβαλον
1618 1055 1669 1106 ἐς
1712 1050 1913 1119 rqjmtfi

166 1135 381 1189 Ὕλλέας
441 1137 518 1188 καὶ
576 1137 889 1204 Παμφύλους
949 1137 1027 1188 καὶ
1088 1136 1399 1202 Δυμανάτας,
1454 1135 1714 1204 τετάρτους
1770 1140 1823 1190 δὲ
1875 1125 2018 1199 ⁸⁴35

167 1220 360 1271 αὐτοῖσι
410 1220 714 1287 προσέθεντο
758 1221 839 1273 ἐπὶ
883 1226 968 1272 τοῦ
1010 1220 1288 1288 Ἀδρήστου
1338 1221 1511 1275 παιδὸς
1555 1220 1824 1288 Αἰγιαλέος
2026 1207 2034 1219 1

166 1304 256 1368 τὴν
289 1306 568 1370 ἐπωνυμίην
597 1306 878 1371 ποιεύμενοι
910 1308 1182 1369 κεκλῆσθαι
1212 1304 1499 1373 Αἰγιαλέας.

50 1391 127 1449 69
249 1392 418 1439 Ταῦτα
445 1388 537 1454 μέν
566 1410 654 1441 νυν
684 1390 711 1439 ὁ
740 1390 1003 1443 Σικυώνιος
1035 1389 1346 1454 Κλεισθένης
1376 1388 1679 1454 ἐπεποιήκεε,
1712 1391 1740 1440 ὁ
1769 1392 1823 1443 δὲ
1848 1409 1896 1451 15

167 1471 225 1535 δὴ
259 1471 519 1536 Ἀθηναῖος
551 1473 875 1538 Κλεισθένης,
909 1475 1003 1524 ἐὼν
1039 1478 1126 1525 τοῦ
1161 1475 1429 1526 Σικυωνίου
1465 1474 1639 1526 τούτου
1669 1477 1817 1542 θυγα-
2026 1472 2034 1543 {¹

166 1556 354 1622 τριδέος
396 1557 474 1608 καὶ
517 1556 574 1608 τὸ
615 1558 799 1622 οὕνομα
843 1557 924 1608 ἐπὶ
967 1558 1140 1609 τούτου
1179 1558 1328 1625 ἔχων,
1366 1557 1555 1610 δοκέειν
1593 1557 1701 1623 ἐμοὶ
1741 1559 1820 1611 καὶ
2027 1556 2034 1644 J

165 1640 308 1692 οὗτος
341 1641 582 1706 ὑπεριδὼν
608 1640 801 1700 Ἴωνας,
834 1642 914 1693 ἵνα
948 1641 1013 1707 μὴ
1051 1643 1205 1709 σφίσι
1240 1644 1290 1694 αἱ
1327 1641 1468 1693 αὐταὶ
1502 1642 1625 1694 ἔωσι
1662 1642 1819 1710 φυλαὶ
2028 1710 2034 1716 Ἰ

99 1744 122 1774 2
166 1724 244 1774 καὶ
266 1723 426 1782 Ἴωσι,
458 1724 545 1776 τὸν
576 1725 833 1790 ὁμώνυμον
866 1724 1176 1778 Κλεισθένεα
1208 1724 1499 1792 ἐμιμήσατο.
1546 1725 1611 1780 ὥς
1640 1728 1736 1793 γὰρ
1759 1726 1817 1790 δὴ
2027 1725 2034 1837 j

0 1807 250 1884 ,κάκ-,τὸν
294 1807 571 1872 Ἀθηναίων
616 1813 770 1874 δῆμον
821 1810 1060 1876 πρότερον
1111 1809 1410 1871 ἀπωσμένον
1459 1810 1572 1861 τότε
1621 1808 1817 1864 πάντως
1843 1829 1894 1858 20

0 1867 283 2006 Ξΐςεὲἶυῗρὸς
318 1892 409 1956 τὴν
445 1895 625 1944 ἑωυτοῦ
664 1897 842 1960 μοῖραν
877 1891 1239 1959 προσεθήκατο,
1273 1895 1362 1947 τὰς
1398 1895 1564 1960 φυλὰς
1597 1895 1813 1958 μετωνό-

76 1966 157 1995 ΚΝΑ

158 1996 289 2039 μασε
341 1978 419 2027 καὶ
464 1979 669 2040 ἐποίησε
719 1981 934 2032 πλεῦνας
985 1975 1045 2042 ἐξ
1090 1978 1405 2029 ἐλασσόνων.
1495 1976 1613 2029 δέκα
1654 1998 1709 2029 τε
1756 1977 1814 2041 δὴ
2030 2042 2034 2047 Δ

159 2059 448 2127 φυλάρχους
499 2061 605 2111 ἀντὶ
655 2059 911 2127 τεσσέρων
962 2062 1183 2126 ἐποίησε,
1230 2060 1417 2129 δέκᾳχα
1469 2063 1521 2113 δὲ
1572 2063 1652 2113 καὶ
1702 2058 2034 2138 τοὺςῖω-ίοίῠσκᾷΙ

160 2141 338 2207 δήμους
370 2144 621 2209 κατένειμε
653 2146 703 2198 ἐς
738 2147 827 2198 τὰς
858 2144 1039 2212 φυλάς.
1113 2143 1172 2208 ἧν
1203 2167 1256 2196 τε
1286 2144 1373 2196 τὸν
1404 2148 1559 2210 δῆμον
1594 2144 1811 2212 προσθέ-
2030 2164 2034 2197 ²:

0 2209 133 2289 ν’γὸι
146 2208 304 2290 ms·
334 2233 508 2296 πολλῷ
548 2229 817 2295 κατύπερθε
846 2234 946 2280 τῶν
975 2227 1426 2291 ἀντιστασιωτέων.
1499 2231 1554 2280 ἐν
1583 2230 1650 2299 τῷ
1675 2198 2034 2305 μέρεἰρζίἓμωωε1

99 2371 104 2375 ⁹
157 2312 211 2361 δὲ
246 2312 551 2376 ἑσσούμενος
583 2313 609 2361 ὁ
638 2312 899 2379 Ἰσαγόρης
938 2314 1283 2380 ἀντιτεχνᾶται
1318 2311 1451 2363 τάδε·
1498 2313 1812 2365 ἐπικαλέεται

159 2394 445 2459 Κλεομένεα
474 2395 561 2446 τὸν
591 2397 998 2460 Λακεδαιμόνιον,
1030 2396 1300 2462 γενόμενον
1331 2397 1492 2466 ἑωυτῷ
1519 2395 1681 2461 ξεῖνον
1710 2397 1810 2448 ἀπὸ

155 2480 241 2541 τῆς
282 2478 739 2545 Πεισιστρατιδέων
780 2479 1083 2545 πολιορκίης.
1158 2479 1243 2530 τὸν
1281 2482 1334 2530 δὲ
1375 2479 1663 2544 Κλεομένεα
1702 2479 1810 2548 εἶχε

89 2576 114 2607 2
156 2562 284 2625 αἰτίη
317 2566 497 2628 φοιτᾶν
520 2565 654 2629 παρὰ
684 2567 770 2614 τοῦ
799 2562 1068 2629 Ἰσαγόρεω
1104 2562 1193 2626 τὴν
1233 2568 1453 2628 γυναῖκα.
1526 2566 1588 2614 τὰ
1622 2566 1713 2628 μὲν
1749 2564 1808 2627 δὴ

209 2709 227 2735 1
264 2698 481 2739 ἐπεποίατο
516 2697 598 2736 SV
815 2711 840 2736 2
874 2699 930 2748 μὴ
959 2699 1075 2740 αὑταὶ
1107 2698 1141 2736 C
1307 2704 1390 2742 Σικ.
1425 2700 1487 2739 καὶ
1517 2703 1624 2740 τοῖσι
1654 2713 1737 2739 οῐη.
1770 2699 1805 2738 Β

153 2764 179 2801 3
204 2752 443 2802 μετέβαλλε
462 2752 552 2790 VU
666 2754 722 2793 εἷς
743 2752 825 2795 SV
840 2752 878 2790 U
992 2753 1100 2804 ὀνόμ.
1121 2753 1162 2792 Α
1177 2752 1211 2791 Β
1236 2753 1300 2803 (it.
1324 2754 1369 2802 9)
1531 2766 1556 2802 4
1580 2755 1645 2794 καὶ
1666 2755 1805 2807 χοίρου

153 2807 248 2845 add.
274 2805 450 2856 Sauppe
471 2835 475 2838 -
618 2820 640 2857 7
670 2809 798 2848 υἷᾶται
820 2807 854 2845 C
1017 2809 1043 2845 8
1072 2810 1295 2861 χοιροιᾶται
1318 2807 1351 2845 C
1520 2820 1569 2857 19
1597 2809 1645 2857 δὴ
1664 2820 1745 2847 om.
1771 2808 1805 2846 C

154 2872 209 2900 20
249 2865 333 2901 τῶν
366 2860 452 2899 SV
614 2860 772 2902 πάντως
806 2861 1001 2899 Bekker:
1043 2863 1176 2902 πάντα
1207 2861 1267 2900 S:
1305 2858 1384 2901 παῖ
1412 2861 1477 2900 V:
1515 2861 1678 2903 πάντων
1709 2862 1800 2901 rell.

154 2928 206 2963 23
236 2916 394 2966 δέκαχα
415 2914 581 2964 Lolling
602 2915 671 2967 (cf.
698 2915 743 2954 C.
763 2914 792 2954 Ι.
807 2915 859 2954 A.
884 2917 925 2953 iv
945 2928 985 2964 2,
1010 2928 1027 2952 1
1051 2916 1077 2953 b
1089 2918 1161 2964 34)
1179 2930 1186 2955 ε
1218 2915 1314 2956 δέκα
1336 2916 1370 2953 L
1512 2929 1562 2964 24
1594 2916 1808 2967 κατένειμε.

155 2969 274 3008 Stein
295 2983 303 3007 ε
334 2967 527 3021 κατ-ἔνεμε
551 2969 584 3007 L
749 2971 802 3008 26
829 2969 926 3010 τάδε
947 2982 1028 3011 om.
1053 2970 1085 3008 C
