2132 3340
726 63 1101 163 ΙΣΤΟΡΙΩΝ
1163 88 1205 137 Ζ
1840 88 2053 151 VI.134

137 221 279 271 θεῶν.
352 217 534 281 ταύτην
558 219 810 269 ἐλθοῦσαν
840 219 892 271 ἐς
920 219 1045 285 ὄψιν
1077 215 1365 269 Μιλτιάδεω
1398 222 1796 282 συμβουλεῦσαι,

136 304 180 354 εἷ
208 303 318 368 περὶ
348 305 541 354 πολλοῦ
571 299 792 352 ποιέεται
822 299 996 367 Πάρον
1029 304 1180 359 ἑλεῖν,
1206 303 1268 352 τὰ
1298 300 1359 353 ἂν
1388 300 1508 365 αὑτὴ
1540 303 1798 366 ὑποθῆται,

136 391 286 438 ταῦτα
317 383 519 437 ποιέειν.
606 386 732 449 μετὰ
763 387 817 437 δὲ
847 383 938 449 τὴν
966 386 1059 449 μὲν
1089 383 1379 444 ὑποθέσθαι,
1406 383 1495 437 τὸν
1524 387 1576 436 δὲ
1610 387 1802 454 διερχό-
1840 402 1866 433 2

135 490 285 536 μενον
317 469 398 521 ἐπὶ
426 468 515 520 τὸν
548 468 769 520 κολωνὸν
800 472 886 520 τὸν
909 467 1004 534 πρὸ
1035 471 1120 533 τῆς
1151 469 1325 523 πόλιος
1350 470 1497 520 ἐόντα
1527 465 1630 535 (τὸ)
1660 470 1802 536 ἕρκος

28 561 37 568 ”
89 577 110 616 5
138 553 455 620 θεσμοφόρου
488 550 752 619 Δήμητρος
787 553 1091 619 ὑπερθορεῖν,
1126 551 1182 603 οὐ
1219 551 1492 618 δυνάμενον
1528 555 1616 606 τὰς
1653 554 1802 620 θύρας

138 635 343 702 ἀνοῖξαι,
376 637 714 703 ὑπερθορόντα
744 639 796 687 δὲ
829 635 953 687 ἰέναι
987 635 1066 688 ἐπὶ
1096 636 1153 687 τὸ
1182 635 1400 703 μέγαρον
1432 638 1461 687 ὅ
1490 658 1538 688 τι
1568 636 1625 701 δὴ
1658 636 1798 702 ποιή-

138 742 294 773 σοντα
324 721 478 779 ἐντός,
514 721 613 771 εἴτε
650 718 920 785 κινήσοντά
957 741 1004 772 τι
1040 725 1139 772 τῶν
1174 718 1420 784 ἀκινήτων
1458 722 1557 772 εἴτε
1594 722 1623 772 ὅ
1657 742 1706 772 τι
1741 719 1800 785 δή

81 868 83 871 Ι
137 826 258 857 κοτε,
280 802 545 870 πρήξοντα·
609 803 731 870 πρὸς
761 805 876 877 τῇσι
908 804 1091 875 θύρῃσί
1116 826 1170 856 τε
1201 803 1439 870 γενέσθαι
1470 805 1549 856 καὶ
1586 805 1801 871 πρόκατε
1815 794 2099 877 ΛΜ
2124 850 2132 859 .

136 889 315 956 φρίκης
358 887 506 939 αὐτὸν
549 888 865 953 ὑπελθούσης
918 889 1079 940 ὀπίσω
1125 888 1214 952 τὴν
1259 888 1411 952 αὐτὴν
1456 888 1571 940 ὁδὸν
1617 890 1798 947 ἵεσθαι,

66 998 112 1025 ιο
137 969 546 1042 καταθρῴσκοντα
575 975 629 1024 δὲ
658 971 748 1036 τὴν
779 972 1020 1037 αἱμασιὴν
1050 972 1136 1024 τὸν
1167 971 1324 1038 μηρὸν
1357 975 1664 1037 σπασθῆναι.
1754 976 1801 1025 οἱ

136 1060 189 1109 δὲ
225 1056 373 1109 αὐτὸν
412 1056 470 1107 τὸ
515 1057 636 1124 γόνυ
681 1061 1024 1121 προσπταῖσαι
1069 1056 1296 1124 λέγουσι.
1387 1056 1670 1122 Μιλτιάδης
1710 1056 1801 1122 μέν
1838 1072 1926 1122 135

137 1162 223 1193 vvv
271 1139 506 1207 φλαύρως
553 1139 684 1209 ἔχων
731 1139 953 1192 ἀπέπλεε
995 1142 1175 1199 ὀπίσω,
1221 1141 1334 1192 οὔτε
1383 1139 1614 1207 χρήματα
1649 1140 1797 1205 Ἀθη-

137 1225 325 1277 ναίοισι
342 1223 477 1291 ἄγων
495 1225 610 1276 οὔτε
630 1224 804 1290 Πάρον
823 1224 1282 1290 προσκτησάμενος,
1306 1225 1441 1275 ἀλλὰ
1461 1223 1802 1291 πολιορκήσας

137 1329 191 1360 τε
222 1306 280 1373 ἓξ
308 1307 387 1359 καὶ
418 1309 579 1360 εἵκοσι
600 1307 784 1374 ἡμέρας
809 1309 888 1360 καὶ
919 1309 1137 1372 δηιώσας
1159 1307 1250 1372 τὴν
1278 1311 1451 1373 νῆσον.
1543 1308 1725 1376 Πάριοι
1748 1311 1801 1360 δὲ
1840 1327 1865 1359 2

63 1414 109 1455 15
138 1393 405 1458 πυθόμενοι
465 1392 528 1446 ὡς
580 1392 610 1457 ἡ
661 1390 962 1459 ὑποζάκορος
1019 1397 1119 1444 τῶν
1171 1396 1299 1444 θεῶν
1349 1393 1492 1458 Τιμὼ
1547 1392 1802 1464 Μιλτιάδῃ

141 1475 471 1544 κατηγήσατο,
534 1477 843 1541 βουλόμενοί
888 1497 974 1542 μιν
1027 1476 1136 1528 ἀντὶ
1188 1477 1377 1528 τούτων
1421 1475 1803 1544 τιμωρήσασθαι

141 1561 446 1626 θεοπρόπους
491 1558 744 1626 πέμπουσι
787 1561 838 1613 ἐς
885 1560 1138 1627 Δελφούς,
1178 1561 1244 1614 ὥς
1289 1567 1451 1628 σφεας
1491 1561 1676 1628 ἡσυχίη
1714 1563 1802 1625 τῆς

138 1646 426 1710 πολιορκίης
457 1643 597 1712 ἔσχε·
666 1643 889 1709 ἔπεμπον
927 1647 980 1696 δὲ
1018 1643 1435 1711 ἐπειρησομένους
1470 1647 1514 1696 εἷ
1553 1634 1799 1714 καταχρή-

139 1749 326 1780 σωνται
358 1730 449 1791 τὴν
486 1726 790 1794 ὑποζάκορον
827 1733 925 1780 τῶν
972 1731 1099 1780 θεῶν
1144 1728 1210 1781 ὡς
1250 1726 1631 1795 ἐξηγησαμένην
1667 1735 1802 1781 τοῖσι

63 1833 112 1863 20
139 1814 368 1880 ἐχθροῖσι
414 1817 502 1877 τῆς
551 1812 784 1879 πατρίδος
831 1810 1025 1863 ἅλωσιν
1078 1811 1157 1864 καὶ
1208 1813 1270 1863 τὰ
1318 1813 1368 1865 ἐς
1417 1812 1599 1878 ἔρσενα
1649 1813 1802 1879 γόνον

138 1895 323 1963 ἄρρητα
371 1898 450 1962 ἱρὰ
495 1894 789 1963 ἐκφήνασαν
825 1888 1109 1968 ’Μιλτιάδη
1204 1896 1233 1961 ἡ
1279 1898 1330 1948 δὲ
1379 1898 1542 1961 Πυθίη
1590 1896 1678 1948 οὐκ
1726 1898 1799 1956 ἔα,
1840 1915 1865 1958 3

138 1984 285 2047 φᾶσα
323 1979 380 2032 οὗ
419 1983 611 2046 Τιμοῦν
654 1980 778 2032 εἶναι
822 1980 910 2044 τὴν
948 1980 1108 2044 αἰτίην
1144 1979 1348 2039 τούτων,
1387 1981 1523 2032 ἀλλὰ
1563 1984 1667 2032 δεῖν
1706 1983 1802 2048 γὰρ

138 2063 419 2117 Μιλτιάδεα
465 2067 701 2117 τελευτᾶν
736 2063 802 2129 μὴ
843 2064 911 2124 εὗ,
951 2066 1176 2134 φαζῇναί
1212 2067 1258 2116 οἱ
1304 2069 1404 2116 τῶν
1443 2070 1603 2117 κακῶν
1651 2051 1931 2129 narn-mm
2073 2080 2118 2114 rb

136 2149 337 2214 γεμόνα.
427 2148 669 2215 Παρίοισι
703 2150 795 2212 μὲν
833 2147 891 2212 δὴ
929 2153 1081 2200 ταῦτα
1115 2148 1145 2213 ἡ
1184 2148 1347 2212 Πυθίη
1385 2148 1588 2216 ἔχρησε·
1649 2148 1796 2212 Ἀθη·
1838 2152 1934 2211 136

63 2251 110 2291 ²5
135 2237 266 2284 ναῖοι
317 2235 371 2285 δὲ
422 2234 476 2284 ἐκ
528 2231 702 2299 Πάρου
750 2231 1034 2284 Μιλτιάδεα
1082 2230 1507 2296 ἀπονοστήσαντα
1557 2232 1801 2299 εἶχαν-ἐν
1817 2229 2132 2321 θᾶΜΙΨΓ

136 2316 372 2385 οζ-τόμασι,
398 2317 449 2368 οἵ
474 2337 528 2368 τε
558 2315 709 2367 ἄλλοι
742 2317 820 2367 καὶ
851 2315 1075 2381 μάλιστα
1100 2315 1395 2370 Ξάνθιππος
1426 2316 1452 2366 ὁ
1482 2315 1798 2383 Ἀρίφρονος,

193 2466 211 2493 1
243 2453 398 2503 ταύτην
418 2453 462 2495 δὲ
484 2453 522 2492 R
538 2453 618 2494 SV
760 2467 785 2503 3
816 2453 966 2507 διερχ.]
991 2453 1233 2503 ἀπικόμενον
1254 2453 1288 2492 Ρ
1303 2455 1341 2493 R
1357 2453 1439 2493 SV
1577 2469 1602 2504 4
1631 2456 1680 2495 τὸ
1699 2455 1795 2495 add.

136 2509 342 2548 Schaefer
588 2520 612 2558 5
648 2507 897 2562 ὑπερθορέειν
928 2509 960 2548 Ρ
978 2509 1017 2547 R
1036 2508 1065 2547 S
1082 2509 1122 2547 V
1370 2511 1397 2547 6
1431 2512 1708 2562 ὑπερθορῶντα
1738 2509 1773 2548 C
1789 2522 1800 2548 :

135 2562 295 2616 -ρέοντα
311 2562 407 2602 SV1
492 2562 590 2615 ὑπὲρ
607 2564 647 2602 R
662 2563 691 2602 S
704 2563 743 2601 V
865 2576 886 2613 7
918 2575 980 2613 pr.
998 2562 1059 2614 τι]
1078 2581 1126 2604 τε
1144 2562 1177 2601 C
1297 2565 1323 2602 8
1351 2581 1452 2604 ποτε
1470 2563 1504 2601 L
1629 2574 1672 2602 11
1702 2562 1798 2615 μέν]

134 2617 178 2659 δὲ
196 2617 272 2668 μέν
293 2617 326 2656 C
472 2629 519 2667 15
550 2619 575 2667 ἡ
597 2631 676 2657 om.
706 2617 735 2656 S
752 2616 790 2655 V
938 2619 989 2656 16
1018 2617 1299 2670 κατηγήσαιτο
1321 2617 1361 2656 R
1379 2617 1410 2656 S
1426 2617 1464 2656 V
1611 2629 1659 2667 17
1689 2619 1729 2659 ἐς
1749 2625 1799 2658 Δ.

132 2671 332 2722 πέμπουσι
365 2671 404 2709 Α
422 2672 456 2710 Β
476 2671 509 2710 C
711 2674 759 2711 18
799 2673 1129 2725 καταχρήσονται
1159 2671 1267 2711 AC¹
1287 2671 1320 2709 P
1527 2685 1577 2723 19
1615 2671 1685 2723 ὡς]
1723 2673 1802 2720 τὴν

132 2724 174 2764 Α
194 2726 228 2764 Β
253 2726 286 2764 C
477 2739 526 2765 21
576 2726 785 2778 ἐκφήνασα
822 2725 862 2764 Α
883 2727 918 2765 Β
936 2742 943 2767 :
997 2727 1235 2778 ἐκφήσασαν
1275 2725 1314 2764 R
1333 2726 1362 2764 S
1380 2726 1417 2765 V
1601 2738 1654 2775 23
1697 2733 1800 2767 Μιλ-

133 2780 275 2829 τιάδην
295 2780 332 2818 R
349 2781 426 2832 [Vl
572 2794 624 2831 24
656 2781 832 2833 ἔχρησεν
851 2781 876 2829 ἡ
897 2781 1020 2830 Πυθίη
1044 2781 1082 2818 R
1097 2780 1128 2820 S
1143 2781 1180 2820 V
1319 2793 1371 2830 25
1403 2780 1634 2831 Μιλτιάδην
1655 2779 1734 2833 [V]
1756 2783 1802 2822 ἐκ

91 2882 93 2884 ¹
134 2833 264 2888 Πάρου
286 2834 324 2873 R
342 2836 373 2875 S
389 2835 427 2875 V
540 2835 667 2888 ἔσχον
686 2835 725 2873 A
740 2836 772 2873 Β
787 2835 821 2874 C
838 2835 871 2874 P
1036 2837 1089 2874 26
1119 2835 1295 2887 στόματι
1319 2835 1357 2873 R
1378 2836 1407 2874 S
1424 2836 1462 2874 V

1593 2997 1640 3034 9*
