2034 3328
685 94 1063 145 ΙΣΤΟΡΙΩΝ
1139 94 1179 142 Ε
1810 96 1867 145 V.
1887 97 1950 157 58

98 227 386 294 κ-εὲλῆσθαι.
475 223 554 278 καὶ
594 226 684 280 τὰς
722 193 1232 293 βύβᾈῗύςῂδῖφθέρας
1274 224 1512 278 καλέουσι
1551 225 1650 278 ἀπὸ
1684 231 1771 278 τοῦ
1810 240 1834 283 3

95 315 312 364 παλαιοῦ
355 313 402 363 οἱ
438 307 626 371 Ἴωνες,
675 310 752 362 ὅτι
799 312 912 363 κοτὲ
958 311 1012 362 ἐν
1060 309 1215 363 σπάνι
1261 309 1479 376 βύβλων
1524 310 1772 379 ἐχρέωντο

95 393 365 467 διφθέρῃσι
408 393 614 468 αἰγέῃσί
652 415 707 447 τε
751 394 831 446 καὶ
874 393 1053 466 οἰέῃσι·
1100 394 1174 446 ἔτι
1217 397 1271 446 δὲ
1317 395 1398 447 καὶ
1439 395 1496 447 τὸ
1543 395 1646 447 κατ’
1684 398 1772 461 ἐμὲ

95 479 278 533 πολλοὶ
300 484 399 532 τῶν
421 477 700 547 βαρβάρων
725 481 775 533 ἐς
797 479 1026 532 τοιαύτας
1050 477 1289 546 διφθέρας
1306 479 1576 547 γράφουσι.
1639 480 1771 533 εἶδον
1806 495 1875 545 59

49 585 71 627 5
96 567 150 616 δὲ
181 563 259 615 καὶ
290 563 435 617 αὐτὸς
467 562 696 628 Καδμήια
726 563 993 630 γράμματα
1029 565 1084 615 ἐν
1113 568 1181 633 τῷ
1214 565 1300 634 ἱρῷ
1330 568 1418 616 τοῦ
1446 563 1770 619 ’Λπόλλωνος

95 652 182 700 τοῦ
214 647 467 714 Ἰσμηνίου
505 649 557 700 ἐν
596 646 810 720 Θήβῃσι
846 648 965 719 τῇσι
1003 651 1235 700 Βοιωτῶν
1270 649 1352 701 ἐπὶ
1391 650 1596 715 τρίποσι
1635 650 1769 717 τρισὶ

96 731 515 800 ἐγκεκολαμμένα,
568 733 629 783 τὰ
681 734 850 784 πολλὰ
903 733 1048 798 ὅμοια
1099 733 1247 784 ἐόντα
1297 738 1434 785 τοῖσι
1484 733 1766 785 Ἰωνικοῖσι.

94 818 122 868 ὁ
150 819 243 884 μὲν
274 817 330 882 δὴ
365 818 434 871 εἷς
464 822 564 870 τῶν
594 817 839 884 τριπόδων
869 818 1158 885 ἐπίγραμμα
1187 816 1311 886 ἔχει·

260 922 580 992 Ἀμφιτρύων
609 923 660 989 μ’
691 922 931 989 ἀνέθηκεν
962 924 1057 975 ἐὼν
1089 924 1187 976 ἀπὸ
1217 923 1546 990 Τηλεβοάων.

22 1051 71 1080 10
93 1034 245 1082 ταῦτα
279 1029 477 1096 ἡλικίην
509 1031 581 1094 εἵη
614 1028 675 1081 ἂν
707 1031 830 1080 κατὰ
860 1028 1018 1081 Λάιον
1052 1029 1142 1081 τὸν
1174 1028 1447 1095 Λαβδάκου
1481 1035 1568 1083 τοῦ
1598 1035 1766 1082 Πολυ-

93 1115 251 1182 δώρου
285 1119 372 1167 τοῦ
409 1113 626 1179 Κάδμου.
717 1114 881 1181 ἔτερος
921 1117 976 1166 δὲ
1014 1114 1218 1180 τρίπους
1258 1115 1314 1166 ἐν
1351 1113 1602 1185 ἑξαμέτρῳ
1642 1117 1768 1186 τόνῳ
1809 1119 1885 1166 60

91 1198 246 1267 λέγει·
1829 1205 1832 1208 ’

26 1308 440 1360 szxatos
470 1305 772 1375 πυγμαχέων
800 1328 863 1372 με
893 1306 1125 1376 ἑκηβόλῳ
1157 1305 1447 1359 Ἀπόλλωνι

259 1389 468 1456 νικήσας
499 1390 708 1456 ἀνέθηκε
735 1391 840 1460 τς-ῒν
870 1394 1168 1459 περικαλλὲς
1197 1390 1413 1459 ἄγαλμα.
1503 1403 1610 1433 8θο
1622 1368 1739 1432 (Μ’
1768 1383 1960 1444 *Nu*-

24 1519 66 1557 ¹5
93 1503 273 1553 Σκαῖος
316 1497 359 1550 δ’
399 1497 462 1550 ἂν
506 1498 579 1562 εἵη
622 1498 648 1548 ὁ
686 1496 1067 1557 Ἱπποκόωντος,
1113 1499 1155 1549 εἰ
1200 1497 1257 1561 δὴ
1302 1497 1445 1552 οὗτός
1484 1520 1544 1566 γε
1589 1499 1700 1550 ἐστὶ
1743 1500 1769 1548 ὁ

92 1582 293 1637 ἀναθεὶς
323 1582 402 1635 καὶ
431 1581 497 1648 μὴ
528 1581 685 1636 ἄλλος
715 1581 871 1634 τώυτὸ
902 1582 1089 1648 οὕνομα
1127 1581 1259 1650 ἔχων
1290 1587 1356 1652 τῷ
1387 1582 1766 1642 Ἱπποκόωντος,

91 1668 292 1732 ἡλικίην
323 1669 445 1719 κατὰ
474 1668 717 1719 Οἰδίπουν
746 1665 834 1719 τὸν
864 1665 1038 1719 Λαΐου.
1123 1667 1284 1734 τρίτος
1315 1669 1369 1719 δὲ
1399 1668 1601 1734 τρίπους
1629 1667 1770 1735 λέγει
1807 1669 1868 1717 61

94 1751 173 1804 καὶ
203 1751 347 1806 οὗτος
377 1753 431 1804 ἐν
461 1749 729 1821 ἑξαμέτρῳ·

259 1857 525 1924 Λαοδάμας
554 1857 744 1924 τρίποδ’
775 1856 919 1911 αὐτὸς
952 1858 1194 1928 ἐϋσκόπῳ-
1212 1857 1503 1911 Ἀπόλλωνι

18 1963 67 1992 20
258 1941 582 2012 μουναρχέων
613 1941 822 2007 ἀνέθηκε
851 1941 956 1994 τεῒν
986 1945 1289 2010 περικαλλὲς
1320 1942 1536 2010 ἄγαλμα.

92 2052 173 2103 ἐπὶ
191 2050 366 2102 τούτου
386 2048 443 2113 δὴ
464 2053 552 2100 τοῦ
572 2047 928 2113 Λαοδάμαντος
947 2052 1035 2099 τοῦ
1054 2047 1351 2101 Ἐτεοκλέος
1373 2049 1771 2117 μουναρχέοντος
1810 2067 1834 2098 2

94 2133 439 2200 ἐξανιστέαται
477 2137 714 2199 Καδμεῖοι
750 2131 830 2184 ὑπ’
869 2131 1111 2200 Ἀργείων
1149 2132 1229 2184 καὶ
1265 2133 1531 2199 τρέπονται
1571 2136 1621 2187 ἐς
1656 2134 1771 2187 τοὺς

91 2217 385 2287 Ἐγχελέας,
439 2220 485 2270 οἱ
537 2220 589 2269 δὲ
642 2221 911 2284 Γεφυραῖοι
961 2216 1357 2285 ὑπολειφθέντες
1415 2219 1626 2285 ὕστερον
1675 2218 1770 2270 ὑπὸ

92 2306 323 2355 Βοιωτῶν
367 2301 710 2371 ἀναχωρέουσι
761 2303 811 2355 ἐς
857 2299 1091 2366 Ἀθήνας·
1155 2302 1239 2353 καί
1284 2309 1381 2368 σφι
1429 2302 1508 2368 ἱρά
1557 2304 1668 2354 ἐστι
1715 2303 1769 2353 ἐν

18 2405 66 2446 25
91 2385 337 2459 Ἀθήνῃσι
381 2386 628 2456 ἱδρυμένα,
671 2391 769 2438 τῶν
814 2386 958 2438 οὐδὲν
1001 2385 1127 2452 μέτα
1171 2390 1307 2437 τοῖσι
1350 2391 1576 2438 λοιποῖσι
1616 2386 1765 2451 Ἀθη-

90 2472 293 2532 ναίοισι,
331 2470 466 2523 ἄλλα
495 2492 552 2523 τε
589 2469 933 2539 κεχωρισμένα
967 2475 1066 2522 τῶν
1102 2470 1277 2523 ἄλλων
1319 2473 1439 2538 ἱρῶν
1477 2471 1554 2523 καὶ
1590 2470 1649 2534 δὴ
1688 2470 1767 2522 καὶ

91 2554 320 2623 Ἀχαιίης
350 2554 615 2621 Δήμητρος
645 2556 750 2622 ἱρόν
779 2576 833 2606 τε
864 2556 943 2607 καὶ
974 2557 1133 2623 ὄργια.

150 2708 167 2734 1
192 2701 233 2735 et
254 2708 279 2734 2
309 2695 426 2744 βίβλ.
452 2694 632 2734 PSVU
783 2707 808 2733 2
838 2696 875 2736 οἱ
894 2707 976 2734 om.
1004 2694 1038 2732 C
1184 2709 1209 2744 3
1241 2694 1424 2748 αἰγαίῃσι
1448 2693 1482 2732 C
1622 2707 1648 2744 4
1676 2696 1763 2735 ἴδον

92 2749 274 2790 PSVU
471 2761 495 2799 5
525 2751 590 2791 καὶ
612 2762 693 2788 om.
719 2748 800 2788 SV
815 2749 853 2787 U
987 2752 1163 2799 Καδμεῖα
1185 2749 1224 2788 Α
1240 2750 1326 2788 BV
1512 2750 1540 2787 6
1570 2749 1764 2799 ’Ῑσμινίου

90 2804 179 2844 ΑΒ
195 2805 228 2844 C
358 2806 466 2858 τρισὶ
490 2804 685 2844 Dobreet
717 2819 801 2844 τισι
825 2803 858 2842 L
1043 2817 1070 2853 9
1099 2805 1168 2844 ἰὼν
1192 2803 1400 2853 Bergler:
1432 2805 1538 2844 ἑλὼν
1561 2803 1762 2842 Meineke

89 2859 299 2908 Τηλεβὶων
318 2860 373 2899 Vc
388 2859 418 2899 S
587 2870 638 2898 10
666 2860 714 2900 ἂν
735 2861 793 2906 εἴη
818 2858 850 2896 Ρ
1022 2871 1067 2907 13
1099 2860 1241 2901 Σκαιὸς
1265 2858 1350 2896 CV
1367 2858 1402 2896 U
1519 2876 1645 2911 παγμ.
1670 2858 1759 2896 VU

93 2925 141 2963 14
170 2913 257 2956 τέῖν
276 2913 316 2953 Α
330 2914 366 2954 Β
381 2914 415 2954 C
548 2925 596 2962 15
627 2914 769 2956 Σκαιὸς
789 2912 828 2951 Α
842 2911 875 2951 C
889 2911 927 2950 V
941 2912 980 2950 U
1001 2926 1009 2950 ε
1041 2914 1163 2955 Σκεὸς
1190 2913 1225 2951 Β
1371 2914 1420 2950 16
1451 2914 1602 2965 τώυτὸ]
1626 2917 1697 2953 τῶι
1727 2913 1760 2950 C

90 2967 215 3019 ὄνομα
235 2968 270 3007 Ρ
451 2981 501 3018 19
529 2970 646 3008 αὐτὸς
669 2966 1085 3017 Schweighaeuser:
1115 2968 1238 3007 αὐτὸν
1262 2968 1294 3006 L
1479 2981 1532 3005 20
1562 2966 1650 3008 τέῖν
1669 2966 1709 3005 Α
1725 2966 1760 3004 Β

91 3035 140 3061 21
173 3022 218 3064 δὲ
239 3023 274 3062 C
391 3031 396 3035 '
440 3036 494 3073 23
523 3020 813 3074 ὑπολιφθέντες
835 3021 869 3060 V
1036 3034 1086 3070 27
1121 3022 1287 3073 Ἀχαιῆς
1314 3021 1397 3062 SV
1414 3022 1452 3060 U
1593 3039 1632 3062 τι
1655 3021 1688 3059 C
