2034 3328
0 83 38 134 ἰζ
61 95 126 147 52

0 219 130 297 &⁵2

0 546 63 621 η
103 566 128 597 2
168 547 463 612 ἐνενήκοντα
495 548 572 600 καὶ
595 548 764 613 ἥμισυ.
832 547 1079 599 ἐκδέκεται
1110 551 1161 600 δὲ
1192 550 1245 598 ἐκ
1268 550 1356 611 τῆς
1380 549 1600 613 Φρυγίης
1629 544 1829 601 &Anus
1856 571 1878 612 5

0 656 40 671 -v

104 1156 130 1199 3

106 1659 135 1701 4
174 1635 370 1704 κτήριον
403 1640 455 1688 ἐν
487 1639 698 1690 αὐτοῖσι.
783 1640 990 1704 ποταμοὶ
1021 1642 1073 1691 δὲ
1106 1638 1456 1706 νηυσιπέρητοι
1486 1637 1724 1704 τέσσερες
1754 1639 1835 1688 διὰ

785 79 1217 130 ΗΡΟΔΟΤΟΎ·

242 211 512 281 ’Έχειγὰρ
544 212 673 279 ἀμφὶ
702 213 760 284 τῇ
789 213 883 282 ὁδῷ
922 212 1073 283 ταύτῃ
1108 214 1218 264 ὧδε·
1264 210 1482 277 σταθμοί
1512 231 1567 262 τε
1603 219 1832 284 πανταχῇ
1903 206 1905 208 ’
1971 196 1983 210 ⁴

167 298 267 348 εἶσι
296 295 559 361 βασιλήιοι
592 296 670 347 καὶ
694 296 996 366 ’καταλύσιες
1026 295 1312 354 κάλλισται,
1345 297 1426 346 διὰ
1462 293 1747 360 οἰκεομένης
1776 317 1830 348 τε
1878 298 1889 306 ’

167 380 195 445 ἡ
221 379 331 433 ὁδὸς
355 379 527 431 ἅπασα
552 380 630 431 καὶ
652 379 928 446 ἀσφαλέος.
996 381 1076 431 διὰ
1104 378 1197 446 μέν
1220 401 1278 446 γε
1302 380 1484 443 Λυδίης
1507 379 1587 430 καὶ
1611 381 1831 446 Φρυγίης

168 464 379 529 σταθμοὶ
410 464 654 518 τείνοντες
691 465 855 515 εἴκοσί
888 466 1002 523 εἰσι,
1037 462 1359 531 παρασάγγαι
1394 465 1447 514 δὲ
1477 462 1713 528 τέσσερες
1750 464 1830 515 καὶ

169 632 403 696 ποταμός,
430 631 504 682 ἐπ’
529 631 566 702 ᾧ
590 632 743 698 πύλαι
765 653 819 683 τε
850 632 1030 692 ἔπεισι,
1055 635 1142 686 τὰς
1167 630 1454 696 διεξελάσαι
1478 634 1618 682 πᾶσα
1639 628 1828 697 ἀνάγκη

170 716 249 767 καὶ
279 716 406 766 οὕτω
442 719 701 781 διεκπερᾶν
731 715 816 767 τὸν
846 717 1082 781 ποταμόν,
1118 716 1196 767 καὶ
1227 713 1563 781 φυλακτήριον
1591 714 1722 781 μέγα
1752 713 1829 767 ἐπ’

169 799 313 869 αὐτῷ.
401 798 632 864 διαβάντι
659 802 711 850 δὲ
745 801 795 853 ἐς
825 799 914 863 τὴν
947 794 1300 863 Καππαδοκίην
1333 799 1411 850 καὶ
1441 798 1594 870 ταύτῃ
1623 820 1827 864 πορευο-

167 882 297 952 μένῳ
329 882 474 951 μέχρι
510 884 667 949 οὔρων
697 888 795 934 τῶν
827 885 1066 936 Κιλικίων
1097 883 1309 947 σταθμοὶ
1345 885 1470 951 δυῶν
1500 881 1695 936 δέοντές
1733 884 1832 934 εἰσι

167 965 442 1032 τριήκοντα,
469 967 791 1034 παρασάγγαι
819 970 872 1019 δὲ
902 967 1139 1034 τέσσερες
1169 968 1249 1018 καὶ
1281 967 1473 1018 ἑκατόν·
1519 967 1601 1018 ἐπὶ
1623 969 1675 1018 δὲ
1699 971 1833 1018 τοῖσι
1861 990 1910 1019 ιο

167 1052 352 1102 τούτων
374 1051 566 1117 οὔροισι
596 1050 731 1116 διξάς
762 1072 816 1103 τε
845 1051 1004 1105 πύλας
1027 1050 1250 1121 διεξελᾷς
1281 1051 1358 1102 καὶ
1388 1050 1498 1115 διξὰ
1521 1049 1834 1118 φυλακτήρια

170 1135 521 1201 παραμείψεαι.
610 1140 760 1187 ταῦτα
795 1138 847 1188 δὲ
883 1134 1229 1201 διεξελάσαντι
1265 1134 1344 1186 καὶ
1379 1137 1458 1186 διὰ
1487 1138 1574 1199 τῆς
1606 1135 1834 1199 Κιλικίης

167 1220 283 1270 ὁδὸν
319 1218 588 1288 ποιευμένῳ
629 1224 758 1286 τρεῖς
799 1222 900 1271 εἰσι
940 1221 1169 1285 σταθμοί,
1207 1217 1529 1285 παρασάγγαι
1569 1221 1623 1271 δὲ
1659 1240 1829 1271 πεντε-

172 1303 371 1354 καίδεκα
411 1302 490 1353 καὶ
529 1303 697 1368 ἥμισυ.
785 1304 926 1370 οῧρος
966 1307 1019 1356 δὲ
1062 1304 1287 1367 Κιλικίης
1329 1303 1408 1354 καὶ
1448 1306 1535 1367 τῆς
1571 1302 1833 1369 Ἀρμενίης

172 1386 280 1437 ἐστὶ
321 1386 539 1451 ποταμὸς
578 1387 953 1454 νηυσιπέρητος,
992 1393 1059 1458 τῷ
1100 1388 1285 1452 οὔνομα
1328 1385 1606 1453 Εὐφρήτης.
1696 1388 1751 1438 ἐν
1779 1389 1833 1439 δὲ
1864 1407 1911 1448 15

171 1471 229 1540 τῇ
274 1469 510 1542 Ἀρμενίῃ
555 1472 768 1536 σταθμοὶ
811 1469 902 1536 μέν
947 1474 1048 1523 εἶσι
1092 1469 1421 1538 καταγωγέων
1465 1471 1831 1530 πεντεκαίδεκα,

171 1553 494 1620 παρασάγγαι
537 1557 589 1606 δὲ
635 1554 692 1620 ἓξ
733 1557 810 1607 καὶ
855 1554 1161 1620 πεντήκοντα
1205 1555 1284 1606 καὶ
1327 1554 1495 1619 ἥμισυ,
1547 1554 1624 1606 καὶ
1669 1560 1832 1621 φυλα-

248 1722 263 1739 l
385 1722 397 1738 e
415 1721 425 1740 ι
643 1722 658 1740 x
755 1727 776 1739 1-
888 1725 901 1740 ι,
957 1723 967 1742 ι
1362 1727 1383 1738 a
1462 1723 1478 1741 κ
1507 1724 1520 1740 ·.
1723 1726 1746 1738 Α
1825 1693 1924 1738 69(

171 1742 349 1785 ταυτης
370 1742 555 1788 ρεουσι,
581 1743 693 1776 τους
716 1745 856 1775 πασα
878 1744 1066 1790 αναγκη
1086 1725 1473 1788 διαπορρμευσαι
1499 1743 1623 1780 εστι,
1644 1742 1834 1788 πρωτος

172 1808 262 1869 μὲν
279 1807 480 1872 Τίγρης,
506 1809 629 1870 μετὰ
653 1809 704 1858 δὲ
727 1807 952 1873 δεύτερός
974 1829 1028 1859 τε
1053 1807 1132 1859 καὶ
1154 1808 1319 1874 τρίτος
1339 1805 1574 1871 Ζάβατος
1595 1805 1831 1870 ὀνομαζό-
1862 1830 1912 1859 20

172 1909 334 1954 μενος,
374 1889 461 1939 οὐκ
498 1889 648 1943 ὡυτὸς
688 1891 784 1942 ε’ὼν
819 1891 1037 1956 ποταμὸς
1077 1890 1188 1942 οὐδὲ
1226 1892 1278 1941 ἐκ
1311 1895 1398 1942 τοῦ
1433 1889 1581 1941 αὐτοῦ
1619 1888 1762 1956 ῥέων·
1808 1890 1835 1940 ὁ

171 1974 263 2037 μὲν
286 1974 378 2038 γὰρ
403 1974 638 2039 πρότερος
668 1975 828 2027 αὐτῶν
860 1976 1182 2042 καταλεχθεὶς
1212 1973 1271 2038 ἐξ
1291 1974 1566 2047 Ἀρμενίων
1593 1971 1709 2040 ῥέει,
1736 1973 1763 2023 ὁ
1793 1972 1834 2025 δ’

2023 1924 2034 2018 Ξ

111 2078 132 2124 5
172 2057 381 2122 ὕστερον
413 2059 463 2108 ἐκ
498 2061 779 2122 Ματιηνῶν.
867 2060 893 2109 ὁ
923 2061 974 2110 δὲ
1004 2057 1232 2125 τέταρτος
1262 2063 1360 2109 τῶν
1390 2062 1622 2123 ποταμῶν
1650 2057 1836 2122 οὔνομα
2025 2032 2034 2146 l

2025 2148 2034 2177 3

173 2139 279 2207 ἔχει
311 2140 510 2204 Γύνδης,
543 2141 630 2192 τὸν
662 2146 821 2208 Κῦρος
851 2141 1059 2207 διέλαβέ
1096 2163 1207 2193 κοτε
1239 2143 1289 2195 ἐς
1319 2141 1562 2209 διώρυχας
1599 2139 1836 2205 ἑξήκοντα

177 2225 254 2275 καὶ
283 2226 582 2290 τριηκοσίας.
657 2227 710 2277 ἐκ
742 2229 794 2279 δὲ
823 2227 1002 2291 ταύτης
1031 2229 1119 2290 τῆς
1150 2225 1411 2291 Ἀρμενίης
1442 2223 1752 2291 ἐσβάλλοντι
1783 2227 1834 2279 ἐς
1861 2247 1908 2289 25

174 2307 265 2371 τὴν
308 2307 565 2372 Ματιηνὴν
604 2312 699 2376 γῆν
738 2312 954 2374 σταθμοί
994 2311 1095 2360 εἰσι
1137 2308 1375 2375 τέσσερες
1413 2305 1516 2373 <καὶ
1556 2307 1831 2375 τριήκοντα,

109 2401 138 2444 6
177 2390 497 2458 παρασάγγαι
520 2395 572 2444 δὲ
597 2396 722 2444 ἑπτὰ
747 2395 826 2445 καὶ
844 2392 1106 2459 τριήκοντα
1129 2392 1208 2443 καὶ
1233 2389 1445 2456 ἑκατόν).
1508 2394 1562 2443 ἐκ
1586 2395 1638 2443 δὲ
1656 2392 1833 2457 ταύτης

230 2540 254 2575 4
287 2527 517 2569 στείνοντες
539 2528 573 2567 C
681 2541 706 2578 5
738 2532 860 2570 ἐννεν.
887 2529 965 2569 CS
980 2529 1019 2568 V
1129 2542 1176 2568 12
1207 2529 1427 2580 διαμείψεαι
1449 2529 1480 2568 S
1595 2541 1642 2576 14
1673 2530 1737 2570 καὶ
1758 2531 1833 2578 τῆς

177 2582 236 2621 Ἀ.
261 2594 341 2621 om.
367 2581 448 2621 SV
633 2595 681 2632 15
713 2583 922 2636 Εὐφράτης
952 2584 1038 2622 ΑΒ
1055 2583 1187 2624 SVU
1367 2597 1420 2622 20
1448 2583 1595 2635 Τίγρης
1616 2584 1670 2622 d:
1697 2583 1833 2636 Τίγρις

179 2635 311 2673 SVU
332 2650 342 2675 ε
390 2636 542 2688 Πίγρης
581 2636 670 2676 rell.
860 2637 1038 2685 Ζάβατος
1075 2638 1115 2686 J.
1161 2638 1207 2676 C.
1250 2636 1559 2676 Weissenborn
1579 2651 1589 2675 z
1635 2639 1758 2678 ωυτὸς
1798 2638 1832 2675 L

179 2702 230 2727 22
261 2689 454 2743 πρότερον
475 2692 499 2728 d
658 2690 811 2732 αὐτέων
833 2692 964 2731 SVU
1112 2691 1191 2744 ῥέει
1214 2705 1293 2731 om.
1320 2692 1399 2731 SV
1547 2692 1656 2731 ot‘S:
1688 2692 1713 2739 ἢ
1728 2693 1779 2741 (3)
1795 2692 1833 2730 V

181 2756 232 2792 23
261 2745 427 2795 ὕστερος
455 2745 575 2783 Stein
744 2753 872 2787 Μαντ.
895 2744 951 2784 Α1
975 2746 1035 2797 (it.
1061 2749 1114 2784 26
1132 2747 1172 2785 V
1191 2747 1379 2796 quoque)
1601 2758 1650 2793 24
1683 2745 1832 2793 Γύνδην

184 2797 378 2848 Krueger
571 2811 622 2848 25
654 2802 698 2840 ἐκ
720 2799 763 2840 δὲ
783 2800 933 2848 ταύτης
957 2802 1050 2852 (τῆς
1071 2801 1183 2852 Ἀρμ.
1207 2801 1312 2846 del.)
1333 2830 1342 2839 .
1363 2830 1372 2839 .
1394 2830 1402 2839 .
1423 2799 1615 2851 τέσσερες
1636 2813 1718 2839 una
1738 2813 1837 2840 cum

167 2851 476 2902 «supplemento
499 2852 614 2902 (add.
637 2855 688 2892 de
710 2855 749 2892 la
770 2854 924 2906 Barre)
940 2860 1037 2906 post
1059 2857 1215 2895 αὐτοῖσι
1231 2854 1321 2908 (18)
1344 2861 1502 2904 transp.
1530 2855 1650 2894 Stein
1686 2871 1689 2874 ·
1764 2858 1830 2895 ἐσ-

182 2905 382 2952 βάλλοντι
403 2907 433 2945 S
452 2921 461 2946 :
492 2924 576 2949 -τες
598 2908 662 2948 A:
694 2925 779 2950 -τος
800 2909 889 2948 rell.
