2132 3340
195 49 281 97 1x.
304 62 337 110 3
935 30 938 32 ’
992 48 1423 98 HPOAOTOT

311 196 337 228 2
377 199 429 229 εν
460 176 668 245 Σάρδισι
705 178 779 229 ὅτι
816 178 924 246 ἔχοι
955 177 1187 244 Ἀθήνας.
1261 178 1316 234 ὃς
1353 179 1464 233 οὐδὲ
1499 181 1612 234 τότε
1651 181 1948 248 ἀπικόμενος
1983 185 2036 238 ἐς

375 262 466 326 τὴν
506 261 736 327 Ἀττικὴν
779 262 888 330 εὗρε
932 263 1046 317 τοὺς
1086 263 1394 329 Ἀθηναίους,
1438 265 1552 317 ἀλλ’
1593 266 1647 319 ἔν
1690 288 1746 319 τε
1790 271 2035 334 Σαλαμῖνι

374 347 489 399 τοὺς
525 348 796 401 πλείστους
837 345 1136 400 ἐπυνθάνετο
1178 348 1305 401 εἶναι
1345 349 1399 402 ἔν
1437 371 1491 402 τε
1531 358 1649 423 τῇσι
1687 352 1850 416 νηυσί,
1883 351 2035 419 αἱρέει

373 453 429 483 τε
459 431 639 496 ἔρημον
669 431 726 483 τὸ
756 431 897 484 ἄστυ.
970 433 1000 498 ἡ
1033 434 1086 485 δὲ
1114 433 1363 498 βασιλέος
1394 435 1583 501 αἵρεσις
1615 436 1666 489 ἐς
1687 435 1790 500 τὴν
1819 435 2035 504 ὑστέρην

302 540 336 587 4
373 515 464 579 τὴν
505 516 789 582 Μαρδονίου
832 518 1187 584 ἐπιστρατηίην
1230 518 1500 584 δεκάμηνος
1539 518 1756 586 ἐγένετο.
1832 522 1940 574 ἐπεὶ
1980 523 2035 574 δὲ
2057 545 2080 587 5

373 602 428 651 ἐν
474 598 717 672 Ἀθήνῃσι
767 600 965 668 ἐγένετο
1016 603 1043 652 ὁ
1092 603 1388 670 Μαρδόνιος,
1440 600 1624 669 πέμπει
1675 605 1727 658 ἐς
1777 609 2036 671 Σαλαμῖνα

375 685 697 753 Μουρυχίδην
756 685 910 753 ἄνδρα
957 685 1363 751 Ἑλλησπόντιον
1413 686 1633 754 φέροντα
1689 688 1803 742 τοὺς
1860 688 2036 744 αὐτοὺς

372 769 555 836 λόγους
590 768 704 823 τοὺς
741 770 819 821 καὶ
847 769 1177 838 Ἀλέξανδρος
1213 772 1239 822 ὁ
1275 772 1520 824 Μακεδὼν
1556 777 1689 824 τοῖσι
1721 772 2034 838 Ἀθηναίοισι

310 876 335 906 2
374 853 747 920 διεπόρθμευσε.
835 859 989 907 ταῦτα
1027 858 1083 908 δὲ
1122 855 1178 906 τὸ
1215 856 1441 922 δεύτερον
1480 856 1766 909 ἀπέστελλε
1806 856 2033 926 προέχων

371 940 464 1002 μὲν
502 943 601 989 τῶν
640 938 918 1003 Ἀθηναίων
957 939 1014 990 οὐ
1055 941 1229 1006 φιλίας
1268 941 1483 1007 γνώμας,
1522 942 1736 995 ἐλπίσας
1776 940 1830 994 δέ
1869 949 2033 1009 σφεας

372 1020 583 1086 ὑπήσειν
613 1026 700 1088 τῆς
731 1023 1091 1090 ἀγνωμοσύνης
1121 1024 1186 1078 ὡς
1217 1025 1519 1091 δοριαλώτου
1549 1026 1727 1091 ἐούσης
1758 1025 1924 1091 πάσης
1945 1029 2034 1091 τῆς

372 1106 601 1171 Ἀττικῆς
629 1108 796 1175 χώρης
832 1107 910 1159 καὶ
942 1108 1123 1173 ἐούσης
1157 1107 1239 1160 ὑπ’
1270 1111 1449 1179 ἑωυτῷ.
1522 1109 1708 1162 τούτων
1741 1113 1834 1176 μὲν
1870 1111 2032 1171 εἵνεκα

302 1210 335 1259 5
371 1190 644 1259 ἀπέπεμψε
684 1193 1005 1261 Μουρυχίδην
1047 1194 1099 1246 ἐς
1138 1196 1414 1258 Σαλαμῖνα·
1461 1194 1487 1244 ὁ
1521 1196 1577 1246 δὲ
1612 1194 1910 1260 ἀπικόμενος
1948 1194 2031 1247 ε’πὶ

371 1275 461 1340 τὴν
491 1275 689 1341 βουλὴν
718 1276 863 1343 ἔλεγε
890 1279 953 1328 τὰ
982 1279 1115 1344 παρὰ
1147 1279 1450 1344 Μαρδονίου.
1523 1282 1620 1330 τῶν
1644 1281 1696 1330 δὲ
1716 1278 2032 1344 βουλευτέων

371 1362 585 1425 Λυκίδης
617 1360 723 1412 εἶπε
753 1361 959 1428 γνώμην
989 1361 1054 1414 ὥς
1077 1364 1123 1413 οἱ
1153 1362 1320 1414 ε’δόκεε
1349 1361 1550 1427 ἄμεινον
1581 1362 1708 1415 εἶναι
1737 1362 2031 1429 δεξαμένους

371 1444 458 1496 τὸν
489 1445 644 1512 λόγον
675 1446 762 1497 τόν
793 1453 891 1513 σφι
921 1447 1239 1515 Μουρυχίδης
1268 1446 1549 1514 προσφέρει
1585 1447 1822 1512 ἐξενεῖκαι
1857 1450 1909 1503 ἐς
1943 1447 2030 1501 τὸν

309 1548 334 1579 2
373 1533 545 1595 δῆμον.
618 1530 645 1580 ὁ
673 1533 765 1596 μὲν
796 1529 853 1594 δὴ
891 1530 1073 1595 ταύτην
1110 1530 1201 1596 τὴν
1236 1531 1438 1598 γνώμην
1478 1533 1799 1599 ἀπεφαίνετο,
1833 1534 1932 1586 εἴτε
1969 1533 2028 1598 δὴ

371 1612 664 1681 δεδεγμένος
713 1613 943 1684 χρήματα
993 1617 1126 1683 παρὰ
1178 1617 1476 1685 Μαρδονίου,
1524 1618 1623 1669 ε’ίτε
1667 1616 1763 1668 καὶ·
1789 1616 1941 1669 ταῦτά
1983 1620 2030 1670 οἱ

372 1697 595 1751 ἑάνδανε·
643 1697 900 1764 Ἀθηναῖοι
930 1702 983 1752 δὲ
1019 1700 1192 1752 αὐτίκα
1227 1699 1390 1752 δεινὸν
1423 1699 1768 1767 ποιησάμενοι,
1802 1703 1853 1754 οἵ
1883 1723 1940 1755 τε
1975 1703 2030 1754 ἐκ

368 1786 457 1847 τῆς
478 1786 670 1849 βουλῆς
692 1783 769 1835 καὶ
794 1787 840 1836 οἱ
864 1782 1063 1848 ἔξωθεν,
1089 1785 1154 1838 ὡς
1179 1785 1434 1844 ἐπύθοντο,
1460 1784 1784 1852 περιστάντες
1815 1788 2029 1851 Λυκίδην

371 1867 678 1920 κατέλευσαν
707 1868 1007 1934 βάλλοντες,
1041 1869 1126 1921 τὸν
1159 1871 1211 1921 δὲ
1233 1868 1639 1934 Ἑλλησπόντιον
1669 1867 2028 1938 [Μουρυχίδην]

306 1976 331 2019 3
370 1951 677 2020 ἀπέπεμψαν
706 1952 897 2006 ἀσινέα.
975 1953 1245 2021 γενομένου
1275 1956 1327 2006 δὲ
1359 1955 1575 2020 θορύβου
1606 1956 1660 2006 ἐν
1689 1962 1751 2027 τῇ
1780 1959 2028 2020 Σαλαμῖνι

368 2037 480 2104 περὶ
523 2041 609 2089 τὸν
653 2039 885 2102 Λυκίδην,
924 2037 1257 2090 πυνθάνονται
1300 2038 1357 2090 τὸ
1400 2039 1665 2105 γινόμενον
1708 2041 1758 2091 αἱ
1802 2043 2028 2106 γυναῖκες

367 2126 466 2172 τῶν
495 2121 790 2187 Ἀθηναίων,
823 2122 1244 2189 διακελευσαμένη
1282 2125 1335 2174 δὲ
1371 2122 1494 2190 γυνὴ
1525 2125 1718 2190 γυναικὶ
1756 2119 2025 2190 καὶ’παρα-

366 2211 605 2272 λαβοῦσα
651 2207 734 2259 ἐπὶ
777 2206 868 2271 τὴν
914 2207 1132 2259 Λυκίδεω
1179 2209 1338 2272 οἰκίην
1397 2206 1549 2272 ἤισαν
1595 2207 1900 2268 αὐτοκελέες,
1950 2207 2029 2260 καὶ

428 2359 446 2384 1
478 2346 549 2387 τὰς
572 2344 739 2394 Ἀθήνας
762 2345 800 2384 R
817 2345 898 2384 SV
1145 2359 1171 2395 3
1201 2364 1247 2388 τε
1273 2360 1354 2387 om.
1378 2347 1417 2385 R
1434 2347 1515 2386 SV
1760 2361 1785 2397 4
1815 2347 2029 2398 ὑστεραίην

370 2399 404 2438 C
419 2400 452 2438 P
466 2400 496 2438 S
661 2412 686 2450 5
717 2399 760 2440 δὲ
780 2399 996 2450 Ἀθήνησιν
1018 2401 1058 2439 R
1073 2401 1102 2440 S
1117 2402 1155 2440 V
1333 2415 1354 2451 7
1387 2403 1606 2455 Βουργίδην
1628 2402 1687 2441 C:
1718 2403 1965 2456 Μουριχίδην
1988 2403 2028 2441 R

369 2455 396 2492 8
435 2455 501 2496 οὓς
530 2456 592 2496 καὶ
622 2454 759 2493 ABC
996 2469 1024 2506 9
1062 2460 1296 2510 προσδοκῶν
1327 2456 1529 2506 Krueger
1769 2470 1819 2496 10
1857 2455 2029 2507 ἐλπίζων

369 2509 554 2548 ABCP
754 2522 799 2549 11
843 2509 974 2559 πάσης
1009 2523 1090 2550 om.
1126 2510 1263 2549 ABC
1282 2511 1313 2549 P
1375 2530 1380 2532 ·
1508 2525 1556 2550 12
1602 2511 1744 2561 ἐούσης
1777 2514 1853 2560 ἤδη
1891 2511 2029 2550 RSV

371 2563 489 2604 ἕνεκα
508 2563 547 2602 Α
562 2563 596 2601 Β
613 2564 646 2602 C
666 2579 675 2603 :
706 2567 857 2605 εἵνεκεν
879 2565 918 2603 R
934 2565 964 2604 S
977 2565 1014 2603 V
1265 2579 1312 2615 15
1341 2568 1377 2607 οἵ
1399 2565 1432 2604 Ε
1453 2567 1570 2606 Solus
1762 2566 1972 2618 δεξάμενος
1993 2565 2026 2604 C

374 2620 425 2656 16
455 2618 672 2672 προσφέρει
703 2619 803 2658 EXC.
830 2618 976 2660 Const.
1002 2621 1271 2672 Porphyrog.
1301 2622 1326 2660 i.
1357 2634 1397 2666 2,
1423 2624 1531 2670 436:
1569 2620 1756 2675 προφέρει
1779 2621 1812 2659 L
1946 2623 2027 2672 ἐξε-

370 2677 476 2714 νεῖκε
498 2672 531 2711 C
550 2687 559 2711 τ
588 2689 675 2714 -κεν
697 2673 787 2712 RV
999 2677 1047 2714 18
1077 2679 1113 2716 οἱ
1132 2677 1195 2717 καὶ
1218 2679 1347 2716 ταῦτα
1367 2675 1401 2714 E
1622 2689 1676 2714 20
1702 2675 1872 2716 Λυκίδεα
1893 2675 1933 2714 R
1947 2673 2029 2713 SV

373 2728 434 2777 (it.
462 2729 531 2777 23)
739 2741 787 2766 21
836 2729 1037 2778 βάλοντες
1069 2730 1117 2768 C¹
1138 2730 1227 2769 RV
1391 2730 1636 2784 Μουριχίδεα
1666 2730 1735 2768 R:
1774 2730 2028 2782 Μουρυχίδεα

372 2782 403 2820 S
418 2782 456 2820 V
474 2797 484 2821 ε
521 2782 604 2823 del.
643 2783 911 2822 Herwerden
1131 2798 1182 2823 22
1223 2788 1266 2826 ἐν
1306 2788 1358 2838 τῇ
1397 2788 1590 2836 Σαλαμῖνι
1623 2797 1707 2823 om.
1740 2783 1845 2822 Exc.
1878 2783 2022 2823 Const.

370 2849 423 2885 23
451 2836 519 2888 τὸ]
543 2838 614 2877 τὸν
636 2837 668 2875 C
782 2840 821 2878 αἱ
841 2852 919 2877 om.
945 2839 978 2876 C
1155 2850 1206 2888 25
1235 2842 1353 2888 ἣισαν
1373 2837 1411 2876 Α
1426 2838 1460 2876 Β
1483 2853 1491 2877 :
1520 2838 1623 2887 ἦσαν
1646 2839 1678 2876 C
1695 2837 1728 2876 E
1749 2852 1757 2876 :
1786 2840 1911 2886 ἤεσαν
1931 2837 2021 2876 rell.

370 2890 614 2941 αὖτομολέες
635 2891 669 2930 Ε

2061 964 2111 995 10

2058 1390 2105 1431 15

2056 1805 2107 1833 20

2056 2229 2103 2270 ²5
