2132 3386
743 97 1118 146 ΙΣΤΟΡΙΩΝ
1178 98 1219 149 Z

137 224 252 292 ὄρος
295 221 426 291 μέγα
469 223 874 291 ἀνεστραμμένον
915 227 969 278 ἐν
1013 227 1072 297 τῇ
1119 225 1309 291 ζητήσι.
1397 233 1540 281 τοῦτο
1579 231 1670 295 μὲν
1714 230 1802 281 νύν

1843 108 1927 155 VI.
1952 119 2017 169 47

120 309 251 387 ,ἐστι
279 312 519 370 τοιοῦτον,
554 310 600 361 οἱ
637 310 690 361 δὲ
728 308 916 362 Θάσιοι
952 310 1018 380 τῷ
1049 309 1263 374 βασιλέϊ
1300 312 1592 364 κελεύσαντι
1629 314 1707 365 καὶ
1743 313 1800 364 τὸ
1834 318 1903 376 48

136 397 302 460 τεῖχος
347 391 404 443 τὸ
453 391 700 459 σφέτερον
753 397 982 446 κατεῖλον
1030 394 1109 446 καὶ
1159 396 1245 448 τὰς
1297 394 1410 449 νέας
1460 392 1582 462 [τὰς]
1635 395 1799 450 πάσας

137 476 376 542 ἐκόμισαν
407 477 458 530 ἐς
481 474 730 543 Ἄβδηρα.

88 583 110 624 5
221 562 367 612 Μετὰ
406 563 459 614 δὲ
498 565 640 612 τοῦτο
682 563 983 627 ἀπεπειρᾶτο
1024 564 1051 613 6
1094 567 1305 630 Δαρεῖος
1344 567 1442 615 τῶν
1478 562 1741 628 Ἑλλήνων
1772 565 1801 615 ὅ

135 666 184 697 τι
222 646 277 698 ἐν
316 645 639 715 νόῳέχοιεν,
683 646 860 713 κότερα
903 646 1170 712 πολεμέειν
1216 643 1439 718 ἑωυτῷἢ
1479 649 1800 714 παραδιδόναι

135 728 301 797 σφέας
341 729 531 782 αὐτούς.
620 729 858 796 διέπεμπε
899 728 967 783 ὧν
1010 729 1218 799 κήρυκας
1258 731 1446 785 ἄλλους
1482 731 1613 804 ἄλλῃ
1650 731 1799 796 τάξας

135 814 230 866 ἀνὰ
257 812 348 878 τὴν
380 812 622 890 Ἑλλάδα,
658 815 873 867 κελεύων
904 813 1085 868 αἰτέειν
1115 814 1327 881 βασιλέϊ
1357 818 1450 882 γῆν
1473 837 1527 868 τε
1552 816 1631 868 καὶ
1653 817 1797 883 ὕδωρ.

133 897 336 951 τούτους
365 900 458 964 μὲν
488 898 546 962 δὴ
586 900 637 953 ἐς
667 898 758 963 τὴν
786 897 1012 951 Ἑλλάδα
1044 899 1249 965 ἔπεμπε,
1289 899 1476 953 ἄλλους
1504 902 1558 953 δὲ
1590 898 1799 967 κήρυκας

62 1002 110 1032 10
133 981 374 1048 διέπεμπε
405 984 455 1036 ἐς
491 984 579 1036 τὰς
618 985 800 1036 ἑωυτοῦ
840 984 1195 1051 δασμοφόρους
1236 984 1414 1038 πόλιας
1451 985 1538 1038 τὰς
1573 987 1794 1051 παραθα-

58 1089 62 1091 “
132 1067 395 1126 λασσίους,
445 1067 660 1119 κελεύων
712 1066 827 1121 νέας
877 1088 931 1119 τε
977 1070 1165 1134 μακρὰς
1212 1069 1288 1120 καὶ
1335 1070 1601 1135 ἱππαγωγὰ
1645 1074 1799 1121 πλοῖα

133 1150 410 1204 ποιέεσθαι.
498 1151 635 1203 οὗτοί
678 1173 732 1204 τε
780 1151 838 1215 δὴ
889 1151 1316 1219 παρεσκευάζοντο
1356 1156 1507 1203 ταῦτα
1547 1152 1626 1204 καὶ
1664 1157 1799 1204 τοῖσι

132 1235 308 1301 ἥκουσι
329 1237 381 1290 ἐς
402 1235 493 1300 τὴν
515 1234 742 1287 Ἑλλάδα
768 1233 936 1302 κήρυξι
960 1235 1144 1287 πολλοὶ
1167 1238 1258 1301 μὲν
1280 1234 1591 1303 ἠπειρωτέων
1615 1236 1798 1288 ἔδοσαν

131 1321 194 1372 τὰ
240 1318 514 1387 προΐσχετο
562 1318 740 1372 αἰτέων
777 1321 803 1370 6
848 1318 1068 1386 Πέρσης,
1118 1319 1300 1373 πάντες
1352 1322 1405 1372 δὲ
1457 1324 1696 1385 νησιῶται
1748 1322 1798 1374 ἐς

61 1420 108 1461 15
132 1403 245 1458 τοὺς
269 1405 529 1456 ἀπικοίατο
555 1402 861 1468 αἰτήσοντες.
949 1405 1000 1455 οἵ
1014 1425 1068 1456 τε
1087 1403 1145 1468 δὴ
1170 1403 1320 1455 ἄλλοι
1343 1409 1582 1468 νησιῶται
1606 1408 1796 1456 διδοῦσι

132 1491 226 1555 γῆν
255 1509 308 1541 τε
344 1489 422 1541 καὶ
457 1489 585 1554 ὕδωρ
619 1490 814 1558 Δαρείῳ
853 1488 933 1540 καὶ
968 1487 1026 1552 δὴ
1069 1489 1147 1540 καὶ
1187 1490 1461 1555 Αἰγινῆται.
1550 1486 1795 1552 ποιήσασι

133 1571 187 1624 δέ
225 1578 325 1640 σφι
363 1577 515 1625 ταῦτα
557 1571 700 1626 ἰθέως
741 1571 998 1637 Ἀθηναῖοι
1040 1571 1293 1636 ἐπεκέατο,
1328 1570 1584 1625 δοκέοντές
1622 1593 1677 1624 τε
1714 1572 1795 1623 ἐπὶ

134 1658 289 1725 σφίσι
320 1657 531 1726 ἔχοντας
560 1657 675 1710 τοὺς
708 1655 977 1724 Αἰγινήτας
1009 1655 1285 1716 δεδωκέναι,
1313 1656 1377 1710 ὡς
1400 1654 1500 1721 ἅμα
1522 1656 1587 1726 τῷ
1615 1654 1794 1726 Πέρσῃ

134 1741 214 1794 ἐπὶ
233 1740 398 1810 σφέας
423 1741 806 1809 στρατεύωνται,
831 1741 911 1793 καὶ
930 1740 1138 1806 ἄσμενοι
1157 1738 1440 1808 προφάσιος
1460 1738 1791 1805 ἐπελάβοντο,

60 1845 110 1873 20
133 1825 405 1892 φοιτῶντές
441 1827 495 1878 τε
531 1827 582 1879 ἐς
618 1825 708 1890 τὴν
744 1824 978 1892 Σπάρτην
1019 1825 1319 1892 κατηγόρεον
1354 1829 1452 1876 τῶν
1490 1822 1794 1890 Αἰγινητέων

131 1911 193 1961 τὰ
233 1908 551 1975 πεποιήκοιεν
592 1910 859 1978 προδόντες
900 1908 989 1973 τὴν
1027 1895 1359 1978 Ἑλλάδαί
1358 1907 1481 1975 πρὸς
1518 1907 1700 1972 ταύτην
1739 1909 1791 1958 δὲ

131 1993 224 2058 ’τὴν
261 1994 559 2062 κατηγορίην
599 1992 886 2060 Κλεομένης
916 1995 942 2044 6
973 1991 1381 2059 Ἀναξανδρίδεω,
1415 1990 1663 2057 βασιλεὺς
1700 1991 1794 2043 ε’ὼν

132 2078 499 2144 Σπαρτιητέων,
554 2077 698 2144 διέβη
751 2079 802 2131 ἐς
860 2079 1086 2145 Αἴγιναν.
1141 2076 1452 2142 βουλόμενος
1512 2080 1794 2140 συλλαβεῖν

133 2162 439 2229 Αἰγινητέων
458 2162 570 2217 τοὺς
589 2160 921 2216 αἰτιωτάτους.
992 2161 1056 2215 ὡς
1074 2164 1127 2214 δὲ
1148 2163 1376 2227 ἐπειρᾶτο
1399 2157 1790 2224 συλλαμβάνων,

59 2263 107 2304 25
132 2245 282 2299 ἄλλοι
314 2269 369 2300 τε
404 2246 462 2311 δὴ
500 2248 724 2314 ἐγίνοντο
761 2247 887 2316 αὐτῷ
921 2244 1138 2310 ἀντίξοοι
1172 2250 1271 2297 τῶν
1303 2242 1623 2310 Αἰγινητέων,
1658 2243 1710 2294 ἐν
1741 2244 1794 2294 δὲ

132 2330 189 2396 δὴ
237 2331 315 2383 καὶ
360 2330 509 2398 Κριὸς
554 2332 580 2382 6
625 2331 936 2398 Πολυκρίτου
979 2322 1219 2395 μάλιστα,
1270 2326 1323 2381 ὃς
1370 2327 1455 2378 οὐκ
1499 2327 1597 2394 ἔφη
1646 2325 1792 2377 αὐτὸν

132 2414 309 2468 οὐδένα
329 2414 465 2480 ἄξειν
482 2415 724 2484 χαίροντα
746 2413 1066 2480 Αἰγινητέων·
1098 2411 1215 2465 ἄνευ
1234 2410 1328 2479 γάρ
1348 2432 1432 2476 μιν
1443 2408 1791 2477 Σπαρτιητέων

191 2566 207 2592 1
240 2556 293 2608 τῇ
315 2540 397 2593 οῐῖι.
424 2553 457 2592 Ρ
474 2553 510 2592 R
529 2552 610 2592 SV
722 2550 888 2603 ζητήσει
910 2550 944 2589 L
961 2549 1038 2603 [V]
1165 2563 1191 2589 2
1221 2551 1379 2591 τοιοῦτο
1403 2549 1436 2588 Ρ
1559 2561 1584 2598 3
1614 2549 1685 2589 τὰς
1706 2561 1788 2587 om.

134 2607 321 2648 PRSV
449 2609 476 2646 6
505 2610 573 2648 νῶι
594 2606 682 2646 ΑΒ
796 2608 989 2655 πολεμεῖν
1007 2603 1148 2645 ABC
1290 2617 1318 2654 9
1347 2602 1412 2655 δὲ]
1435 2620 1481 2643 τε
1503 2602 1537 2642 C
1669 2614 1716 2651 14
1748 2601 1791 2642 δὲ

131 2664 170 2704 οἷ
190 2662 224 2702 C
421 2672 471 2711 15
500 2662 594 2703 τοὺς
615 2661 675 2700 P:
705 2660 770 2701 οὓς
791 2659 880 2698 rell.
1092 2670 1139 2708 17
1170 2668 1289 2711 σφισι
1310 2657 1398 2696 ΑΒ
1414 2657 1448 2696 C
1586 2673 1632 2697 τε
1652 2669 1733 2696 om.
1760 2656 1793 2694 P

135 2718 185 2757 18
216 2717 388 2770 ἔχοντας
420 2716 497 2756 PS
530 2715 719 2754 Eustath.
755 2713 837 2754 Od.
873 2714 1004 2763 1856:
1045 2713 1214 2765 ἔχοντες
1245 2712 1362 2752 RV:
1402 2709 1625 2763 ἐπέχοντας
1653 2709 1792 2748 ABC

137 2784 186 2822 19
215 2771 506 2825 στρατεύονται
529 2770 568 2809 R
584 2769 664 2809 SV
846 2780 901 2807 20
928 2766 1162 2820 φοιτέοντές
1185 2766 1271 2806 PR
1286 2766 1367 2806 SV
1382 2766 1414 2804 C
1437 2765 1586 2816 <·έων·)
1715 2764 1794 2813 τὴν

131 2838 212 2867 om.
230 2826 270 2866 R
287 2827 368 2868 SV
450 2830 532 2867 τῶν
547 2837 628 2864 0111.
648 2824 681 2863 P
696 2823 733 2862 R
750 2823 825 2862 SV
936 2834 989 2862 22
1009 2820 1239 2869 βασιλεύων
1254 2819 1294 2859 Α
1309 2819 1343 2859 Β
1360 2820 1393 2858 C
1408 2819 1442 2858 E
1554 2832 1605 2868 24
1626 2819 1718 2859 τοὺς
1733 2847 1742 2858 .
1756 2849 1765 2858 .
1782 2848 1792 2858 .

132 2880 381 2933 Αἰγινητέων
400 2893 481 2920 om.
505 2879 545 2918 R
691 2876 997 2928 συλλαμβάνειν
1019 2875 1051 2914 Ρ
1065 2875 1147 2914 SV
1340 2885 1391 2923 25
1421 2874 1586 2926 αὐτῶζι)
1609 2873 1792 2925 ἐγίνοντο

134 2935 263 2976 PSV
372 2939 454 2976 τῶν
474 2948 556 2975 om.
583 2933 663 2975 SV
775 2931 817 2974 δὲ
839 2944 920 2971 om.
947 2930 986 2969 R

1836 752 1862 783 2

1835 1160 1908 1209 49

1832 1925 1899 1975 50
