2132 3340
18 123 127 173 VII,
152 136 210 172 10
229 145 248 171 ε

904 122 952 169 H
969 121 1336 174 ΡΟΔΟΤΟΤ

287 249 439 303 ἐπεάν
470 257 569 318 σφι
606 251 633 301 6
671 249 783 304 θεὸς
818 251 1080 318 φθονήσας
1112 252 1282 319 φόβον
1318 250 1520 323 ἐμβάλῃ
1555 247 1584 317 ἢ
1616 252 1851 321 βροντήν,
1883 253 1946 307 δι’

287 333 356 387 ὧν
388 335 683 402 ἐφθάρησαν
714 334 926 400 ἀναξίως
959 339 1169 387 ἑωυτῶν.
1259 336 1316 387 οὗ
1345 337 1440 403 γὰρ
1473 337 1529 405 ἐᾷ
1558 336 1791 403 φρονέειν
1819 338 1949 406 μέγα

0 418 191 477 uagum!
224 419 252 477 ζ
287 421 314 470 6
346 423 455 473 θεὸς
485 418 645 471 ἄλλον
680 415 709 483 ἢ
744 421 941 471 ἑωυτόν.
1032 422 1324 488 ἐπειχθῆναι
1361 419 1451 493 μέν
1487 442 1574 472 νυν
1610 425 1717 474 πᾶν·
1746 418 1950 490 πρῆγμα

0 472 152 509 sonum

287 505 441 555 τίκτει
471 502 765 571 σφάλματα,
800 505 852 555 ἐκ
883 509 981 555 τῶν
1015 504 1180 569 ζημίαι
1200 503 1418 572 μεγάλαι
1441 504 1678 571 φιλέουσι
1701 507 1947 573 γίνεσθαι·

288 589 342 639 ἐν
373 590 426 640 δὲ
456 592 522 657 τῷ
555 589 786 655 ἐπισχεῖν
816 588 984 640 ἔνεστι
1020 587 1198 655 ἀγαθά,
1233 591 1276 641 εἰ
1310 588 1377 655 μὴ
1413 590 1687 656 παραυτίκα
1715 589 1949 642 δοκέοντα
1973 613 1996 654 5

289 672 432 731 εἶναι,
464 671 579 723 ἀλλ’
612 673 708 724 ἀνὰ
737 672 922 740 χρόνον
958 671 1155 739 ἐξεύροι,
1181 695 1256 727 τις
1287 673 1363 725 ἄν.
1453 675 1537 725 σοὶ
1565 676 1658 739 μὲν
1689 673 1747 739 δὴ
1777 678 1946 735 ταῦτα,

287 754 326 807 ὦ
348 761 583 821 βασιλεῦ,
611 757 959 822 συμβουλεύω·
1015 756 1079 808 σὺ
1102 755 1171 816 δέ,
1198 754 1235 808 ὦ
1260 762 1351 809 παῖ
1372 757 1617 824 Γωβρύεω
1640 754 1945 825 [Μαρδόνιε],

287 845 476 892 παῦσαι
509 839 675 908 λέγων
714 841 895 908 λόγους
933 842 1171 907 ματαίους
1209 842 1321 908 περὶ
1353 839 1616 906 Ἑλλήνων
1647 842 1734 893 οὐκ
1765 842 1948 895 ἐόντων

286 923 439 989 ἀξίων
469 926 706 992 φλαύρως
728 925 940 977 ἀκούειν.
1004 923 1266 990 ’Έλληνας
1289 927 1382 992 γὰρ
1414 924 1709 991 διαβάλλων
1733 927 1949 994 ἐπαίρεις

286 1009 434 1061 αὐτὸν
463 1008 689 1075 βασιλέα
712 1009 1086 1076 στρατεύεσθαι·
1132 1009 1280 1061 αὐτοῦ
1303 1012 1355 1062 δὲ
1379 1010 1555 1061 τούτου
1578 1011 1741 1062 εἵνεκα
1763 1009 1949 1065 δοκέεις
1975 1031 2026 1062 10

285 1115 370 1159 μοι
421 1097 592 1153 πᾶσαν
642 1095 916 1160 προθυμίην
967 1094 1219 1146 ἐκτείνειν.
1305 1092 1373 1159 μή
1422 1115 1509 1146 νυν
1554 1095 1679 1145 οὕτω
1727 1093 1945 1162 γένηται.

287 1177 503 1244 διαβολὴ
523 1176 618 1244 γάρ
639 1179 751 1229 ἐστι
768 1178 1070 1237 δεινότατον,
1092 1180 1146 1229 ἐν
1164 1186 1224 1251 τῇ
1242 1179 1328 1230 δύο
1349 1177 1442 1243 μέν
1462 1180 1561 1230 εἶσι
1582 1181 1630 1231 οἱ
1648 1178 1945 1243 ἀδικέοντες,

285 1263 357 1315 εἷς
400 1264 453 1314 δὲ
496 1262 523 1311 ὁ
567 1262 896 1327 ἀδικεόμενος.
986 1264 1012 1313 ὁ
1053 1264 1144 1327 μὲν
1188 1264 1282 1330 γὰρ
1327 1261 1623 1327 διαβάλλων
1665 1262 1847 1315 ἀδικέει
1891 1263 1948 1315 οὗ

286 1346 558 1412 παρεόντος
596 1345 925 1413 κατηγορέων,
968 1347 994 1397 6
1029 1349 1083 1397 δὲ
1122 1346 1305 1398 ἀδικέει
1341 1347 1729 1412 ἀναπειθόμενος
1765 1342 1947 1414 πρὶνιῆ

285 1429 526 1497 ἀτρεκέως
557 1429 762 1501 ἐκμάθῃ·
809 1431 835 1480 6
859 1433 911 1482 δὲ
935 1429 993 1494 δὴ
1019 1431 1188 1482 ἀπεὼν
1217 1434 1303 1482 τοῦ
1331 1431 1489 1497 λόγου
1516 1429 1635 1483 τάδε
1665 1432 1720 1482 ἐν
1749 1431 1948 1483 αὐτοῖσι
1974 1451 2024 1493 15

286 1513 549 1574 ἀδικέεται,
583 1514 874 1579 διαβληθείς
905 1535 960 1566 τε
987 1516 1083 1566 ὑπὸ
1112 1519 1200 1565 τοῦ
1229 1513 1399 1581 ἑτέρου
1430 1514 1511 1565 καὶ
1542 1515 1794 1577 νομισθεὶς
1822 1514 1947 1582 πρὸς

221 1597 251 1647 θ
286 1603 372 1650 τοῦ
403 1598 570 1665 ἑτέρου
601 1598 746 1652 κακὸς
779 1597 920 1650 εἶναι.
1009 1598 1126 1650 ἀλλ’
1151 1600 1193 1650 εἰ
1217 1598 1277 1663 δὴ
1301 1602 1379 1650 δεῖ
1403 1620 1462 1666 γε
1492 1597 1690 1653 πάντως
1720 1598 1802 1652 ἐπὶ
1831 1599 1947 1653 τοὺς

284 1681 467 1749 ἄνδρας
496 1682 698 1736 τούτους
729 1682 1106 1749 στρατεύεσθαι,
1141 1681 1279 1750 φέρε,
1313 1683 1564 1748 βασιλεὺς
1592 1686 1685 1748 μὲν
1714 1683 1860 1737 αὐτὸς
1891 1685 1946 1735 ἐν

283 1766 431 1831 ἤθεσι
452 1771 587 1818 τοῖσι
607 1766 850 1833 Περσέων
871 1765 1076 1832 μενέτω,
1097 1766 1262 1832 ἡμέων
1285 1770 1338 1819 δὲ
1361 1765 1658 1835 ἀμφοτέρων
1677 1770 2132 1835 παραβα-λ-ςῒόιίια

283 1849 513 1916 λομένων
550 1852 611 1901 τὰ
645 1849 794 1902 τέκνα
836 1849 1175 1917 στρατηλάτεε
1212 1850 1357 1905 αὐτὸς
1400 1851 1464 1902 σὺ
1500 1850 1856 1918 ἐπιλεξάμενός
1891 1873 1947 1903 τε
1973 1872 2023 1900 20

284 1934 466 2002 ἄνδρας
523 1934 637 1988 τοὺς
694 1934 887 1987 ἐθέλεις
937 1934 1018 1986 καὶ
1068 1936 1248 2000 λαβὼν
1300 1934 1540 2002 στρατιὴν
1597 1936 1785 2000 ὁκόσην
1835 1937 1948 1988 τινὰ

283 2019 513 2084 βούλεαι.
605 2018 683 2070 καὶ
718 2015 779 2083 ἢν
814 2021 907 2083 μὲν
945 2019 1005 2090 τῇ
1043 2018 1107 2070 σὺ
1142 2018 1310 2085 λέγεις
1349 2019 1599 2091 ἀναβαίνῃ
1639 2018 1851 2084 βασιλέϊ
1884 2021 1947 2071 τὰ

285 2101 563 2170 πρήγματα,
600 2101 898 2154 κτεινέσθων
934 2105 981 2154 οἱ
1019 2103 1128 2168 ἐμοὶ
1163 2107 1351 2162 παῖδες,
1395 2103 1516 2170 πρὸς
1552 2106 1605 2155 δὲ
1642 2104 1836 2156 αὐτοῖσι
1867 2104 1946 2155 καὶ

284 2187 399 2253 ἐγώ·
443 2183 506 2251 ἢν
537 2190 589 2239 δὲ
619 2187 807 2260 τῇιέγὼ
843 2185 1091 2253 προλέγω,
1125 2189 1171 2238 οἱ
1203 2187 1284 2237 σοὶ
1315 2191 1468 2238 ταῦτα
1499 2188 1817 2256 πασχόντων,
1851 2187 1946 2239 σὺν

285 2270 339 2322 δέ
375 2271 593 2337 σφιικαὶ
634 2271 713 2330 σύ,
751 2267 813 2334 ἢν
850 2269 1220 2342 ἀπονοστήσῃς.
1315 2272 1358 2322 εἰ
1403 2273 1455 2322 δὲ
1500 2275 1651 2322 ταῦτα
1692 2274 1784 2336 μὲν
1823 2273 1941 2323 ὑπο-
1972 2291 2020 2330 25

284 2355 449 2406 δύνειν
477 2354 564 2405 οὐκ
596 2353 873 2419 ἐθελήσεις,
908 2355 973 2406 σὺ
1004 2356 1057 2406 δὲ
1086 2353 1284 2407 πάντως
1325 2353 1607 2422 στράτευμα
1637 2354 1832 2421 ἀνάξεις
1863 2356 1945 2407 ἐπὶ
1963 2357 2132 2428 QG}

285 2437 376 2501 τὴν
396 2431 637 2498 Ἑλλάδα,
665 2438 975 2490 ἀκούσεσθαί
1001 2438 1112 2490 τινά
1138 2445 1267 2505 φημι
1296 2443 1395 2489 τῶν
1426 2438 1574 2489 αὐτοῦ
1602 2440 1712 2511 τῇδε
1741 2441 1942 2491 ὑπολει-

338 2588 363 2613 2
394 2574 636 2627 ἐσφάλησαν
661 2575 746 2614 PR
763 2575 845 2614 SV
987 2588 1012 2625 3
1044 2575 1234 2627 ἐπειχθὲν
1255 2575 1438 2625 Siesbye
1472 2588 1478 2591 ’
1581 2577 1608 2614 6
1637 2577 1740 2628 εὕροι
1763 2574 1947 2614 PRSV

284 2646 324 2669 τι
344 2647 405 2671 τις
426 2630 509 2669 SV
621 2643 642 2678 7
675 2636 790 2683 Γοβρ.
811 2631 846 2667 Α
865 2630 899 2668 Β
914 2630 948 2669 C
964 2630 997 2668 P
1109 2630 1306 2683 Μαρδόνιε
1327 2631 1410 2668 del.
1435 2629 1579 2669 Naber
1694 2642 1738 2668 11
1773 2630 1947 2670 ἐκτίνειν

285 2684 322 2722 Λ
338 2684 371 2721 Β
387 2684 420 2723 C
564 2698 611 2734 13
642 2686 773 2725 ἀδικεῖ
790 2684 824 2723 Ρ
838 2684 875 2722 R
891 2684 973 2723 SV
1121 2697 1167 2731 14
1197 2684 1386 2736 παρεόντι
1406 2684 1444 2723 Α
1460 2684 1540 2722 BC
1558 2697 1567 2722 τ
1596 2684 1797 2737 παρεόντα
1817 2684 1847 2722 S
1863 2682 1941 2735 [V]

285 2739 416 2779 ἀδικεῖ
433 2739 470 2777 R
487 2738 517 2777 S
530 2740 569 2777 V
792 2751 838 2788 17
870 2743 934 2779 δεῖ
950 2739 998 2787 δή
1018 2755 1069 2791 γε
1089 2739 1122 2777 C
1139 2739 1172 2777 P
1188 2753 1196 2776 ε
1229 2739 1277 2787 δή
1296 2755 1347 2790 γε
1368 2742 1432 2779 δεῖ
1449 2739 1488 2777 R
1503 2739 1533 2777 S
1547 2738 1584 2776 V
1735 2737 1888 2779 πάντας
1908 2739 1943 2776 C

289 2795 337 2831 18
367 2793 690 2845 στρατεύσασθαι
723 2793 761 2831 R
778 2793 858 2832 SV
1076 2806 1129 2832 20
1158 2792 1509 2846 στρατηλατέεται
1531 2793 1565 2832 C
1730 2810 1777 2833 τε
1804 2805 1885 2831 om.
1908 2793 1942 2829 C

283 2859 336 2884 22
367 2848 570 2894 ἀναβαίνει
592 2848 642 2885 C¹
661 2848 740 2887 SV
759 2862 768 2886 ε
800 2861 902 2889 -νειν
925 2848 962 2886 R
982 2861 991 2885 :
1021 2847 1220 2900 ἀποβαίνῃ
1242 2847 1377 2886 Cobet
1527 2860 1580 2897 23
1610 2846 1789 2898 αὐτοῖσι]
1812 2855 1886 2898 σφι
1909 2846 1943 2884 Ρ

284 2903 457 2994 ῗέιςέὄὼ
487 2915 553 2940 om
600 2902 682 2940 SV
873 2904 928 2940 26
961 2903 1009 2942 ἂν
1039 2901 1135 2954 ἕξεις
1167 2901 1426 2953 RS(-ns)V
1615 2914 1666 2950 27
1699 2900 1945 2942 ἀκούσασθαί
