2132 3340
705 477 1071 539 ΙΣΤΟΡΙΩΝ
1132 488 1154 536 Ι

183 655 469 724 Μαρδόνιος
499 652 569 713 δέ,
602 653 667 707 ὥς
696 654 742 704 οἱ
778 651 1135 717 ἀπονοστήσας
1166 650 1500 719 Ἀλέξανδρος
1535 653 1596 704 τὰ
1634 655 1766 720 παρὰ
1804 673 1827 709 1

99 739 373 806 Ἀθηναίων
398 738 631 805 ἐσήμηνε,
658 737 887 805 ὁρμηθεὶς
913 738 966 789 ἐκ
988 739 1285 803 Θεσσαλίης
1304 735 1396 805 ἥγε
1415 736 1505 802 τὴν
1527 738 1766 805 στρατιὴν

99 829 291 898 σπουδῇ
321 825 402 878 ἐπὶ
432 826 520 878 τὰς
551 821 781 888 Ἀθήνας·
827 823 943 875 ὅκου
973 824 1027 875 δὲ
1058 822 1298 875 ἑκάστοτε
1327 823 1535 890 γίνοιτο,
1561 823 1765 877 τούτους

98 908 474 978 παρελάμβανε.
552 913 687 961 τοῖσι
710 910 763 960 δὲ
789 908 1089 973 Θεσσαλίης
1111 906 1432 974 ἡγεομένοισι
1457 907 1570 959 οὔτε
1589 909 1650 960 τὰ
1669 907 1764 975 πρὸ

53 999 186 1059 ,arev
215 993 539 1062 πεπρηγμένα
578 991 818 1059 μετέμελε
855 991 996 1044 οὐδὲν
1033 997 1208 1062 πολλῷ
1246 1013 1300 1044 τε
1339 995 1538 1058 μᾶλλον
1576 993 1765 1060 ἐπῆγον

97 1078 184 1131 τὸν
235 1078 457 1146 Πέρσην,
514 1079 592 1130 καὶ
643 1075 1044 1144 συμπροέπεμψέ
1093 1098 1146 1129 τε
1193 1076 1383 1150 Θώρηξ
1422 1078 1448 1128 6
1492 1080 1766 1143 Ληρισαῖος

100 1162 297 1232 Ξέρξην
320 1163 572 1232 φεύγοντα
597 1162 675 1215 καὶ
698 1163 810 1214 τότε
834 1163 888 1213 ἐκ
910 1166 997 1214 τοῦ
1020 1167 1240 1230 φανεροῦ
1263 1165 1451 1229 παρῆκε
1475 1163 1763 1229 Μαρδόνιον

97 1249 178 1301 ἐπὶ
218 1248 309 1313 τὴν
343 1247 585 1300 Ἑλλάδα.
659 1247 768 1299 ἐπεὶ
808 1249 860 1299 δὲ
902 1247 1230 1314 πορευόμενος
1270 1248 1460 1314 γίνεται
1495 1248 1522 1297 6
1553 1248 1765 1315 στρατὸς
1800 1271 1831 1307 2

97 1335 152 1385 ἐν
185 1337 467 1393 Βοιωτοῖσι,
493 1335 540 1386 οἱ
574 1335 798 1398 Θηβαῖοι
829 1330 1214 1407 κατελάμβανον
1245 1332 1332 1384 τὸν
1365 1332 1653 1399 Μαρδόνιον
1685 1334 1762 1386 καὶ
1788 1325 2115 1379 Gi‘dsskdd

26 1441 73 1470 10
98 1417 467 1484 συνεβούλευον
491 1417 619 1488 αὐτῷ
649 1416 886 1484 λέγοντες
911 1416 976 1470 ὡς
999 1417 1086 1468 οὐκ
1110 1419 1183 1481 εἵη
1208 1422 1371 1484 χῶρος
1390 1418 1763 1485 ἐπιτηδεότερος
1958 1388 2111 1429 ⁶⁸⁶⁸*

96 1502 637 1570 ἐνστρατοπεδεύεσθαι
675 1503 879 1560 ἐκείνου,
913 1500 1026 1554 οὐδὲ
1058 1501 1152 1553 ἔων
1185 1501 1310 1553 ἱέναι
1341 1500 1610 1568 ἑκαστέρω,
1644 1502 1762 1554 ἀλλ’

96 1588 245 1641 αὐτοῦ
284 1588 508 1653 ἱζόμενον
548 1586 736 1639 ποιέειν
776 1587 902 1640 ὅκως
938 1586 1157 1654 ἀμαχητὶ
1192 1608 1283 1651 την
1326 1589 1495 1639 πᾶσαν
1534 1585 1761 1639 Ἑλλάδα

97 1671 514 1740 καταστρέψεται.
590 1672 711 1724 κατὰ
748 1692 841 1747 μεν
863 1672 989 1775 ,γὰρ
1012 1670 1319 1774 ’[ὸ-ἰ-σχυρὸν
1346 1669 1608 1736 ’Έλληνας
1644 1673 1759 1737 ὁμο·
1798 1696 1824 1727 2
1853 1686 2102 1759 §Usta-aq-

95 1756 412 1825 φρονέοντας,
460 1757 511 1809 οἵ
550 1778 642 1824 περ
691 1757 770 1808 καὶ
817 1754 972 1822 πάρος
1016 1755 1168 1808 ταύτὰ
1217 1756 1510 1823 ἐγίνωσκον,
1558 1759 1759 1825 χαλεπὰ

22 1863 70 1904 15
96 1841 222 1894 εἶναι
258 1843 599 1909 περιγίνεσθαι
637 1842 716 1894 καὶ
754 1840 915 1893 ἅπασι
956 1841 1279 1908 ἀνθρώποισι·
1347 1843 1410 1893 Εἰ
1445 1844 1499 1894 δὲ
1533 1840 1759 1906 ποιήσεις
1775 1863 2036 1912 mvn-d.

94 1928 156 1978 τὰ
176 1927 316 1993 ἡμεῖς
338 1925 684 1994 παραινέομεν,
707 1926 907 1994 ἔφασαν
930 1924 1178 1993 λέγοντες,
1203 1924 1329 1990 ἕξεις
1350 1926 1547 1980 ἀπόνως
1566 1925 1760 1979 ἅπαντα
1784 1946 1790 1951 ·

96 2013 156 2064 τὰ
201 2013 402 2064 ἐκείνων
445 2012 780 2078 βουλεύματα.
873 2009 1038 2076 πέμπε
1080 2003 1311 2079 χρήματα
1360 2013 1410 2064 ἐς
1453 2011 1567 2065 τοὺς
1611 2015 1755 2064 δυνα-
1798 2035 1825 2079 3
2020 2026 2043 2043 '⁵

96 2097 364 2150 στεύοντας
404 2095 584 2164 ἄνδρας
623 2097 678 2148 ἐν
708 2103 827 2170 τῇσι
863 2096 1057 2154 πόλισι,
1091 2095 1301 2161 πέμπων
1331 2098 1382 2147 δὲ
1413 2094 1503 2160 τὴν
1534 2095 1761 2148 Ἑλλάδα

95 2180 400 2247 διαστήσεις·
446 2183 674 2234 ἐνθεῦτεν
703 2183 756 2233 δὲ
787 2180 902 2235 τοὺς
931 2179 997 2246 μὴ
1030 2182 1091 2232 τὰ
1123 2182 1191 2232 σᾶ
1224 2179 1532 2248 φρονέοντας
1560 2182 1760 2248 ῥηιδίως
1828 2199 1832 2204 ’

20 2288 71 2318 20
93 2268 216 2332 μετὰ
246 2271 342 2319 τῶν
384 2265 708 2319 στασιωτέων
746 2264 1132 2333 καταστρέψεαι.
1208 2267 1255 2317 οἱ
1291 2267 1384 2331 μὲν
1418 2270 1574 2317 ταῦτα
1612 2284 1757 2319 συνε-
1796 2288 1828 2335 3

94 2351 358 2417 βούλευον,
392 2352 418 2401 6
448 2353 501 2403 δὲ
537 2350 624 2402 οὐκ
659 2352 900 2410 ἐπείθετο,
933 2349 1069 2402 ἀλλά
1101 2352 1147 2402 οἱ
1185 2350 1344 2404 δεινός
1380 2371 1454 2404 τις
1490 2350 1760 2403 ἐνέστακτο

94 2436 261 2503 ἵμερος
283 2437 370 2489 τὰς
395 2434 610 2501 Ἀθήνας
633 2435 836 2502 δεύτερα
860 2437 1011 2494 ἑλεῖν,
1038 2433 1140 2501 ἅμα
1161 2437 1254 2501 μὲν
1275 2433 1358 2487 ὑπ’
1382 2436 1757 2509 ἀγνωμοσύνης,
1785 2434 2080 2503 “mk-⁶0⁴3.

94 2519 195 2597 ᾄμα
224 2522 277 2572 δὲ
290 2525 546 2587 πυρσοῖσι
582 2521 660 2571 διὰ
696 2518 865 2585 νήσων
896 2520 1061 2585 ἐδόκεε
1097 2519 1310 2587 βασιλέϊ
1346 2520 1594 2587 δηλώσειν
1626 2521 1759 2572 ἐόντι

147 2670 172 2709 5
201 2657 455 2710 μετέμελλεν
472 2658 511 2697 R
523 2657 561 2696 V
723 2659 752 2696 6
780 2657 846 2710 τε]
866 2662 923 2699 τῶ
940 2658 979 2696 R
997 2676 1006 2699 ι
1033 2670 1115 2698 om.
1133 2657 1167 2697 C
1183 2657 1217 2696 P
1317 2661 1558 2711 Ληρισσαῖος
1578 2658 1611 2696 Ρ
1624 2658 1663 2697 R
1679 2658 1709 2698 S
1723 2659 1762 2699 V

95 2727 117 2764 7
149 2713 292 2768 Ξέρξεα
327 2713 367 2752 R
385 2713 415 2752 S
432 2713 471 2752 V
636 2726 663 2763 9
713 2713 785 2754 τὸν
823 2725 905 2753 om.
946 2712 986 2750 R
1002 2712 1083 2752 SV
1253 2724 1298 2751 11
1353 2713 1690 2766 ἐνστρατεύεσθαι
1725 2714 1759 2753 C

95 2731 223 2810 ἑκατέ
224 2720 304 2821 gam(
309 2767 326 2822 )
349 2768 383 2807 C
398 2769 437 2807 R
453 2768 534 2808 SV
730 2780 780 2817 13
809 2768 1140 2821 καταστρέψηται
1163 2767 1197 2806 L
1217 2781 1226 2807 :
1257 2766 1364 2808 corr'.
1390 2767 1546 2817 Steger
1682 2770 1761 2823 γὰρ

361 2836 408 2873 14
438 2826 568 2864 ταῦτα
586 2823 623 2862 R
638 2823 677 2861 V
787 2823 994 2875 χαλεποὺς
1012 2822 1132 2862 Stein
1249 2834 1297 2872 15
1323 2822 1600 2875 περιγενέσθαι
1625 2824 1662 2862 R
1679 2823 1709 2863 S
1723 2825 1762 2863 V

99 2878 189 2918 16“’
167 2883 210 2931 εξ
189 2877 277 2931 ξΑῙ
388 2879 520 2920 πάντα
536 2877 575 2916 Α
590 2878 624 2917 Β
641 2878 674 2916 C
792 2891 839 2927 17
861 2879 1009 2931 ἰσχυρὰ
1025 2877 1286 2927 βουλεύματα
1302 2878 1382 2916 PR
1397 2877 1473 2917 SV
1585 2892 1639 2918 20
1657 2881 1761 2928 μετὰ

94 2933 377 2986 στρατιωτέων
395 2933 433 2971 R
449 2934 479 2973 S
494 2933 531 2972 V
614 2937 890 2987 καταστρεψαι
908 2934 941 2971 C
958 2933 995 2970 R
1010 2934 1069 2972 V:
1101 2933 1305 2985 -στρέψεις
1323 2933 1354 2972 S
1466 2946 1515 2971 21
1542 2934 1701 2975 ἐπίθετο
1720 2933 1758 2973 R

93 3005 155 3030 τις
174 3001 258 3030 om.
275 2988 316 3027 A
330 2989 365 3029 B
380 2989 414 3028 C
427 2989 462 3029 P
627 3002 680 3039 23
710 2988 885 3037 δηλώσει
911 2988 948 3027 R
966 2988 1042 3040 [V]
1058 3002 1066 3029 :
1098 3001 1152 3026 an
1174 2990 1384 3038 δηλῶσαι2
