2132 3340
151 92 241 142 lx,
268 103 323 154 η
973 62 1401 138 ΗΡοΔοΤοΎ

365 221 671 276 Θεσσαλῶν,
706 216 770 270 ὡς
802 217 899 283 ἐγὼ
930 217 1120 281 εἰκάζω·
1166 222 1253 270 νῦν
1278 215 1346 269 ὧν
1367 217 1522 285 ἄνδρα
1543 216 1706 270 πάντα
1728 219 1839 270 τινὰ
1861 216 2024 284 ὑμέων
2048 287 2049 290 ¹

363 302 514 369 χρεόν
548 303 658 353 ἐστι
687 299 925 367 γενέσθαι
956 302 1159 368 ἀγαθόν·
1208 300 1422 368 κρέσσον
1454 305 1549 369 γὰρ
1577 302 1837 356 ποιεῦντάς
1864 323 1912 354 τι
1945 303 2023 355 καὶ
2041 307 2050 342 ἶ
2083 308 2132 367 {xi

0 390 298 450 moi-205
366 384 700 451 ἀμυνομένους
735 388 1034 450 τελευτῆσαι
1069 386 1155 438 τὸν
1190 387 1344 438 αἰῶνα
1377 384 1408 450 ἥ
1443 407 1535 451 περ
1570 384 1882 454 παρέχοντας
1917 390 2018 438 δια·
2047 376 2051 392 ³
2086 410 2132 433 w

368 472 618 537 φθαρῆναι
638 471 888 539 αἰσχίστῳ
907 471 1058 540 μόρῳ.
1122 471 1256 522 ἀλλὰ
1274 467 1471 536 μαθέτω
1491 492 1564 525 τις
1583 471 1743 522 αὐτῶν
1761 471 1837 522 ὅτι
1857 471 2047 525 ἐόντεςί
2090 467 2132 497 ””·”

273 563 327 609 18
366 553 621 621 βάρβαροι
671 553 747 606 ἐπ’
789 552 1020 619 οΈλλησι
1066 554 1277 621 ἀνδράσι
1323 555 1483 622 φόνον
1530 555 1770 623 ἔρραψαν.
1859 556 1885 606 ὁ
1932 557 2072 620 μέν5
2126 538 2132 550 ⁵

366 643 517 690 ταῦτα
546 639 796 705 παραίνεε·
858 641 904 692 οἱ
946 642 999 692 δὲ
1038 638 1211 693 ἱππέες
1251 640 1416 692 ἐπείτε
1458 638 1621 707 σφέας
1660 639 2022 699 ἐκυκλώσαντο,

0 729 313 785 abda-cam
369 721 650 786 ἐπήλαυνον
680 723 745 777 ὡς
775 722 1092 783 ἀπολέοντες,
1128 724 1208 776 καὶ
1243 723 1300 789 δὴ
1338 724 1632 789 διετείνοντο
1667 725 1728 776 τὰ
1763 723 1925 790 βέλεα
1960 723 2026 777 ὦς

369 805 664 872 ἀπήσοντες,
700 809 786 860 καί
811 808 898 860 κού
926 829 1002 863 τις
1031 809 1110 861 καὶ
1140 810 1315 873 ἀπῆκε.
1392 809 1471 861 καὶ
1506 809 1553 861 οἱ
1588 808 1747 861 ἀντίοι
1781 809 2023 874 ἔστησαν,

370 890 529 963 πάντῃ
562 891 940 959 συστρέψαντες
970 892 1179 946 ἑωυτοὺς
1210 894 1289 946 καὶ
1320 894 1668 947 πυκνώσαντες
1693 893 1758 947 ὣς
1783 880 2024 958 μάλιστα.

370 978 582 1028 ἐνθαῦτα
610 978 656 1028 οἱ
689 977 892 1029 ἱππόται
914 976 1235 1046 ὑπέστρεφον
1258 979 1339 1030 καὶ
1369 976 1657 1043 ἀπήλαυνον
1686 979 1866 1030 ὀπίσω.
1939 978 2026 1030 οὐκ
2052 1001 2103 1032 10

370 1061 470 1128 ἔχω
501 1060 543 1111 δ’
574 1059 814 1127 ἀτρεκέως
851 1062 1008 1114 εἰπεῖν
1043 1062 1156 1114 οὔτε
1187 1063 1229 1115 εἰ
1265 1061 1423 1127 ἦλθον
1456 1064 1548 1128 μὲν
1584 1061 1884 1116 ἀπολέοντες
1911 1054 2027 1116 τοὺς

371 1143 575 1198 Φωκέας
606 1143 880 1210 δεηθέντων
912 1150 1216 1206 Θεσσαλῶν,
1250 1147 1358 1199 ἐπεὶ
1388 1149 1441 1199 δὲ
1471 1147 1610 1214 ὥρων
1635 1146 1754 1214 πρὸς
1784 1144 2028 1211 ἀλέξησιν

369 1227 719 1295 τραπομένους,
772 1230 1029 1284 δείσαντες
1077 1230 1144 1296 μὴ
1194 1231 1274 1283 καὶ
1324 1233 1478 1299 σφίσι
1528 1230 1733 1299 γένηται
1778 1230 2026 1297 τρώματα,

370 1315 494 1365 οὕτω
526 1313 584 1378 δὴ
616 1313 907 1379 ἀπήλαυνον
937 1315 1099 1366 ὀπίσω
1128 1314 1213 1381 (ὣς
1235 1314 1331 1383 γάρ
1370 1322 1467 1382 σφι
1501 1315 1783 1367 ἐνετείλατο
1822 1314 2017 1380 Μαρδό-

370 1398 490 1464 νιος)
519 1397 620 1449 οὔτ’
654 1400 697 1450 εἰ
733 1397 892 1450 αὐτῶν
929 1402 1220 1465 πειρηθῆναι
1259 1398 1480 1465 ἠθέλησε
1520 1401 1567 1451 εἴ
1600 1420 1647 1451 τι
1688 1399 1844 1463 ἀλκῆς
1883 1396 2025 1464 μετέ·
2056 1421 2104 1464 15

305 1508 330 1552 3
368 1503 535 1549 χουσι.
588 1482 651 1535 ὡς
671 1485 724 1534 δὲ
742 1483 904 1535 ὀπίσω
925 1481 1196 1546 ἀπήλασαν
1215 1485 1260 1535 οἱ
1282 1484 1500 1544 ἱππόται,
1521 1482 1726 1551 πέμψας
1746 1483 2030 1550 Μαρδόνιος

371 1565 552 1633 κήρυκα
583 1567 727 1633 ἔλεγε
756 1566 887 1618 τάδε·
935 1565 1211 1634 Θαρσέετε,
1244 1565 1282 1619 ὦ
1314 1567 1527 1622 Φωκέες·
1573 1566 1746 1635 ἄνδρες
1774 1569 1869 1635 γὰρ
1899 1565 2027 1635 ἐφά-

283 1719 290 1727 .
368 1672 486 1715 νητε
530 1651 696 1704 ἐόντες
743 1651 936 1718 ἀγαθοί,
986 1650 1074 1702 οὐκ
1121 1651 1186 1705 ὣς
1234 1652 1332 1719 ἐγὼ
1380 1653 1738 1717 ἐπυνθανόμην.
1813 1651 1892 1703 καὶ
1942 1654 2032 1703 νῦν

2 1737 336 1807 ὁώ-ςὶνμῖ
368 1736 628 1801 προθύμως
659 1733 839 1803 φέρετε
867 1735 954 1787 τὸν
991 1736 1213 1800 πόλεμον
1247 1741 1439 1788 τοῦτον·
1485 1735 1800 1807 εὐεργεσίῃσι
1836 1737 1932 1802 γὰρ
1971 1734 2030 1787 οὗ

0 1839 145 1886 rud-do
368 1819 596 1889 vtxn'gere
626 1818 725 1870 οὔτ’
756 1816 823 1870 ὧν
854 1821 940 1884 ἐμὲ
971 1819 1083 1871 οὔτε
1112 1819 1353 1885 βασιλέα.
1440 1823 1502 1871 τὰ
1537 1820 1649 1886 περὶ
1684 1817 1899 1871 Φωκέων
1937 1820 2030 1884 μὲν
2055 1838 2104 1868 20

268 1920 329 1970 19
368 1905 418 1957 ἐς
452 1907 694 1955 τοσοῦτον
731 1902 948 1970 ἐγένετο·
1000 1905 1379 1969 Λακεδαιμόνιοι
1423 1906 1477 1957 δὲ
1516 1903 1581 1958 ὡς
1619 1906 1671 1957 ἐς
1710 1907 1795 1954 τὸν
1824 1900 2031 1967 Ἰσθμὸν

305 996 330 1027 ἢ)

368 1986 542 2051 ῆλθον,
574 1989 629 2039 ἐν
658 1987 812 2056 τούτῳ
845 1988 1341 2054 ἐστρατοπεδεύοντο.
1416 1988 1778 2052 πυνθανόμενοι
1801 1988 1853 2039 δὲ
1876 1990 2031 2038 ταῦτα

368 2074 415 2123 οἱ
445 2071 613 2124 λοιποὶ
644 2070 1051 2135 Πελοποννήσιοι
1082 2077 1218 2124 τοῖσι
1247 2074 1309 2124 τὰ
1340 2073 1522 2138 ἀμείνω
1555 2070 1774 2130 ἑάνδανε,
1801 2073 1847 2123 οἱ
1870 2072 1923 2122 δὲ
1949 2069 2030 2121 καὶ

370 2156 578 2221 ὁρῶντες
619 2155 842 2220 ἐξιόντας
876 2154 1205 2223 Σπαρτιήτας,
1241 2158 1327 2209 οὐκ
1365 2158 1604 2209 ἐδικαίευν
1642 2155 1909 2208 λείπεσθαι
1941 2155 2030 2219 τῆς

304 2255 331 2288 2
369 2237 539 2303 ἐξόδου
576 2236 1029 2306 [Λακεδαιμονίων].
1120 2243 1173 2292 ἐκ
1211 2240 1268 2305 δὴ
1306 2238 1374 2293 ὧν
1410 2245 1494 2292 τοῦ
1529 2240 1731 2305 Ἰσθμοῦ
1767 2245 2029 2305 καλλιερη-
2056 2256 2104 2299 25

371 2321 569 2375 σάντων
606 2319 724 2389 [τῶν
765 2319 901 2391 ἱρῶν]
942 2311 1250 2390 ἐπορεύοντοἱ
1278 2324 1460 2379 πάντες
1507 2325 1585 2376 καὶ
1625 2322 1941 2376 ἀπικνέονται
1979 2323 2033 2377 ἐς

370 2404 656 2459 Ἐλευσῖνα·
702 2406 1004 2472 ποιήσαντες
1045 2411 1099 2460 δὲ
1141 2409 1219 2461 καὶ
1261 2411 1470 2462 ἐνθαῦτα
1511 2408 1606 2476 ἱρά,
1638 2408 1704 2462 ὥς
1745 2414 1843 2475 σφι
1883 2408 2029 2459 ἐκαλ-

429 2556 447 2583 1
478 2543 534 2586 ὧν
553 2557 635 2585 om.
655 2543 694 2583 A
707 2543 789 2585 BC
805 2544 840 2584 P
952 2546 1074 2599 ἄνδρα
1093 2547 1184 2588 τινὰ
1203 2545 1335 2588 πάντα
1354 2546 1390 2586 C
1404 2546 1461 2586 P:
1490 2544 1624 2587 πάντά
1642 2562 1733 2586 τινα
1753 2544 1875 2597 ἄνδρα
1895 2542 1935 2582 R
1949 2543 1980 2583 S
1992 2541 2032 2582 V

370 2613 394 2638 2
423 2599 606 2652 ’γίνεσθαι
628 2600 668 2639 R
682 2600 713 2640 S
725 2599 765 2639 V
911 2600 941 2639 6
971 2600 1058 2641 ἐπεί
1076 2600 1118 2639 Α
1131 2600 1165 2639 Β
1181 2601 1214 2640 C
1230 2600 1265 2639 P
1417 2613 1439 2649 7
1470 2601 1715 2642 ἀπόλεῦντες
1737 2599 1775 2637 R
1789 2598 1873 2638 SV
1979 2598 2029 2646 δὴ

373 2655 451 2703 (sic
472 2653 548 2705 C)]
571 2655 619 2703 δὴ
640 2654 705 2695 καὶ
727 2655 762 2693 Β
983 2656 1010 2693 8
1040 2655 1269 2707 ἀφήσοντες
1288 2655 1327 2693 Α
1342 2655 1376 2692 Β
1392 2653 1427 2693 C
1575 2655 1706 2706 ἀφῆκε
1725 2653 1767 2693 Α
1780 2652 1816 2691 Β
1829 2652 1864 2691 C
1991 2651 2030 2692 οἳ

368 2709 408 2747 Α
422 2709 455 2748 C
469 2707 531 2747 P:
560 2711 595 2749 οἱ
617 2708 652 2747 Β
668 2709 775 2748 SV:
807 2721 888 2747 om.
916 2707 956 2746 R
1089 2709 1270 2750 ε’στασαν
1291 2709 1324 2747 C
1338 2709 1373 2747 P
1563 2721 1592 2759 9
1620 2707 1867 2762 στρέψαντες
1887 2705 1927 2744 Α
1942 2706 1976 2744 Β
1993 2705 2028 2744 C

370 2764 652 2804 κυκλώσαντες
686 2763 726 2802 R
750 2764 780 2802 S
799 2762 839 2801 V
1053 2776 1097 2802 11
1141 2766 1176 2805 εἷ
1210 2777 1294 2804 om.
1329 2765 1363 2803 C
1383 2764 1421 2802 R
1635 2775 1685 2801 12
1726 2764 1855 2814 εῶρων
1883 2759 1974 2799 ΑΒ
1992 2759 2026 2799 C

375 2831 420 2867 13
451 2822 587 2871 τρῶμα
608 2817 646 2856 Ν
650 2818 752 2856 aber
941 2831 987 2867 14
1017 2819 1061 2859 ὃς
1083 2819 1122 2857 R
1306 2820 1356 2857 16
1384 2817 1625 2867 ἀπήλαυσαν
1646 2816 1686 2856 R
1705 2831 1715 2857 ε
1743 2816 1974 2864 ἀπήλαυνον
1993 2813 2027 2852 C

370 2885 418 2910 21
451 2875 623 2913 τοσοῦτο
645 2872 682 2910 Α
696 2872 730 2911 Β
748 2873 781 2911 C
796 2872 830 2911 P
954 2885 1020 2922 25
1047 2873 1367 2925 Λακεδαιμονίων
1386 2873 1467 2912 del.
1492 2871 1614 2912 Stein
1755 2872 1809 2909 26
1836 2873 1917 2910 τῶν
1935 2870 2029 2921 ἱρῶν

371 2926 454 2966 del.
482 2926 679 2977 Krueger
875 2939 926 2978 27
959 2927 1206 2982 ἐκαλλιέρεε,
1229 2928 1278 2969 τὸ
1300 2926 1524 2968 Suevern:
1555 2924 1816 2980 ἐκαλλιρέετο
1838 2923 1904 2962 Rz
1937 2925 2028 2964 ἐκα·

369 2979 551 3035 λιέρέετο
571 2981 605 3021 C
623 2995 633 3021 ε
663 2979 944 3035 ἐκαλλιερέετο
964 2980 1056 3022 rell.
