2132 3340
740 104 1116 153 ΙΣΤΟΡΙΩΝ
1180 105 1193 151 1
1848 101 1934 148 IX.
1963 113 2036 160 90

135 239 449 292 ἐπελθόντων
490 236 544 289 δέ
579 243 754 303 σφεων
793 236 873 288 ἐπὶ
908 235 1021 289 τοὺς
1062 225 1370 302 στρατηγοὺς
1410 235 1555 300 ἕλεγέ
1586 231 1803 299 Ἡγησί-
1846 252 1871 283 2

137 343 346 390 στρατος
376 324 543 374 πολλὰ
582 320 660 372 καὶ
701 324 926 378 παντοῖα,
962 320 1027 373 ὡς
1071 315 1128 383 ἢν
1166 324 1350 384 μοῦνον
1391 321 1593 370 ἴδωνται
1631 316 1806 369 αὐτοὺς

137 410 182 460 οἰ
205 407 376 459 Ἴωνες
406 403 785 469 ἀποστήσονται
816 404 913 455 ἀπὸ
953 403 1210 470 Περσέων,
1248 404 1326 454 καὶ
1366 403 1428 455 ὡς
1468 405 1513 454 οἱ
1551 401 1823 468 ίὲἳάρβαροι1

136 492 221 544 οὐκ
263 489 611 556 ὑπομενέουσι·
663 485 725 553 ἢν
769 492 821 540 δὲ
869 489 947 540 καὶ
990 488 1085 554 ἄρα
1129 488 1453 553 ὑπομείνωσι,
1501 486 1587 537 οὐκ
1634 484 1807 552 ἑτέρην

89 597 111 638 5
135 575 291 645 ἄγρην
310 576 538 639 τοιαύτην
563 575 720 642 εὑρεῖν
741 573 802 625 ἂν
822 573 1013 626 αὐτούς·
1061 573 1203 626 θεούς
1229 594 1282 624 τε
1306 572 1495 625 κοινοὺς
1516 570 1806 622 ἀνακαλέων

136 659 407 728 προέτρεπε
432 660 607 712 αὐτοὺς
629 659 879 726 ῥύσοτθαι
910 657 1092 724 ἄνδρας
1115 655 1378 722 ’Έλληνας
1413 658 1466 708 ἐκ
1497 656 1807 720 δουλοσύνης

138 746 217 798 καὶ
246 746 496 810 ἀπαμῦναι
524 743 610 795 τὸν
640 742 919 811 βάρβαρον.
998 741 1201 796 εὐπετές
1223 763 1278 793 τε
1303 741 1501 792 αὐτοῖσι
1532 740 1629 808 ἔφη
1654 744 1806 792 ταῦτα
1846 755 1871 798 3

137 831 383 898 γίνεσθαι·
435 828 523 882 τάς
567 851 620 881 τε
664 830 759 896 γὰρ
803 827 917 881 νέας
963 827 1121 879 αὐτῶν
1170 832 1328 881 κακῶς
1374 825 1548 878 πλέειν
1597 825 1675 876 καὶ
1721 825 1807 876 οὐκ

138 913 439 983 ἀξιομάχους
472 916 679 966 κείνοισι
713 913 853 965 εἶναι.
929 913 1073 964 αὐτοί
1097 934 1166 972 τε,
1204 914 1250 964 εἵ
1282 933 1330 963 τι
1367 910 1705 963 ὑποπτεύουσι
1740 909 1807 975 μὴ

67 1023 115 1052 ιο
139 1001 269 1070 δόλῳ
318 999 494 1052 αὐτοὺς
538 998 821 1065 προάγοιεν,
862 998 1049 1063 ἕτοιμοι
1092 997 1217 1049 εἶναι
1260 999 1313 1048 ἐν
1354 1004 1471 1069 τῇσι
1513 995 1658 1060 νηυσὶ
1693 995 1807 1067 τῇσι

140 1086 343 1136 ἐκείνων
362 1084 598 1151 ἀγόμενοι
621 1084 795 1149 ὅμηροι
817 1081 956 1134 εἶναι.
1048 1082 1111 1135 ὡς
1133 1086 1184 1134 δὲ
1207 1085 1398 1135 πολλὸς
1421 1079 1479 1144 ἣν
1499 1080 1808 1184 λισσόμενος
1847 1093 1909 1140 91

139 1171 165 1220 6
195 1168 355 1234 ξεῖνος
386 1170 411 1218 ὁ
443 1166 641 1232 Σάμιος,
676 1169 833 1234 εἴρετο
865 1168 1183 1235 Λευτυχίδης,
1220 1168 1319 1218 εἴτε
1352 1166 1591 1230 κληδόνος
1622 1165 1809 1216 εἵνεκεν

139 1253 301 1305 θέλων
339 1251 585 1305 πυθέσθαι
626 1254 724 1304 εἴτε
767 1252 845 1303 καὶ
892 1253 1014 1303 κατὰ
1060 1252 1333 1319 συντυχίην
1377 1254 1491 1302 θεοῦ
1536 1253 1806 1302 ποιεῦντος·
1812 1224 2132 1337 Μφοιῄ

132 1337 205 1390 Ὠ
244 1337 373 1403 ξεῖνε
411 1335 580 1402 Σάμιε,
613 1338 667 1388 τί
696 1357 772 1388 τοι
810 1337 1017 1402 οὔνομα;
1067 1337 1092 1386 ὁ
1124 1339 1176 1387 δε
1211 1357 1334 1388 ειπε·
1380 1334 1806 1402 Ηγησίστρατος.

68 1444 113 1484 15
140 1424 166 1474 6
195 1425 248 1474 δὲ
279 1420 578 1489 ὑπαρπάσας
606 1421 693 1472 τὸν
722 1423 983 1473 ἐπίλοιπον
1015 1422 1185 1489 λόγον,
1214 1422 1260 1472 εἵ
1285 1441 1394 1472 τινα
1424 1421 1607 1486 ὅρμητο
1637 1418 1808 1485 λέγειν
1846 1439 1873 1470 2

142 1509 168 1558 6
206 1506 630 1574 ἹΙγησίστρατος,
675 1505 797 1557 εἶπε·
856 1505 1079 1570 Δέκομαι
1125 1505 1213 1557 τὸν
1257 1504 1434 1557 οἰωνὸν
1479 1502 1583 1570 [τὸν
1625 1504 1805 1571 ἡγησί-

142 1587 390 1656 στρατον],
425 1587 463 1641 ὦ
495 1590 624 1655 ξεῖνε
656 1589 824 1655 Σάμιε.
906 1590 969 1640 σὺ
999 1593 1051 1641 δὲ
1085 1590 1203 1654 ἡμῖν
1234 1590 1371 1642 ποίεε
1407 1590 1532 1642 ὅκως
1570 1589 1717 1641 αὐτός
1758 1609 1810 1639 τε

141 1676 255 1729 δοὺς
286 1677 458 1727 πίστιν
489 1675 835 1727 ἀποπλεύσεαι
869 1675 947 1726 καὶ
980 1677 1025 1726 οἱ
1065 1675 1159 1726 σὺν
1191 1674 1274 1725 σοὶ
1313 1675 1477 1727 ἐόντες
1507 1675 1625 1732 οἵδε,
1659 1671 1690 1736 ἧ
1718 1675 1811 1738 μὲν

142 1760 355 1826 Σαμίους
405 1759 523 1824 ἡμῖν
576 1759 854 1825 προθύμους
909 1760 1120 1811 ἔσεσθαι
1170 1757 1476 1825 συμμάχους.
1567 1756 1718 1809 ταῦτά
1757 1778 1810 1808 τε
1850 1768 1921 1816 92

70 1870 120 1898 20
143 1843 243 1910 ἅμα
272 1844 477 1911 ἠγόρευε
509 1844 587 1895 καὶ
627 1842 684 1894 τὸ
719 1842 866 1910 ἔργον
907 1847 1149 1911 προσῆγε·
1198 1843 1372 1894 αὐτίκα
1413 1845 1506 1910 γὰρ
1546 1845 1592 1894 οἱ
1633 1840 1812 1906 Σάμιοι

142 1930 315 1981 πίστιν
354 1950 409 1980 τε
451 1928 528 1980 καὶ
570 1929 710 1994 ὅρκια
750 1929 1006 1980 ἐποιεῦντο
1051 1929 1336 1996 συμμαχίης
1377 1926 1489 1994 πέρι
1524 1926 1656 1994 ,πρὸς
1698 1926 1811 1978 τοὺς

134 2011 410 2077 Ἕλληνας.
1136 2003 1140 2005 ’

225 2101 394 2149 Ταῦτα
423 2100 475 2149 δὲ
507 2095 808 2161 ποιήσαντες
839 2100 885 2149 οἱ
915 2101 1006 2163 μὲν
1040 2096 1309 2150 ἀπέπλεον·
1355 2099 1479 2162 μετὰ
1511 2095 1686 2163 σφέων
1715 2096 1812 2163 γὰρ
1849 2111 1876 2143 2

146 2180 341 2234 ἐκέλευε
370 2181 543 2234 πλέειν
572 2181 659 2234 τὸν
689 2181 1116 2250 “Ηγησίστρατον,
1145 2181 1322 2234 οἰωνὸν
1349 2181 1403 2232 τὸ
1428 2181 1614 2246 οὔνομα
1643 2181 1810 2232 ποιεύἸ

72 2290 120 2331 25
143 2287 306 2332 μενος·
360 2269 406 2319 οἱ
448 2268 501 2318 δὲ
528 2264 781 2331 “Ελληνες
827 2268 1126 2335 ἐπισχόντες
1169 2267 1350 2331 ταύτην
1395 2265 1485 2328 τὴν
1526 2263 1713 2332 ἡμέρην
1757 2265 1815 2336 τῇ

144 2351 379 2422 ὑστεραίῃ
425 2349 820 2417 ἐκαλλιερέοντο,
865 2350 1228 2416 μαντευομένου
1277 2358 1374 2419 σφι
1422 2350 1683 2416 Δηιφόνου
1726 2353 1812 2400 τοῦ

148 2435 361 2499 Εὐηνίου
391 2433 566 2501 ἀνδρὸς
596 2433 1030 2499 Ἀπολλωνιήτεω,
1067 2434 1415 2500 Ἀπολλωνίης
1452 2437 1504 2485 δὲ
1542 2436 1629 2498 τῆς
1661 2434 1714 2484 ἐν
1743 2438 1810 2502 τῷ

199 2587 224 2622 4
246 2571 483 2614 ὑπονέουσιν
495 2572 535 2610 R
622 2575 697 2625 ἂρα
710 2571 749 2610 Α
766 2572 801 2610 Β
886 2575 958 2615 οὐκ
975 2572 1262 2624 ὑπομενέουσιν
1278 2574 1312 2614 C
1451 2586 1475 2623 5
1505 2576 1554 2614 ἂν
1570 2586 1651 2612 om.
1675 2571 1714 2609 R
1731 2572 1761 2612 S
1773 2573 1813 2611 V

147 2640 168 2677 7
201 2626 386 2669 εὐπετέες
409 2627 442 2666 C
462 2642 471 2666 ε
500 2640 554 2665 an
577 2625 801 2668 εὐπετέωςῖῑ
976 2641 1027 2667 10
1054 2628 1325 2681 προαγάγοιεν
1348 2629 1386 2667 R
1403 2628 1433 2667 S
1447 2629 1484 2666 V
1596 2630 1756 2677 ἑτοῖμον
1776 2627 1811 2666 C

151 2695 194 2720 11
220 2683 360 2723 κείνων
379 2682 418 2719 Α
433 2681 468 2719 Β
482 2682 515 2720 C
687 2693 734 2719 12
757 2682 826 2721 alt.
856 2685 876 2723 6
898 2696 979 2722 om.
1003 2683 1036 2720 C
1052 2683 1086 2721 E
1103 2683 1136 2721 P
1249 2686 1269 2723 6
1290 2691 1406 2724 Λευτ.
1434 2683 1469 2720 R
1488 2683 1517 2720 S
1532 2682 1569 2720 V
1685 2683 1811 2723 εἵνεκε

148 2737 212 2777 R:
244 2737 376 2778 είνεκα
399 2736 480 2776 SV
614 2748 662 2785 13
693 2737 757 2776 καὶ
778 2750 859 2776 om.
888 2737 924 2774 R
943 2737 1025 2776 SV
1156 2751 1205 2787 14
1235 2740 1384 2787 οὔνομα
1406 2738 1444 2776 R
1462 2738 1563 2777 SV:
1598 2739 1643 2778 τὸ
1665 2740 1812 2786 οὔνομα

146 2792 185 2830 Α
200 2791 234 2829 Β
251 2792 283 2830 C
300 2791 358 2830 Ρ.
388 2792 562 2842 τοῦνομα
584 2790 618 2829 Ε
825 2802 873 2840 15
904 2792 1139 2845 ὑφαρπάσας
1160 2793 1200 2831 Α
1216 2793 1250 2830 Β
1266 2793 1299 2831 C
1316 2792 1350 2831 E
1527 2794 1676 2844 ὅρμητο
1701 2791 1731 2831 S
1745 2792 1783 2830 V
1802 2806 1811 2830 ε

147 2848 304 2900 ὥρμητο
326 2846 415 2886 rell.
643 2845 691 2883 16
719 2846 792 2886 τὸν
812 2846 1120 2899 ἣγησιστράτου
1139 2846 1179 2884 Α
1196 2847 1231 2886 Β
1247 2847 1280 2885 C
1296 2847 1329 2886 E
1344 2847 1376 2885 P
1394 2861 1402 2886 ε
1437 2846 1522 2886 del.
1544 2846 1813 2885 Valckenaer

152 2913 200 2950 17
230 2901 364 2942 ποίεεν
387 2899 478 2939 RV
644 2900 694 2937 18
723 2901 976 2941 ἀποπλεῦσαι
999 2901 1033 2940 C
1146 2903 1225 2953 μὴν
1249 2901 1287 2939 R
1304 2901 1385 2941 SV
1552 2914 1606 2940 20
1633 2904 1812 2953 προῆγεν

150 2954 190 2993 R
206 2955 284 2994 SV
505 2968 554 2994 21
586 2971 636 3007 γε
660 2954 695 2993 C
862 2956 957 2996 τοὺς
976 2968 1057 2995 om.
1081 2955 1116 2995 C
1339 2969 1391 3006 23
1419 2955 1495 3008 μὲν
1514 2956 1619 3010 (δύο)
1641 2956 1813 2995 Bekker

150 3023 201 3060 24
230 3011 330 3051 ‘rbv‘
336 3017 468 3063 Ηγησ.
491 3022 570 3050 om.
599 3009 636 3048 R
653 3009 734 3049 SV
901 3012 954 3050 26
980 3010 1302 3063 μαντευομένους
1325 3011 1416 3050 RV
1528 3011 1754 3065 Δηῖοφόνου
1776 3010 1811 3050 C
