2034 3328
748 104 1128 153 ιΣΤοΡΙΩΝ
1192 74 1261 152 Ε
1860 107 1921 156 V.
1940 118 2006 169 74

155 237 359 300 στῆσαι·
405 230 682 298 συνεξῆλθε
713 234 807 302 γάρ
829 237 875 287 οἱ
899 235 1040 288 οὗτος
1062 236 1118 287 ἐκ
1147 238 1235 300 τῆς
1267 236 1581 302 ἀκροπόλιος.
1658 239 1817 288 Κλεο-
1859 249 1885 281 2

153 316 305 385 μένης
344 339 399 371 τε
438 317 496 383 δὴ
538 319 707 389 στόλῳ
742 318 945 390 μεγάλῳ
987 318 1211 386 ἐσέβαλε
1251 321 1302 374 ἐς
1335 318 1610 376 Ἐλευσῖνα
1655 320 1734 372 καὶ
1773 322 1820 373 οἱ

156 403 364 454 Βοιωτοὶ
395 400 493 455 ἀπὸ
525 403 836 469 συνθήματος
859 404 1047 470 Οἰνόην
1071 403 1293 472 αἱρέουσι
1317 405 1397 456 καὶ
1417 404 1624 465 (Ὑσιάς,
1639 403 1821 471 δήμους

155 486 267 541 τοὺς
312 485 558 556 ἐσχάτους
604 491 692 553 τῆς
737 487 980 554 Ἀττικῆς,
1028 488 1301 543 Χαλκιδέες
1344 511 1400 542 τε
1443 490 1525 542 ἐπὶ
1572 491 1634 541 τὰ
1678 489 1822 556 ἕτερα

107 573 387 636 5ἐσίνοντο
443 573 669 627 ἐπιόντες
726 573 918 642 χώρους
967 577 1056 639 τῆς
1107 573 1352 639 Ἀττικῆς.
1439 573 1695 639 Ἀθηναιοι
1746 574 1816 635 δέ,

157 656 329 723 καίπερ
374 657 662 729 ἀμφιβολίῃ
707 658 954 727 ἐχόμενοι,
998 662 1227 710 Βοιωτῶν
1266 679 1359 724 μεν
1403 659 1483 710 καὶ
1528 655 2034 755 XaAmBe'wvbuw-w

123 765 125 767 >
156 741 430 808 ἐσύστερον
453 741 668 807 ἔμελλον
696 740 893 808 μνήμην
924 742 1242 808 ποιήσεσθαι,
1271 744 1736 808 Πελοποννησίοισι
1765 746 1819 796 δὲ

156 827 293 878 ἐοῦσι
330 827 384 878 ἐν
420 825 679 879 Ἐλευσῖνι
718 828 862 880 ἀντία
901 827 1072 879 ἔθεντο
1107 830 1169 879 τὰ
1210 829 1359 879 ὅπλα.
1434 829 1727 893 μελλόντων
1767 831 1820 881 δὲ
1858 838 1919 889 75

157 909 508 978 συνάψειν-τὰ
547 913 858 979 στρατόπεδα
902 914 952 966 ἐς
994 911 1162 980 μάχην
1208 914 1462 979 Κορίνθιοι
1504 915 1596 978 μὲν
1636 918 1822 980 πρῶτοι

85 1017 133 1048 10
148 996 311 1062 σφίσι
342 995 537 1048 αὐτοῖσι
574 997 741 1051 δόντες
774 996 932 1064 λόγον
963 996 1028 1050 ὣς
1065 996 1122 1048 οὐ
1156 1002 1346 1050 ποιοῖεν
1374 999 1437 1050 τὰ
1476 998 1639 1050 δίκαια
1676 1019 1817 1064 μετε-

156 1078 418 1146 β-ᾴλλοντό
466 1102 526 1144 τε
575 1080 652 1132 καὶ
704 1080 1117 1142 ἀπαλλάσσοντο,
1169 1083 1295 1148 μετὰ
1346 1084 1399 1134 δὲ
1452 1080 1751 1149 Δημάρητος
1795 1083 1822 1133 ὁ

157 1164 477 1232 Ἀρίστωνος,
531 1166 627 1218 ἐὼν
685 1166 766 1218 καὶ
816 1166 958 1220 οὗτος
1013 1166 1264 1233 βασιλεὺς
1321 1165 1689 1234 Σπαρτιητέων,
1742 1167 1822 1219 καὶ

158 1247 513 1317 συνεξαγαγών
556 1271 608 1302 τε
653 1250 743 1315 τὴν
787 1250 1026 1318 στρατιὴν
1077 1253 1131 1304 ἐκ
1180 1251 1556 1317 Λακεδαίμονος,
1604 1251 1682 1304 καὶ
1732 1252 1822 1305 οὐκ

158 1335 253 1386 ἐὼν
300 1332 539 1402 διάφορος
586 1337 641 1387 ἐν
686 1341 755 1406 τῷ
802 1336 995 1403 πρόσθε
1039 1336 1204 1406 χρόνῳ
1256 1335 1544 1401 Κλεομένεϊ.
1623 1335 1722 1388 ἀπὸ
1769 1338 1822 1388 δὲ
1861 1353 1887 1384 2

84 1440 132 1482 15
157 1411 338 1484 ταύτης
372 1422 460 1484 τῆς
489 1421 821 1487 διχοστασίης
858 1419 1000 1485 ἐτέθη
1037 1421 1187 1486 νόμος
1218 1422 1273 1473 ἐν
1303 1420 1504 1493 Σπάρτῃ
1534 1420 1601 1487 μὴ
1639 1419 1825 1485 ἐξεῖναι

158 1503 371 1556 ἔπεσθαι
399 1503 710 1572 ἀμφοτέρους
732 1504 845 1558 τοὺς
874 1504 1126 1571 βασιλέας
1149 1504 1379 1570 ἐξιούσης
1405 1508 1657 1572 στρατιῆς·
1699 1503 1823 1560 τέως

158 1589 254 1654 γὰρ
283 1588 560 1655 ἀμφότεροι
589 1590 804 1642 εἵποντο·
850 1588 1227 1656 παραλψμένου
1251 1592 1304 1642 δὲ
1333 1590 1522 1642 τούτων
1545 1594 1632 1641 τοῦ
1653 1588 1825 1656 ἑτέρου
1843 1593 2034 1654 ‘ubuum

161 1673 549 1725 καταλείπεσθαι
593 1673 671 1724 καὶ
714 1678 815 1725 τῶν
853 1672 1197 1740 Τυνδαριδέων
1236 1677 1324 1725 τὸν
1364 1674 1551 1741 ἕτερον·
1606 1674 1701 1741 πρὸ
1737 1679 1825 1726 τοῦ

158 1758 254 1823 γὰρ
283 1755 341 1821 δὴ
379 1758 458 1809 καὶ
495 1758 630 1809 οὗτοι
665 1758 942 1825 ἀμφότεροι
978 1759 1244 1826 ἐπίκλητοί
1274 1763 1374 1824 σφι
1407 1759 1575 1813 ἐόντες
1603 1759 1820 1811 εἵποντο.
1840 1747 2034 1798 Μ’·’ΰόί

85 1864 136 1892 20
157 1841 271 1894 τότε
304 1840 361 1906 δὴ
400 1842 455 1893 ἐν
489 1849 551 1914 τῇ
580 1841 838 1894 Ἐλευσῖνι
874 1842 1166 1908 ὁρῶντες-οἶ
1201 1843 1372 1894 λοιποὶ
1408 1848 1508 1894 τῶν
1544 1841 1823 1910 συμμάχων
1859 1855 1886 1899 3

158 1925 272 1979 τούς
300 1947 356 1979 τε
383 1925 637 1992 βασιλέας
666 1931 764 1978 τῶν
794 1927 1198 1991 Λακεδαιμονίων
1229 1926 1315 1978 οὐκ
1345 1926 1712 1994 ὁμολογέοντας
1744 1927 1823 1979 καὶ

161 2011 449 2077 Κορινθίους
492 2010 788 2065 ἐκλιπόντας
827 2010 919 2075 τὴν
954 2009 1095 2075 τάξιν
1133 2013 1333 2078 οἴχοντο
1370 2011 1450 2062 καὶ
1486 2011 1624 2063 αὐτοὶ
1659 2012 1821 2063 ἀπαλ-

156 2095 483 2160 λασσόμενοι,
510 2094 747 2162 τέταρτον
778 2094 837 2159 δὴ
868 2099 1013 2146 τοῦτο
1046 2094 1126 2147 ἐπὶ
1155 2095 1247 2160 τὴν
1270 2095 1502 2160 Ἀττικὴν
1534 2096 1824 2161 ἀπικόμενοι
1861 2098 1931 2159 76

160 2178 392 2246 Δωριέες,
425 2180 499 2233 δίς
531 2201 586 2232 τε
623 2179 704 2232 ἐπὶ
739 2178 942 2249 πολέμῳ
980 2179 1294 2245 ἐσβαλόντες
1327 2181 1407 2232 καὶ
1437 2180 1510 2234 δὶς
1542 2179 1619 2232 ἐπ’
1654 2181 1823 2249 ἀγαθῷ

85 2286 130 2326 25
155 2268 242 2315 τοῦ
279 2262 497 2329 πλήθεος
537 2269 623 2316 τοῦ
661 2263 956 2329 Ἀθηναίων,
999 2269 1194 2332 πρῶτον
1231 2266 1322 2330 μὲν
1364 2265 1448 2317 ὅτε
1490 2264 1571 2317 καὶ
1612 2264 1827 2332 Μέγαρα

158 2349 445 2417 κατοίκισαν
500 2347 662 2415 (οὗτος
718 2349 747 2400 ὁ
805 2349 991 2403 στόλος
1055 2348 1138 2401 ἐπὶ
1204 2350 1396 2416 Κόδρου
1458 2348 1826 2415 βασιλεύοντος

157 2431 436 2497 Ἀθηναίων
474 2435 629 2500 ὀρθῶς
664 2431 727 2485 ἂν
764 2430 1027 2497 καλέοιτο),
1067 2433 1294 2501 δεύτερον
1331 2436 1385 2486 δὲ
1423 2434 1502 2486 καὶ
1537 2435 1702 2501 τρίτον
1741 2433 1826 2484 ὅτε

165 2518 178 2536 3
223 2516 235 2536 ἱ

157 2538 238 2568 επι
297 2516 757 2584 Πεισιστρατιδέων
813 2516 1052 2583 ἐξέλασιν
1111 2516 1411 2585 ὁρμηθέντες
1470 2519 1524 2570 ἐκ
1594 2517 1826 2584 Σπάρτης

165 2601 179 2619 5
233 2601 247 2619 Ι

155 2622 402 2661 απικοντο,
451 2601 686 2668 τέταρτον
730 2604 784 2654 δὲ
830 2603 944 2654 τότε
990 2603 1075 2655 ὅτε
1123 2603 1173 2656 ἐς
1219 2601 1493 2655 Ἐλευσῖνα
1538 2601 1827 2668 Κλεομένης

207 2751 233 2788 3
262 2739 395 2780 ’Υσίας
414 2738 505 2778 VU
693 2751 717 2789 5
747 2742 821 2788 τῆς
842 2753 923 2779 om.
950 2740 985 2778 P
1172 2753 1194 2789 7
1224 2740 1470 2789 ποιήσασθαι
1493 2741 1523 2780 S
1537 2739 1575 2778 V
1697 2747 1824 2781 Πελο-

154 2793 362 2842 ποννήσιοι
382 2791 437 2832 Α1
453 2791 507 2832 B¹
639 2806 688 2832 10
717 2798 871 2835 ποιεῖεν
891 2794 922 2833 S
935 2795 975 2833 V
1086 2795 1139 2835 τὰ
1160 2794 1243 2835 del.
1268 2795 1389 2835 Stein
1500 2794 1767 2846 μετέβαλλόν
1791 2794 1824 2832 Ρ

158 2859 205 2897 14
235 2847 409 2901 πρόσθεν
430 2848 463 2886 L
633 2849 683 2886 16
711 2851 786 2897 τῆς
806 2852 1002 2902 στρατιῆς
1023 2849 1054 2888 S
1205 2862 1252 2899 17
1284 2849 1602 2903 παραλυομένων
1624 2849 1664 2887 Α
1678 2849 1713 2888 Β
1727 2849 1766 2888 V
1783 2849 1821 2887 U

153 2914 208 2941 20
237 2905 393 2944 λευσΐνι
414 2902 448 2941 C
629 2916 678 2942 21
710 2908 793 2943 τῶν
811 2907 956 2945 Λακεδ.
977 2917 1059 2944 om.
1086 2904 1116 2943 S
1302 2917 1355 2944 22
1387 2906 1500 2946 αὐτοὶ
1521 2907 1567 2945 οὐ
1588 2911 1765 2945 καπαλλ.
1789 2904 1822 2941 C

154 2967 206 3007 25
234 2957 303 2997 alt.
327 2956 418 3009 τοῦ]
443 2962 526 2999 τῶν
547 2959 578 2997 S
744 2970 795 3007 27
826 2957 1017 3012 (πρῶτος)
1043 2960 1091 3000 ἂν
1121 2959 1266 2999 Naber
1432 2973 1486 3010 29
1517 2962 1556 3001 ἐς
1577 2971 1658 2999 om.
1686 2959 1766 2998 SV
1782 2958 1820 2997 U
