2132 3340
285 105 310 121 -
701 100 1075 149 ιΣΤοΡιΩΝ
1138 78 1216 148 Η
1271 116 1273 118 -
1817 101 1927 151 v11.
1957 115 2021 164 24

115 231 315 286 ἐκέλευε
344 230 562 299 διώρυχα
596 237 656 304 τῇ
694 229 933 303 θαλάσσῃ
965 230 1102 298 εὖρος
1136 230 1199 284 ὡς
1230 229 1316 304 δύο
1348 228 1574 298 τριήρεας
1603 228 1777 282 πλέειν
2124 263 2131 270 ·

114 318 237 384 ὁμοῦ
267 314 678 389 ἐλαστρεομένας.
766 320 898 367 τοῖσι
934 318 987 368 δὲ
1023 316 1218 367 αὐτοῖσι
1253 315 1474 367 τούτοισι
1508 315 1647 367 τοῖσί
1683 337 1776 381 περ
1799 306 2117 387 bt-wffl'w

113 402 195 455 καὶ
237 399 294 452 τὸ
338 402 543 467 ὄρυγμα,
581 399 948 467 προσετέτακτο
993 401 1073 452 καὶ
1118 399 1205 451 τὸν
1251 400 1510 467 Στρυμόνα
1553 398 1778 465 ποταμὸν

116 484 378 552 ζεύξαντας
407 489 718 552 γεφυρῶσαι.
806 489 959 536 ταῦτα
981 483 1072 550 μέν
1103 505 1190 536 νυν
1222 485 1377 538 οὕτως
1408 486 1590 543 ἐποίεε,
1624 506 1773 550 παρε-
1815 500 1881 551 25

67 595 92 640 5
116 568 379 634 σκευάζετο
402 571 455 621 δὲ
479 570 558 621 καὶ
583 570 716 621 ὅπλα
738 571 790 623 ἐς
814 572 902 623 τὰς
925 568 1146 637 γεφύρας
1169 568 1397 634 βύβλινά
1419 590 1473 621 τε
1499 569 1577 620 καὶ
1607 575 1777 620 λευκο-

113 655 272 714 λίνου,
311 651 545 719 ἐπιτάξας
588 652 790 718 Φοίνιξί
830 675 885 706 τε
931 654 1011 706 καὶ
1049 654 1384 720 Αἰγυπτίοισι,
1426 653 1504 705 καὶ
1546 655 1684 705 σιτία
1718 661 1779 726 τῇ

117 745 328 812 στρατιῇ
365 736 724 803 καταβάλλειν,
757 739 839 790 ἵνα
874 738 940 804 μὴ
981 736 1205 803 λιμήνειε
1241 737 1271 802 ἡ
1311 737 1518 804 στρατιὴ
1556 740 1679 803 μηδὲ
1719 740 1780 789 τὰ

114 823 356 892 ὑποζύγια
396 823 702 888 ἐλαυνόμενα
739 823 822 874 ἐπὶ
858 822 948 887 τὴν
983 820 1226 873 Ἑλλάδα.
1316 823 1783 896 ἀναπυθόμενος-,δὲ
1818 826 2126 888 ΖΜ

329 907 343 927 Ι

112 907 200 961 νοὺ
379 929 462 962 ους
507 907 848 973 καταβάλλειν
891 905 1091 959 ἐκέλευε
1134 907 1215 958 ἵνα
1261 907 1643 971 ἐπιτηδεότατον
1687 908 1777 971 εἴη,

43 1018 94 1049 10
116 931 275 1046 ἑλλον
313 991 447 1064 ἄλλῃ
484 991 772 1059 ἀγινέοντας
810 990 992 1043 ὁλκάσι
1032 1013 1086 1043 τε
1127 991 1206 1043 καὶ
1241 992 1564 1064 πορθμ-η-ίοισι
1599 993 1652 1043 ἐκ
1694 994 1781 1055 τῆς
1796 986 2039 1072 &mvl-⁶3¹
2066 1018 2079 1031 ⁰

115 1077 294 1143 Ἀσίης
323 1077 655 1144 πανταχόθεν.
742 1075 829 1127 τὸν
861 1075 918 1140 δὴ
950 1073 1019 1127 ὧν
1049 1080 1292 1127 πλεῖστον
1323 1078 1374 1129 ἐς
1409 1075 1598 1140 Λευκὴν
1628 1075 1781 1140 ἀκτὴν

118 1160 424 1227 καλεομένην
462 1164 550 1225 τῆς
587 1161 809 1228 Θρηίκης
851 1160 1068 1227 ἀγίνεον,
1110 1162 1155 1211 οἱ
1196 1162 1249 1211 δὲ
1289 1161 1340 1213 ἐς
1379 1160 1652 1227 Τυρόδιζαν
1692 1159 1782 1224 τὴν

117 1247 412 1315 Περινθίων,
440 1247 486 1297 οἱ
516 1247 568 1296 δὲ
593 1246 644 1299 ἐς
671 1246 941 1311 Δορίσκον,
968 1246 1013 1296 οἱ
1037 1246 1091 1295 δὲ
1123 1246 1173 1298 ἐς
1196 1243 1378 1296 Ἠιόνα
1400 1243 1491 1309 τὴν
1522 1245 1602 1296 ἐπὶ
1629 1248 1780 1312 Στρυ-

115 1331 245 1397 μόνι,
278 1332 324 1383 οἱ
354 1332 407 1381 δὲ
439 1331 489 1383 ἐς
521 1330 838 1393 Μακεδονίην
870 1328 1258 1395 διατεταγμένοι.

43 1437 92 1480 15
200 1414 288 1466 Ἐν
332 1411 369 1485 ᾧ
411 1416 463 1466 δὲ
507 1413 643 1464 οὗτοι
693 1412 781 1481 τὸν
831 1415 1156 1480 προκείμενον
1201 1413 1355 1465 πόνον
1401 1413 1682 1481 ἐργάζοντο,
1730 1415 1784 1466 ἐν
1822 1428 1891 1474 26

116 1499 272 1569 τούτῳ
313 1499 340 1549 ὁ
377 1498 523 1562 πεζὸς
562 1497 691 1551 ἅπας
732 1496 1137 1565 συλλελεγμένος
1176 1496 1276 1562 ἅμα
1313 1497 1479 1570 Ξέρξῃ
1523 1499 1783 1565 ἐπορεύετο

117 1582 172 1638 ἐς
214 1581 409 1650 Σάρδις,
453 1581 506 1633 ἐκ
552 1581 851 1649 Κριτάλλων
904 1582 1133 1650 ὁρμηθεὶς
1184 1586 1283 1634 τῶν
1335 1581 1390 1634 ἐν
1436 1584 1781 1655 Καππαδοκίῃ·

119 1667 334 1721 ἐνθαῦτα
375 1669 467 1735 γὰρ
504 1668 668 1734 εἴρητο
713 1664 1059 1734 συλλέγεσθαι
1102 1655 1264 1719 πάντα
1308 1670 1396 1719 τὸν
1437 1667 1542 1719 κατ’
1577 1667 1783 1735 ἤπειρον

115 1751 370 1820 μέλλοντα
410 1751 511 1818 ἅμα
551 1751 678 1822 αὐτῷ
726 1749 891 1824 Ξέρξῃ
936 1751 1236 1818 πορεύεσθαι
1282 1752 1513 1819 στρατόν.
1603 1750 1656 1806 ὃς
1691 1751 1783 1817 μέν
1820 1773 1845 1804 2

45 1859 96 1889 20
117 1858 206 1890 νυν
234 1842 334 1890 τῶν
363 1835 600 1904 ὑπάρχων
625 1835 840 1904 στρατὸν
867 1835 1119 1888 κάλλιστα
1148 1835 1465 1902 ἐσταλμένον
1495 1837 1782 1904 ἀγαγὼντὰ

117 1922 415 1989 προκείμενα
454 1923 587 1987 παρὰ
629 1919 879 1986 βασιλέος
916 1920 1075 1986 ἔλαβε
1111 1923 1256 1988 δῶρα,
1300 1921 1386 1972 οὐκ
1428 1921 1529 1988 ἔχω
1571 1920 1781 1988 φράσαι·

118 2006 354 2074 οὐδὲγὰρ
389 2004 549 2074 ἀρχὴν
586 2004 638 2060 ἐς
678 2007 841 2072 κρίσιν
877 2006 1053 2057 τούτου
1093 2004 1206 2072 πέρι
1242 2004 1484 2058 ἐλθόντας
1521 2005 1648 2057 οἶδα.
1737 2007 1783 2058 οἱ
1821 2026 1847 2070 3

119 2093 171 2143 δὲ
195 2090 362 2143 ε’πείτε
385 2088 654 2156 διαβάντες
677 2090 763 2142 τὸν
778 2088 942 2142 ’Ἅλυν
962 2089 1185 2155 ποταμὸν
1204 2089 1463 2155 ὡμίλησαν
1487 2097 1547 2163 τῇ
1571 2092 1779 2162 Φρυγίῃ,

168 2173 181 2192 ²
255 2174 268 2193 9
309 2178 332 2191 Λ
570 2175 582 2192 Ι

119 2178 166 2227 δι
213 2196 361 2240 αυτης
398 2195 721 2242 πορευομενοι
757 2173 1092 2242 παρεγένοντο
1132 2173 1185 2228 ἐς
1218 2173 1483 2233 Κελαινάς,
1518 2176 1599 2226 ἵνα
1629 2175 1784 2242 πηγαὶ

48 2279 95 2320 25
120 2259 408 2311 ἀναδιδοῦσι
456 2257 744 2327 Μαιάνδρου
788 2264 1012 2324 ποταμοῦ
1049 2258 1127 2310 καὶ
1165 2248 1332 2325 ἑτέρου
1371 2259 1456 2310 οὐκ
1499 2258 1785 2314 ἐλάσσονος

117 2339 148 2407 ἢ
181 2342 485 2410 Μαιάνδρου,
518 2348 586 2413 τῷ
624 2343 809 2410 οὔνομα
845 2342 1083 2411 τυγχάνει
1114 2342 1199 2394 ε’ὸν
1239 2342 1609 2409 Καταρρήκτης,
1643 2343 1696 2397 ὃς
1728 2342 1789 2408 ἐξ

119 2427 268 2493 αὖτῆς
297 2430 384 2493 τῆς
414 2428 597 2496 ἀγορῆς
627 2430 714 2492 τῆς
749 2427 1034 2480 Κελαινέων
1064 2426 1356 2479 ἀνατέλλων
1387 2426 1438 2480 ἐς
1468 2427 1552 2479 τὸν
1586 2429 1779 2480 Μαίαν-

170 2578 196 2604 2
227 2563 571 2618 ἑλαστρευομένας
593 2565 627 2604 C
739 2567 897 2606 αὑτοῖσι
919 2564 962 2606 δὲ
987 2565 1022 2603 R
1041 2564 1122 2603 SV
1269 2576 1294 2613 3
1324 2563 1457 2617 ρύγμα
1479 2565 1518 2603 V
1660 2580 1685 2615 4
1716 2584 1786 2607 νυν

118 2633 202 2660 om.
229 2621 265 2660 R
283 2620 364 2660 SV
403 2645 405 2647 ·
527 2619 874 2673 παρεσκευάζοντο
894 2619 932 2657 Α
950 2620 982 2657 Β
999 2620 1032 2658 C
1253 2632 1280 2669 9
1309 2619 1423 2671 τοὺς]
1449 2621 1511 2660 ἐπὶ
1534 2621 1627 2662 τοὺς
1650 2621 1687 2659 R
1703 2621 1733 2660 S
1749 2621 1785 2660 V

121 2674 439 2725 ἑπιτηδεοτάτην
462 2674 500 2712 R
522 2689 531 2713 t
561 2674 711 2715 ·τάτως
734 2676 764 2714 S
781 2674 859 2726 [V]
1018 2677 1077 2723 εἴη
1098 2687 1179 2713 om.
1207 2673 1241 2712 C
1466 2686 1515 2712 10
1545 2676 1654 2716 ἄλλα
1675 2677 1785 2729 ἄλλῃ

119 2729 315 2769 ABCP
424 2734 663 2782 πορθμηΐσιν
699 2729 780 2767 SV
924 2730 1074 2770 ῐῐτὸν
1108 2728 1402 2769 δὲΑΒΟΡτ
1445 2731 1523 2778 τὴν
1557 2731 1605 2778 δὴ
1643 2730 1787 2770 RSV

119 2784 322 2833 πλείστην
353 2784 391 2823 R
414 2784 444 2823 S
467 2784 531 2823 V:
567 2787 685 2825 σῖτον
713 2784 830 2823 addit
861 2784 980 2823 Stein
1275 2795 1321 2822 12
1356 2783 1604 2834 καλεόμενον
1637 2785 1674 2823 R
1699 2785 1728 2823 S
1750 2786 1787 2823 V

119 2839 307 2893 Θρηικίης
327 2838 367 2877 Α
381 2839 415 2878 Β
431 2839 464 2878 C
661 2850 708 2888 15
738 2838 862 2892 πόρον
883 2837 1115 2892 εἰργάζοντο
1139 2838 1175 2876 R
1194 2838 1223 2877 S
1238 2838 1275 2876 V
1465 2850 1509 2886 17
1543 2839 1605 2890 ἐν]
1629 2842 1677 2891 ἐγ
1697 2839 1737 2878 Α
1751 2840 1784 2878 Β

120 2905 172 2932 22
199 2895 279 2948 ’γὰρ
298 2906 381 2934 om.
404 2892 444 2932 A
457 2893 492 2932 B
508 2893 542 2933 C
680 2892 963 2948 περιελθόντος
987 2892 1025 2931 R
1042 2893 1072 2932 S
1087 2892 1123 2931 V
1138 2893 1203 2932 ΡΙῃ
1408 2905 1458 2942 24
1489 2893 1784 2948 παρεγένοντο]

121 2948 312 2990 ἀπίκοντο
333 2948 369 2987 Α
385 2948 419 2987 Β
436 2948 470 2987 C
511 2976 513 2980 -

1545 3033 1618 3070 ll*
