2080 3328
73 121 147 167 VI
152 161 160 170 .

0 266 64 323 ny
85 291 94 299 .

191 134 254 182 37
860 186 868 192 ἣ
919 118 1345 166 HPOAOTOT

229 267 252 298 2
294 253 335 301 εἰ
360 253 411 301 δὲ
431 249 514 314 μή,
539 250 703 318 σφέας
725 251 894 303 πίτυος
917 251 1100 316 τρόπον
1118 251 1321 301 ἀπείλεε
1343 251 1611 319 ἐκτρίψειν.
1688 252 1949 316 πλανωμέ-

293 355 390 388 νων
422 337 475 386 δὲ
505 339 601 386 τῶν
625 339 981 401 Λαμψακηνῶν
1011 335 1064 385 ἐν
1096 338 1229 386 τοῖσι
1260 335 1462 401 λόγοισι
1495 334 1552 385 τὸ
1584 333 1719 386 θέλει
1748 334 1804 386 τὸ
1833 336 1952 389 ἔπος

291 417 424 470 εῖπαι
455 419 513 469 τό
543 425 641 486 σφι
671 419 916 483 ἀπείλησε
948 420 973 469 ὁ
1006 422 1236 485 Κροῖσος,
1264 420 1434 472 πίτυος
1464 415 1648 484 τρόπον
1678 420 1947 485 ἐκτρίψειν,

291 503 436 569 μόγις
477 505 589 554 κοτὲ
629 504 799 568 μαθὼν
843 507 941 555 τῶν
979 524 1051 555 τις
1097 502 1452 570 πρεσβυτέρων
1492 502 1599 554 ε’ἷπε
1638 501 1694 554 τὸ
1735 503 1834 561 ἐόν,
1876 505 1952 554 ὅτι

291 588 432 639 πίτυς
475 588 629 651 μούνη
676 586 876 639 πάντων
921 586 1158 653 δενδρέων
1197 589 1466 639 ἐκκοπεῖσα
1505 586 1738 652 βλαστὸν
1777 586 1952 639 οὐδένα
1975 609 1997 649 5

290 672 446 735 μετίει
499 671 633 722 ἀλλὰ
684 671 1002 738 πανώλεθρος
1051 670 1401 736 ἐξαπόλλυται.
1491 671 1747 725 δείσαντες
1791 668 1860 723 ὧν
1905 674 1951 723 οἱ

189 753 252 812 38
292 755 624 822 Λαμψακηνοὶ
662 759 880 823 Κροῖσον
909 756 1157 809 λύσαντες
1190 758 1407 821 μετῆκαν
1439 754 1734 807 Μιλτιάδεα.
1807 754 1952 810 οὗτος

289 841 381 903 μὲν
419 838 476 903 δὴ
515 841 593 891 διὰ
635 843 855 906 Κροῖσον
892 839 1300 911 ἐκφεύγει,.μετᾰ
1338 843 1389 892 δὲ
1425 846 1631 910 τελευτᾷ
1666 838 1830 898 ἄπαις,
1861 839 1952 904 τὴν

291 921 452 990 ἀρχήν
482 944 536 975 τε
569 925 647 975 καὶ
678 926 739 975 τὰ
767 922 997 991 χρήματα
1027 923 1272 990 παραδοὺς
1302 924 1601 995 Στησαγόρῃ
1633 928 1699 993 τῷ
1726 925 1953 989 Κίμωνος

291 1008 541 1073 ἀδελφεοῦ
572 1003 744 1074 [παιδὶ]
778 1008 1091 1075 ὁμομητρίου.
1168 1009 1250 1059 καί
1276 1010 1321 1060 οἱ
1358 1006 1714 1073 τελευτήσαντι
1751 1012 1946 1075 Χερσο·

291 1095 491 1155 νησῖται
522 1091 698 1143 θύουσι
729 1091 792 1145 ὡς
823 1093 973 1157 νόμος
1005 1094 1217 1165 οἰκιστῇ,
1245 1093 1322 1144 καὶ
1354 1093 1522 1159 ἀγῶνα
1554 1092 1756 1144 ἱππικόν
1785 1113 1840 1144 τε
1873 1094 1951 1144 καὶ

291 1174 528 1241 γυμνικὸν
571 1177 827 1235 ἐπιστᾶσι,
874 1178 928 1228 ἐν
974 1181 1039 1246 τῷ
1089 1180 1446 1243 Λαμψακηνῶν
1493 1175 1653 1228 οὐδενὶ
1703 1177 1951 1243 ἐγγίνεται

228 1276 252 1307 2
292 1260 637 1325 ἀγωνίζεσθαι.
727 1259 948 1324 πολέμου
988 1263 1040 1312 δὲ
1081 1261 1248 1314 ἐόντος
1293 1260 1416 1327 πρὸς
1456 1260 1827 1327 Λαμψακηνοὺς
1872 1261 1951 1312 καὶ

292 1344 618 1410 Στησαγόρεα
677 1344 928 1409 κατέλαβε
980 1346 1250 1396 ἀποθανεῖν
1301 1344 1500 1408 ἄπαιδα,
1554 1342 1810 1410 πληγέντα
1859 1344 1951 1408 τὴν

293 1427 520 1494 κεφαλὴν
550 1427 752 1480 πελέκεϊ
781 1430 835 1480 ἐν
871 1434 937 1498 τῷ
976 1430 1255 1498 πρυτανηίῳ
1297 1428 1417 1495 πρὸς
1458 1427 1635 1494 ἀνδρὸς
1676 1427 1951 1489 αὐτομόλου

0 1524 249 1590 ἄψ
289 1513 380 1575 μὲν
424 1516 490 1580 τῷ
539 1512 692 1582 λόγῳ,
739 1515 980 1576 πολεμίου
1027 1516 1080 1564 δὲ
1128 1513 1207 1564 καὶ
1254 1511 1644 1579 ὑποθερμοτέρου
1690 1516 1757 1580 τῷ
1804 1512 1948 1581 ἔργῳ.

182 1610 251 1657 39
290 1595 683 1660 τελευτήσαντος
724 1599 777 1649 δὲ
818 1598 897 1648 καὶ
941 1598 1270 1664 Στησαγόρεω
1311 1597 1474 1665 τρόπῳ
1514 1597 1696 1665 τοιῷδε,
1741 1597 1951 1646 ἐνθαῦτα

1979 1031 2051 1069 10⁴

1979 1449 2026 1489 15

292 1678 572 1731 Μιλτιάδεα
602 1680 687 1731 τὸν
721 1682 963 1745 Κίμωνος,
997 1681 1329 1747 Στησαγόρεω
1361 1683 1414 1731 δὲ
1444 1684 1530 1731 τοῦ
1559 1677 1950 1743 τελευτήσαντος
1994 1707 1997 1710 ·

290 1763 554 1829 ἀδελφεόν,
599 1765 1054 1831 καταλαμψόμενον
1094 1767 1155 1815 τὰ
1195 1763 1457 1830 πρήγματα
1498 1765 1578 1825 ἐπὶ
1619 1761 1949 1829 Χερσονήσου

290 1846 669 1899 ἀποστέλλουσι
715 1847 902 1914 τριήρεϊ
951 1851 996 1900 οἱ
1049 1849 1480 1914 Πεισιστρατίδαι,
1531 1849 1582 1899 οἵ
1626 1869 1711 1912 μιν
1765 1847 1844 1898 καὶ
1895 1848 1950 1898 ἐν

0 1912 537 2037 ἱᾰῗεῶἈθήνῃσι
577 1933 770 1984 ἐποίευν
814 1933 867 1984 εὖ
909 1933 974 1986 ὡς
1017 1932 1073 1983 οὐ
1118 1933 1399 1993 συνειδότες
1443 1934 1590 1996 δῆθεν
1633 1935 1720 1982 τοῦ
1764 1930 1948 1997 πατρὸς

102 2205 121 2219 Ι

0 2224 170 2250 Μ

288 2014 438 2066 αὐτοῦ
461 2010 723 2082 [Κίμωνος]
747 2015 833 2068 τὸν
854 2015 1079 2075 θάνατον,
1099 2015 1185 2068 τὸν
1206 2017 1302 2083 ἐγὼ
1324 2018 1377 2067 ἐν
1399 2015 1538 2084 ἄλλῳ
1558 2016 1694 2084 λόγῳ
1717 2013 1947 2080 σημανέω

224 2118 250 2148 2
290 2097 354 2150 ὣς
385 2098 600 2165 ἐγένετο.
679 2099 959 2165 Μιλτιάδης
995 2103 1049 2152 δὲ
1086 2101 1380 2165 ἀπικόμενος
1411 2102 1461 2153 ἐς
1496 2099 1586 2163 τὴν
1618 2099 1948 2163 Χερσόνησον

290 2181 396 2249 εἶχε
418 2182 521 2233 κατ’
542 2185 718 2242 οἴκους,
739 2183 827 2236 τὸν
846 2184 1096 2251 ἀδελφεὸν
1115 2185 1440 2250 Στησαγόρεα
1459 2182 1646 2247 δηλαδὴ
1668 2181 1945 2250 ἐπιτιμέων.

291 2267 337 2316 οἱ
368 2268 421 2317 δὲ
453 2270 823 2332 Χερσονησῖται
859 2269 1218 2333 πυνθανόμενοι
1253 2272 1406 2318 ταῦτα
1438 2265 1819 2334 συνελέχθησαν
1849 2264 1946 2317 ἀπὸ

290 2348 493 2401 πασέων
532 2355 631 2401 τῶν
671 2353 861 2403 πολίων
898 2354 944 2403 οἱ
985 2352 1364 2410 δυναστεύοντες
1404 2350 1663 2408 πάντοθεν,
1708 2354 1854 2419 κοινῷ
1892 2351 1945 2400 δὲ

0 2426 235 2508 amful—
289 2434 456 2501 στόλῳ
481 2433 769 2499 ἀπικόμενοι
793 2435 856 2501 ὡς
881 2436 1386 2499 ξρλλυπῃθῃσόμενοι
1410 2433 1655 2498 ἐδέθησαν
1679 2433 1758 2485 ὑπ’
1783 2432 1944 2484 αὐτοῦ.

35 2507 159 2539 m
186 2518 196 2532 ·

289 2515 570 2581 Μιλτιάδης
589 2539 642 2569 τε
663 2518 719 2581 δὴ
745 2521 881 2586 ἴσχει
904 2518 993 2582 τὴν
1018 2520 1344 2585 Χερσόνησον
1365 2518 1720 2570 πεντακοσίους
1738 2517 1945 2581 βόσκων

339 2667 363 2691 2
394 2666 456 2704 pr.
485 2653 554 2705 τὸ]
585 2656 627 2696 τί
658 2656 714 2696 H.
747 2656 992 2706 Stephanus
1158 2657 1231 2697 alt.
1253 2659 1301 2697 τὸ
1324 2669 1403 2694 om.
1432 2655 1566 2694 RSV
1782 2667 1808 2704 3
1839 2655 1944 2696 εἶπαι

284 2707 439 2746 Abicht
460 2723 468 2747 :
498 2710 595 2750 εἶναι
619 2710 652 2748 L
870 2722 894 2760 5
925 2711 1095 2764 δένδρων
1115 2711 1153 2749 Α
1168 2712 1202 2750 Β
1388 2751 1395 2755 ,
1424 2712 1451 2748 6
1479 2709 1738 2762 πανωλέθρως
1755 2705 1798 2746 'A
1811 2708 1845 2746 Β
1861 2709 1894 2747 C
1912 2709 1946 2747 P

285 2774 307 2810 7
340 2763 567 2811 Μιλτιάδην
590 2765 627 2801 R
642 2765 672 2803 S
690 2764 766 2816 [V]
969 2767 994 2804 8
1022 2768 1126 2816 μετὰ
1147 2766 1191 2806 δὲ
1210 2768 1339 2807 ταῦτα
1360 2764 1394 2803 Ρ
1408 2764 1446 2802 R
1462 2764 1492 2804 S
1506 2765 1544 2802 V
1734 2775 1761 2812 9
1788 2780 1836 2803 τε
1857 2775 1938 2803 om.

282 2817 321 2854 A
337 2816 370 2853 B
387 2817 420 2854 C
588 2830 636 2857 10
666 2821 772 2860 παιδὶ
795 2819 875 2858 del.
898 2819 1034 2859 Cobet
1203 2833 1251 2858 12
1283 2822 1492 2860 ἐπιστεῦσι
1514 2818 1594 2857 SV
1748 2829 1795 2865 13
1825 2816 1941 2858 ὄντος

282 2869 322 2908 Α
340 2869 374 2908 Β
390 2871 423 2908 C
577 2886 623 2921 14
663 2873 931 2926 Στησαγόρην
960 2874 1267 2924 κατελάμβανεν
1298 2873 1435 2913 RSV
1598 2885 1646 2921 19
1675 2875 1877 2923 καταλαψ.
1911 2871 1938 2909 d

283 2936 332 2962 21
394 2926 622 2967 συνειδότος
663 2928 696 2965 C
915 2942 967 2967 22
1024 2930 1200 2979 Κίμωνος
1250 2927 1347 2980 (del.
1389 2926 1528 2977 Stein)
1572 2929 1692 2968 αὐτοῦ
1730 2925 1768 2963 Α
1790 2925 1825 2963 Β
1849 2925 1882 2963 C
1907 2925 1940 2963 P

282 2990 335 3028 24
365 2995 554 3021 κατοικου
573 2981 611 3020 Α
625 2981 659 3020 Β
676 2982 709 3020 C
875 2996 925 3033 27
957 2984 1177 3032 ἐδεήθησαν
1198 2982 1231 3022 C
1343 2982 1406 3022 ὑπ’
1428 2987 1471 3020 et
1493 2982 1540 3030 δὴ
1564 2982 1652 3033 (28)
1676 2993 1756 3019 om·
1783 2979 1822 3017 R
1837 2978 1918 3017 SV

1978 1868 2027 1895 20

1973 2287 2020 2327 25
