2132 3340
96 70 341 185 VILJ
946 72 1377 122 ΗΡΟΔΟΤΟῬ

92 188 285 269 ssioo

0 279 79 352 s

258 1069 284 1114 (Α)

200 1480 283 1516 101

0 2309 282 2435 ³83&ss

406 203 495 258 Ἐς
523 205 614 269 μὲν
643 203 854 256 τοσόνδε
883 204 910 254 6
940 203 1165 258 ναυτικὸς
1194 204 1408 272 στρατὸς
1439 208 1642 273 εἴρηται·
1691 203 1884 275 Ξέρξης
1913 207 1983 268 δέ,

324 289 431 340 ἐπεὶ
462 286 703 355 ἠριθμήθη
734 305 792 339 τε
821 287 900 346 καὶ
931 287 1166 356 διετάχθη
1196 290 1223 340 6
1259 291 1491 357 στρατός,
1523 291 1806 356 ἐπεθύμησε
1839 291 1988 347 αὐτός

323 379 489 440 σφεας
529 370 825 436 διεξελάσας
860 371 1156 437 θεήσασθαι.
1242 376 1366 440 μετὰ
1403 377 1456 427 δὲ
1498 375 1660 428 ἐποίεε
1682 380 1868 440 ταῦτα,
1907 377 1987 429 καὶ

322 455 652 522 διεξελαύνων
674 457 755 509 ἐπὶ
786 455 1002 525 ἅρματος
1024 460 1158 526 παρὰ
1181 458 1322 513 ἔθνος
1353 459 1407 512 ἓν
1429 459 1643 512 ἕκαστον
1664 460 1982 521 ἐπυνθάνετο,

324 542 403 593 καὶ
435 540 729 610 ἀπέγραφον
759 544 805 594 οἱ
836 544 1221 610 γραμματισταί,
1248 543 1339 597 ἕως
1370 542 1429 608 ἐξ
1455 543 1688 612 ἐσχάτων
1711 546 1763 598 ἐς
1791 544 1987 614 ἔσχατα
2009 569 2032 608 5

323 627 527 679 ἀπίκετο
576 626 656 678 καὶ
702 629 789 691 τῆς
833 627 986 679 ἵππου
1030 628 1108 679 καὶ
1152 632 1239 679 τοῦ
1283 629 1443 692 πεζοῦ.
1533 629 1598 682 ὦς
1641 631 1696 681 δὲ
1734 628 1890 681 ταῦτά
1939 633 1986 682 οἱ

324 711 610 776 ἐπεποίητο,
636 715 735 763 τῶν
759 716 884 763 νεῶν
907 711 1369 765 κατελκυσθεισέων
1390 714 1444 766 ἐς
1465 711 1751 773 θάλασσαν,
1777 715 1986 767 ἐνθαῦτα

323 796 350 846 6
387 793 582 863 Ξέρξης
616 797 864 862 μετεκβὰς
902 798 956 847 ἐκ
991 801 1080 848 τοῦ
1120 795 1335 863 ἅρματος
1370 798 1422 851 ἐς
1454 796 1544 849 νέα
1579 799 1819 863 Σιδωνίην
1855 799 1985 863 ἵζετο

321 879 418 933 ὑπὸ
449 887 610 953 σκηνῇ
639 879 831 952 χρυσέῃ
857 881 936 933 καὶ
959 879 1213 946 παρέπλεε
1233 883 1366 948 παρὰ
1389 884 1476 936 τὰς
1499 879 1690 953 πρῴρας
1718 887 1816 935 τῶν
1840 888 1982 944 νεῶν,

323 966 601 1032 ἐπειρωτῶν
630 986 686 1016 τε
716 963 929 1018 ἑκάστας
961 966 1140 1031 ὁμοίως
1176 965 1256 1017 καὶ
1284 964 1372 1018 τὸν
1403 965 1552 1030 πεζὸν
1583 967 1661 1018 καὶ
1691 967 1981 1036 ἀπογραφό-
2010 989 2061 1020 10

320 1070 484 1115 μενος.
550 1051 639 1102 τὰς
662 1051 715 1101 δὲ
736 1048 852 1103 νέας
868 1052 914 1102 οἱ
933 1050 1171 1118 ναύαρχοι
1192 1050 1526 1118 ἀναγαγόντες
1544 1051 1670 1103 ὅσον
1692 1072 1748 1103 τε
1767 1050 1986 1119 τέσσερα

320 1133 514 1202 πλέθρα
554 1134 650 1186 ἀπὸ
691 1138 780 1186 τοῦ
817 1135 1047 1201 αἰγιαλοῦ
1082 1135 1406 1204 ἀνεκώχευον,
1444 1136 1534 1188 τὰς
1572 1133 1765 1207 πρῴρας
1803 1137 1856 1190 ἐς
1888 1140 1985 1203 γῆν

320 1217 597 1287 τρέψαντες
632 1217 818 1272 πάντες
855 1218 1148 1287 μετωπηδὸν
1189 1220 1269 1272 καὶ
1314 1218 1677 1284 ἐξοπλίσαντες
1715 1220 1830 1274 τοὺς
1874 1222 1980 1272 ἐπι-

319 1302 481 1369 βάτας
524 1303 589 1356 ὡς
632 1303 686 1356 ἐς
725 1303 967 1368 πόλεμον.
1054 1304 1081 1354 6
1124 1301 1167 1355 δ’
1208 1303 1349 1357 ἐντὸς
1392 1308 1492 1356 τῶν
1535 1303 1769 1374 πρωρέων
1811 1303 1983 1357 πλέων

319 1389 515 1452 ἐθηεῖτο
545 1388 623 1439 καὶ
654 1391 741 1439 τοῦ
769 1389 1016 1455 αἰγιαλοῦ.
2009 1410 2058 1452 15

404 1471 498 1524 “Ως
533 1474 585 1523 δὲ
631 1473 711 1523 καὶ
746 1471 925 1525 ταύτας
961 1469 1274 1537 διεξέπλωσε
1314 1472 1394 1524 καὶ
1428 1470 1589 1545 ,ἐξέβη
1629 1474 1685 1524 ἐκ
1726 1475 1813 1538 τῆς
1849 1475 1978 1533 νεός,

319 1555 677 1623 μετεπέμψατο
719 1554 1019 1623 Δημάρητον
1054 1554 1142 1608 τὸν
1178 1555 1482 1624 Ἀρίστωνος
1521 1557 1982 1624 συστρατεύομενον

321 1640 449 1710 αὐτῷ
481 1641 561 1692 ἐπὶ
584 1640 675 1704 τὴν
693 1639 933 1700 Ἑλλάδα,
962 1639 1184 1694 καλέσας
1206 1639 1247 1692 δ’
1271 1640 1419 1694 αὐτὸν
1443 1641 1602 1707 εἴρετο
1623 1639 1756 1693 τάδε·
1803 1641 1978 1708 Δημά-

320 1746 454 1792 ρητε,
476 1729 563 1777 νῦν
584 1745 669 1790 μοι
692 1726 752 1776 σὲ
770 1724 863 1790 ἡδύ
882 1746 929 1776 τι
953 1724 1063 1776 ἐστὶ
1082 1723 1305 1791 εἰρέσθαι
1319 1727 1382 1777 τὰ
1401 1724 1547 1777 θέλω.
1611 1724 1676 1777 σὺ
1696 1724 1766 1779 εἰς
1779 1723 1981 1791 οΈλλην

321 1831 391 1868 τε,
418 1809 497 1861 καὶ
529 1809 593 1862 ὣς
617 1809 715 1876 ἐγὼ
738 1806 1047 1874 πυνθάνομαι
1077 1813 1167 1860 σεῦ
1195 1829 1252 1861 τε
1281 1809 1360 1860 καὶ
1388 1814 1488 1861 τῶν
1515 1808 1687 1861 ἄλλων
1714 1807 1981 1875 Ἑλλήνων
2005 1831 2057 1860 20

321 1899 420 1945 τῶν
440 1894 547 1959 ἐμοὶ
569 1895 620 1947 ἐς
638 1893 822 1960 λόγους
844 1889 1227 1959 ἀπικνεομένων,
1248 1893 1425 1946 πόλιος
1448 1891 1549 1945 οὔτ’
1574 1894 1847 1961 ἐλαχίστης
1876 1895 1979 1946 οὔτ’

322 1976 712 2042 ἀσθενεστάτης.
783 1981 872 2029 νῦν
900 1975 971 2034 ὧν
998 1997 1083 2042 μοι
1112 1977 1226 2029 τόδε
1258 1976 1476 2045 φράσον,
1507 1979 1552 2030 εἰ
1572 1974 1827 2043 ’Έλληνες
1854 1979 1976 2031 ὑπο-

320 2062 554 2127 μενέουσι
575 2066 748 2129 χεῖρας
778 2061 887 2126 ἐμοὶ
918 2061 1304 2127 ἀνταειρόμενοι.
1371 2062 1428 2112 οὐ
1451 2060 1562 2128 γάρ,
1589 2061 1655 2115 ὡς
1677 2062 1775 2129 ἐγὼ
1804 2061 1975 2121 δοκέω,

322 2145 422 2197 οὐδ’
453 2143 497 2198 εἰ
519 2144 702 2200 πάντες
723 2143 978 2210 ’Έλληνες
1016 2146 1094 2197 καὶ
1129 2147 1177 2196 οἱ
1207 2145 1377 2197 λοιποὶ
1413 2148 1461 2197 οἱ
1497 2144 1619 2211 πρὸς
1653 2145 1870 2212 ἑσπέρης
1903 2148 1974 2198 οἰ-

322 2229 516 2282 κέοντες
555 2229 808 2296 ἄνθρωποι
851 2229 1277 2297 συλλεχθείησαν,
1320 2228 1407 2280 οὐκ
1444 2227 1714 2298 ἀξιόμαχοί
1750 2231 1849 2281 εἰσι
1889 2231 1978 2296 ἐμὲ
2003 2251 2052 2293 25

321 2315 524 2365 ἐπιόντα
559 2315 838 2378 ὑπομεῖναι,
874 2313 942 2379 μὴ
980 2312 1147 2366 ἐόντες
1186 2312 1397 2379 ἄρθμιοι.
1486 2312 1645 2365 ἐθέλω
1683 2310 1858 2379 μέντοι
1897 2315 1976 2366 καὶ

318 2398 377 2450 τὸ
406 2397 504 2450 ἀπὸ
535 2402 640 2456 σεῦ,
675 2398 841 2450 ὁκοῖόν
869 2417 917 2448 τι
948 2395 1118 2464 λέγεις
1146 2396 1256 2463 περὶ
1285 2396 1463 2456 αὐτῶν,
1494 2395 1757 2449 πυθέσθαι.
1830 2399 1858 2448 6
1884 2401 1978 2463 μὲν

317 2487 469 2534 ταῦτα
501 2482 693 2549 εἰρώτα,
726 2482 753 2532 6
789 2483 844 2533 δὲ
877 2480 1154 2546 ὑπολαβὼν
1189 2480 1306 2548 ἔφη·
1368 2485 1605 2546 βασιλεῦ,
1638 2481 1814 2549 κότερα
1848 2482 1970 2546 ἀλη-

372 2634 397 2659 2
426 2620 620 2672 ἠριθμήθη
642 2617 875 2658 Schaefer:
903 2619 1099 2670 ἠρίθμησε
1122 2617 1156 2656 L
1283 2635 1331 2658 τε
1350 2631 1433 2659 om.
1458 2617 1497 2656 R
1512 2617 1594 2658 SV
1771 2632 1797 2668 4
1828 2618 1871 2660 ἓν
1889 2599 1972 2660 hm.

318 2675 357 2713 R
374 2675 455 2714 SV
563 2675 590 2713 8
618 2674 799 2724 μεταβὰς
817 2674 856 2712 R
972 2686 1022 2711 10
1047 2673 1189 2723 ὁμοίως
1205 2674 1256 2714 ὡς
1273 2672 1436 2714 PRV:
1468 2675 1519 2714 ὥς
1537 2670 1567 2712 S
1604 2708 1606 2712 ,
1681 2684 1725 2711 11
1755 2673 1974 2726 ἀνάγοντες

319 2729 358 2768 R
373 2729 454 2768 SV
582 2745 630 2769 τε
650 2740 731 2768 om.
758 2728 792 2766 P
805 2728 843 2766 R
859 2727 889 2766 S
902 2727 941 2765 V
1067 2727 1250 2778 τέσσαρα
1270 2727 1303 2765 C
1316 2727 1354 2765 V
1559 2740 1607 2766 12
1637 2726 1883 2779 ἆνεκόχευον
1900 2729 1974 2770 τὰς

315 2783 461 2836 πρόρας
483 2783 522 2821 R
562 2796 581 2810 ·
692 2783 742 2821 16
772 2783 867 2823 νεῶς
890 2781 929 2819 R
944 2781 1026 2821 SV
1184 2783 1233 2819 18
1261 2781 1291 2821 ὦ
1312 2781 1525 2834 Δημάρητε
1549 2781 1580 2820 S
1748 2794 1799 2832 19
1826 2798 1866 2821 τι
1886 2794 1970 2821 om.

317 2837 356 2876 R
371 2837 451 2876 SV
589 2837 813 2891 ἐπείρεσθαι
838 2836 872 2874 Ρ
1064 2848 1112 2874 21
1146 2834 1397 2886 ἀπικομένων
1417 2836 1548 2875 SVR
1572 2835 1731 2886 (ἀπηκ.)
1828 2877 1833 2882 ,
1899 2838 1971 2877 οὐκ

316 2895 436 2943 ἐλαχ.
462 2892 564 2941 (οὔτ’
586 2892 718 2932 ἆσθεν.
741 2891 843 2942 om.)
868 2890 907 2929 R
923 2890 1005 2929 SV
1169 2903 1221 2939 24
1251 2890 1323 2929 alt.
1348 2892 1384 2931 οἱ
1401 2903 1482 2929 om.
1510 2890 1550 2928 R
1568 2890 1651 2930 SV
1793 2891 1846 2928 26
1872 2890 1970 2941 μήτι

311 2962 363 2999 ’γε
382 2947 438 2997 μὴ
461 2945 638 2984 Boeckh
750 2944 853 2985 θέλω
873 2944 911 2982 Α
926 2945 960 2982 Β
975 2944 1009 2983 C
1026 2944 1059 2983 P
1223 2957 1273 2992 27
1303 2946 1389 2997 περὶ
1411 2947 1541 2985 αὐτῶν
1559 2943 1696 2996 λέγεις
1715 2943 1756 2982 Α
1770 2943 1804 2982 Β
1818 2943 1853 2982 C
