2132 3340
37 91 148 140 vn.
166 91 266 152 196

174 487 268 537 197

243 1001 268 1032 2

0 1080 194 1120 §vm
226 1104 234 1112 ·

0 1317 13 1343 ι
28 1294 291 1352 sauli-*3⁶⁵⁴*

932 86 980 133 H
996 85 1085 134 ΡΟ
1098 85 1360 133 ΔΟΤΟὙ

306 218 566 269 ἐλείποντο
589 216 798 269 πολλόν.
842 221 942 269 τῶν
970 215 1061 282 μέν
1084 238 1171 270 νυν
1195 218 1249 268 ἐν
1273 217 1542 287 Θεσσαλίῃ
1566 221 1802 282 ποταμῶν
1823 215 1969 269 Ὀνό-

305 323 468 369 χωνος
489 305 669 366 μοῦνος
693 302 779 353 οὐκ
804 300 1061 369 ἀπέχρησε
1080 302 1139 374 τῇ
1161 302 1362 370 στρατιῇ
1390 301 1446 352 τὸ
1467 300 1668 368 ῥέεθρον
1688 302 1970 366 πινόμενος·

305 391 404 438 τῶν
424 388 476 437 δὲ
498 385 762 457 ἐνἈχαιίῃ
781 391 1015 450 ποταμῶν
1033 386 1247 453 ῥεόντων
1267 385 1377 437 οὐδὲ
1397 387 1538 439 ὅστις
1555 385 1792 453 μέγιστος
1811 385 1972 437 αὐτῶν

307 471 418 522 ἐστι
434 469 727 529 Ἠπιδανός,
750 469 861 521 οὐδὲ
885 470 1028 525 οὗτος
1051 469 1267 538 ἀντέσχε
1286 472 1329 522 εἰ
1347 469 1412 535 μὴ
1438 470 1690 538 φλαύρως.
1745 471 1796 523 ἐς
1811 469 1973 522 ’Ἅλον

306 557 359 607 δὲ
394 557 481 619 τῆς
511 554 741 623 Ἀχαιίης
771 553 1053 624 ἀπικομένῳ
1087 553 1250 626 Ξέρξῃ
1283 557 1329 606 οἱ
1361 555 1695 621 κατηγεμόνες
1731 558 1826 620 τῆς,
1855 555 1972 607 ὁδοῦ

306 639 613 705 βουλόμενοι
636 638 692 691 τὸ
711 642 812 692 πᾶν
837 638 1132 707 ἐξηγέεσθαι
1154 639 1333 706 ἔλεγόν
1357 641 1403 691 οἱ
1424 639 1690 707 ἐπιχώριον
1712 639 1886 706 λόγον,
1901 641 1973 691 τὰ

306 723 418 791 περὶ
457 723 516 775 τὸ
556 723 661 790 ἱρὸν
705 729 791 775 τοῦ
836 725 1134 792 Λαφυστίου
1176 725 1314 783 Διός,
1355 723 1419 777 ὡς
1459 722 1680 789 Ἀθάμας
1720 724 1747 774 ὁ
1786 724 1974 776 Αἰόλου

306 806 663 876 ἐμηχανήσατο
695 805 862 879 Φρίξῳ
898 809 1053 876 μόρον
1090 807 1182 860 σὺν
1217 807 1341 860 Ἰνοῖ
1373 807 1676 873 βουλεύσας,
1707 806 1974 874 μετέπειτα

308 895 361 944 δὲ
394 893 458 946 ὡς
490 894 544 944 ἐκ
582 894 880 960 θεοπροπίου
909 892 1107 961 Ἀχαιοὶ
1144 895 1422 961 προτιθεῖσι
1457 896 1590 944 τοῖσι
1625 894 1817 955 ἐκείνου
1847 893 1969 945 ἀπο-

307 978 506 1044 γόνοισι
543 975 751 1031 ἀέθλους
790 977 1037 1029 τοιούσδε·
1083 976 1138 1031 ὃς
1173 975 1234 1029 ἂν
1268 975 1298 1049 ᾖ
1329 981 1416 1027 τοῦ
1444 975 1616 1044 γένεος
1644 976 1820 1029 τούτου
1853 997 1969 1043 πρε-

308 1054 577 1127 σβύτατος,
627 1062 782 1131 τούτῳ
835 1060 1154 1127 ἐπιτάξαντες
1202 1062 1439 1129 ἔργεσθαι
1488 1065 1575 1113 τοῦ
1612 1062 1787 1130 ληίῑου
1836 1059 1972 1113 αὐτοὶ

308 1147 537 1213 φυλακὰς
594 1147 772 1214 ἔχουσι
826 1144 1019 1211 (λήιτον
1076 1148 1128 1197 δὲ
1181 1144 1419 1197 καλέουσι
1468 1144 1527 1197 τὸ
1577 1143 1876 1212 πρυτανήιον
1925 1147 1972 1198 οἱ

307 1227 539 1298 Ἀχαιοί)·
592 1226 654 1295 ἢν
690 1233 744 1283 δὲ
781 1229 983 1302 ἐσέλθῃ,
1016 1230 1102 1282 οὐκ
1138 1230 1250 1282 ἔστι
1280 1231 1404 1283 ὅκως
1434 1228 1592 1295 ἔξεισι
1621 1230 1738 1297 πρὶν
1766 1225 1797 1294 ἢ
1821 1229 1970 1305 θύσε-

309 1318 427 1382 σθαι
457 1313 637 1387 μέλλῃ·
691 1315 757 1369 ὥς
793 1314 835 1367 τ’
873 1315 947 1367 ἔτι
977 1314 1099 1382 πρὸς
1132 1315 1357 1366 τούτοισι
1396 1315 1580 1366 πολλοὶ
1619 1313 1714 1387 ἤδη,
1748 1309 1974 1381 [τούτων]

307 1403 406 1451 τῶν
435 1399 729 1464 μελλόντων
770 1400 1014 1452 θύσεσθαι
1054 1399 1309 1452 δείσαντες
1344 1400 1545 1466 οἴχοντο
1581 1397 1885 1464 ἀποδράντες
1921 1399 1972 1451 ἐς

307 1483 470 1548 ἄλλην
504 1484 688 1551 χώρην,
726 1483 913 1551 χρόνου
947 1486 1002 1535 δὲ
1041 1483 1303 1550 προϊόντος
1342 1483 1504 1534 ὀπίσω
1548 1483 1872 1536 κατελθόντες
1909 1477 1973 1547 ἢν

306 1569 614 1619 ἁλίσκωνται
645 1568 941 1621 ἐσελθόντες
970 1568 1022 1620 ἐς
1051 1567 1108 1619 τὸ
1136 1565 1451 1634 πρυτανήιον,
1485 1567 1549 1620 ὡς
1579 1566 1750 1618 θύεταί
1775 1588 1830 1618 τε
1858 1564 1970 1631 ἐξη-

305 1650 482 1719 γέοντο
514 1651 769 1717 στέμμασι
797 1656 895 1707 πᾶς
924 1652 1197 1705 πυκασθεὶς
1222 1652 1300 1703 καὶ
1325 1651 1389 1704 ὡς
1413 1651 1508 1703 σὺν
1531 1657 1704 1723 πομπῇ
1726 1649 1972 1718 ἐξαχθείς.

307 1741 459 1789 ταῦτα
510 1739 564 1788 δὲ
622 1736 883 1805 πάσχουσι
941 1738 988 1788 οἱ
1039 1736 1366 1803 Κυτισσώρου
1420 1740 1508 1787 τοῦ
1558 1733 1744 1802 Φρίξου
1799 1735 1973 1787 παιδὸς

307 1822 563 1888 ἀπόγονοι,
609 1821 734 1873 διότι
779 1819 1031 1890 καθαρμὸν
1072 1823 1161 1885 τῆς
1202 1820 1369 1888 χώρης
1412 1818 1717 1885 ποιευμένων
1752 1818 1973 1887 Ἀχαιῶν

309 1907 361 1956 ἐκ
407 1906 707 1972 θεοπροπίου
742 1904 1029 1970 Ἀθάμαντα
1070 1903 1158 1956 τὸν
1201 1904 1388 1956 Αἰόλου
1433 1904 1512 1955 καὶ
1553 1904 1845 1969 μελλόντων
1886 1924 1973 1968 μιν

307 1989 442 2041 θύειν
513 1989 812 2055 ἀπικόμενος
883 1989 1026 2043 οὗτος
1084 1990 1112 2039 ὁ
1183 1989 1509 2055 Κυτίσσωρος
1580 1986 1639 2052 ἐξ
1706 1989 1828 2052 Αἴης
1885 1989 1973 2052 τῆς

309 2074 558 2141 Κολχίδος
611 2073 870 2142 ἐρρύσατο,
923 2071 1140 2138 ποιήσας
1193 2075 1246 2124 δὲ
1303 2077 1446 2124 τοῦτο
1496 2076 1631 2124 τοῖσι
1681 2070 1968 2138 ἐπιγενομέ-

307 2179 441 2210 νοισι
500 2157 559 2223 ἐξ
614 2161 794 2210 ἑωυτοῦ
850 2160 999 2223 μῆνιν
1054 2161 1141 2210 τοῦ
1200 2160 1312 2208 θεοῦ
1363 2155 1594 2222 ἐνέβαλε.
1684 2154 1876 2222 Ξέρξης
1918 2157 1973 2208 δὲ

306 2248 458 2294 ταῦτα
514 2243 734 2296 ἀκούσας
793 2242 858 2296 ὣς
917 2243 1040 2293 κατὰ
1096 2240 1153 2293 τὸ
1217 2239 1378 2296 ἄλσος
1446 2241 1654 2307 ἐγίνετο,
1715 2239 1862 2293 αὐτός
1917 2260 1972 2292 τε
2028 2263 2042 2270 ·

308 2327 481 2395 ἔργετο
533 2327 682 2378 αὐτοῦ
726 2327 807 2379 καὶ
856 2333 917 2399 τῇ
971 2332 1181 2399 στρατιῇ
1225 2324 1364 2397 πάσῃ
1408 2322 1733 2392 παρήγγειλε,
1778 2328 1876 2376 τῶν
1918 2344 1973 2376 τε

366 2479 385 2504 1
420 2466 631 2507 ἐλείποντο
650 2465 821 2504 Bekker
837 2478 846 2503 ε
878 2464 1069 2505 ἐλίποντο
1088 2464 1121 2502 L
1233 2461 1437 2514 Ονόχονος
1454 2461 1494 2500 R
1508 2461 1539 2502 S
1551 2462 1591 2501 V
1710 2474 1736 2500 2
1766 2459 1971 2515 ἐπέχρησε

310 2521 350 2560 R
365 2521 395 2560 S
409 2521 447 2559 V
638 2532 664 2569 3
694 2520 821 2573 ὅσπερ
843 2519 883 2557 R
898 2518 928 2558 S
940 2519 980 2557 V
1119 2521 1140 2559 ὃ
1159 2516 1354 2570 μέγιστος
1377 2516 1411 2555 C
1437 2543 1440 2545 -
1551 2519 1666 2557 ἐστιν
1684 2518 1815 2557 αὐτῶν
1835 2515 1875 2553 R
1891 2515 1921 2554 S
1934 2515 1973 2554 V

308 2590 334 2624 4
357 2576 515 2616 ’Άλλον
535 2575 569 2613 C
584 2574 623 2613 R
636 2575 675 2613 V
857 2575 884 2612 6
914 2574 1121 2625 ἐπιχώριοι
1145 2573 1184 2611 R
1367 2579 1390 2620 7
1419 2573 1433 2612 ἶ
1446 2581 1475 2612 -1-
1487 2572 1557 2625 ρὸν
1575 2569 1615 2608 Α
1724 2570 1971 2622 Ἀφλυστίου

310 2630 344 2669 Ρ
362 2630 400 2667 R
421 2630 451 2670 S
468 2630 504 2668 V
728 2641 773 2667 11
818 2628 1004 2682 ἔργεσθαι
1037 2627 1127 2666 RV
1145 2642 1154 2666 z
1199 2629 1299 2680 εἵργ.
1331 2626 1371 2665 Α
1389 2626 1423 2664 Β
1445 2640 1455 2665 t
1500 2627 1598 2679 εἵργ.
1630 2624 1664 2663 C
1828 2624 1972 2673 ληίτου

308 2684 572 2724 Valckenaer
591 2699 599 2723 :
629 2684 870 2736 πρυτανηίου
894 2683 927 2721 L
1059 2694 1107 2720 12
1136 2684 1171 2722 οἱ
1191 2694 1272 2721 om.
1296 2682 1335 2720 R
1351 2680 1434 2720 SV
1567 2691 1615 2729 13
1646 2677 1812 2728 εἷσέλθη
1836 2678 1875 2716 R
1891 2677 1971 2717 SV

310 2739 543 2833 E4Vpae'27xec
559 2739 610 2809 'R
623 2739 662 2778 V
650 2792 684 2832 P
698 2737 838 2833 ὃ-οιῶὃ
917 2737 1001 2830 Ηῶς
1029 2735 1067 2778 τ’
1100 2736 1160 2804 ἔτι
1189 2735 1622 2839 Ξεέιηῖείξτέοξιρτξλῖι
1645 2732 1760 2827 [ἒΒι
1800 2731 1972 2836 “ign-ig:

409 2808 418 2834 :
449 2812 500 2835 ως
519 2811 568 2834 τε
587 2811 628 2834 τι
746 2807 756 2833 :
821 2809 895 2833 στε
1068 2808 1221 2832 τουτων
1309 2821 1317 2829 .
1371 2822 1378 2837 ,
1615 2817 1625 2828 .

308 2861 387 2889 om.
407 2849 447 2887 R
460 2849 498 2887 V
621 2861 667 2897 17
698 2847 936 2889 ἁλίσκονται
955 2845 994 2884 R
1009 2845 1061 2885 C1
1077 2845 1127 2898 (2)
1245 2806 1774 2895 ἐσελθόντες]μέστε’λλοντο
1788 2840 1828 2880 Α
1841 2840 1876 2879 Β
1890 2841 1923 2879 C
1939 2840 1972 2880 P

306 2904 502 2953 μαντήιον
522 2903 556 2942 C
571 2902 636 2942 ΡΨ
751 2903 801 2941 18
831 2902 905 2942 σὺν
925 2913 1006 2941 orn.
1027 2900 1066 2938 R
1082 2900 1112 2940 S
1125 2899 1163 2938 V
1273 2912 1326 2939 22
1359 2898 1560 2950 Κτίσωρος
1577 2897 1611 2936 C
1722 2907 1776 2948 25
1807 2897 1971 2950 ἐγένετο

309 2957 495 2997 PRSV
659 2959 712 2996 26
742 2959 900 3012 εἴργετο
923 2955 1059 2995 RSV

1995 575 2018 616 5

2000 995 2049 1024 10

2000 1420 2047 1463 15

1998 1841 2048 1870 20
