2132 3340
35 85 146 134 VII.
174 96 262 145 191

167 653 260 700 192

165 1415 259 1463 193

164 2258 260 2306 194

914 82 1348 131 HPOAOTO‘P

299 217 468 267 δοντες
499 215 656 287 βοῇσι
687 216 732 267 οἱ
771 213 942 282 Μάγοι
980 219 1047 284 τῷ
1085 213 1264 285 ἀνέμῳ,
1298 214 1420 281 πρὸς
1450 218 1504 268 δὲ
1534 215 1755 269 τούτοισι
1789 218 1866 270 καὶ
1903 226 1965 292 τῇ

1936 299 1957 320 ἢ

302 298 426 350 Θέτι
463 299 541 350 καὶ
575 306 692 371 τῇσι
727 301 950 366 Νηρηίσι
986 299 1188 353 θύοντες
1223 299 1448 352 ἔπαυσαν
1484 300 1691 373 τετάρτῃ
1726 301 1900 374 ἡμέρῃ,
1931 325 1962 368 η

298 382 468 436 ἄλλως
500 405 594 437 κως
625 382 769 437 αὐτὸς
798 383 987 436 ἐθέλων
1011 385 1246 436 ἐκόπασε.
1319 386 1377 457 τῇ
1398 388 1451 437 δὲ
1483 384 1607 437 Θέτι
1638 385 1782 438 ἔθυον
1811 387 1961 438 πυθό-

298 489 439 533 μενοι
469 469 601 534 παρὰ
630 473 729 520 τῶν
760 467 946 520 Ἰώνων
975 468 1061 520 τὸν
1095 469 1252 536 λόγον
1290 469 1355 523 ὡς
1393 471 1446 522 ἐκ
1476 474 1562 521 τοῦ
1593 470 1758 537 χώρου
1787 470 1964 524 τούτου

299 554 576 618 ἁρπασθείη
618 553 713 604 ὑπὸ
750 552 966 618 Πηλέος,
1011 555 1084 616 εἵη
1136 575 1190 605 τε
1242 552 1414 606 ἅπασα
1456 554 1487 620 ἡ
1533 554 1652 619 ἀκτὴ
1696 555 1726 620 ἡ
1773 557 1962 620 Σηπιὰς

301 636 490 701 ἐκείνης
525 658 580 689 τε
615 637 694 688 καὶ
730 643 827 688 τῶν
862 636 1062 690 ἀλλέων
1099 640 1378 705 Νηρηίδων.
1471 640 1498 690 ὁ
1531 641 1623 704 μὲν
1659 638 1717 703 δὴ
1753 638 1962 712 τετάρτῃ

298 719 454 792 ἡμέρῃ
486 720 752 773 ἐπέπαυτο·
799 727 934 774 τοῖσι
963 725 1017 774 δὲ
1037 721 1265 787 “Ελλησι
1295 725 1342 775 οἱ
1370 723 1708 790 ἡμεροσκόποι
1738 723 1835 776 ἀπὸ
1864 729 1963 776 τῶν

299 804 462 872 ἄκρων
497 810 595 882 τῷν
636 806 896 871 Εὐβοϊκῶν
933 808 1323 874 καταδραμόντες
1359 806 1558 879 δευτέρῃ
1594 807 1750 881 ἡμέρῃ
1784 807 1869 861 ἀπ’
1905 808 1963 874 ἧς

300 891 326 939 ὁ
356 890 544 958 χειμὼν
582 892 608 940 ὁ
644 895 837 957 πρῶτος
876 890 1089 957 ἐγένετο,
1124 889 1397 956 ἐσήμαινον
1432 893 1593 944 πάντα
1627 894 1688 943 τὰ
1718 893 1963 959 γενόμενα

300 974 410 1040 περὶ
439 974 530 1039 τὴν
561 977 813 1042 ναυηγίην.
889 977 935 1027 οῖ
967 978 1020 1028 δὲ
1051 975 1115 1028 ὣς
1146 976 1401 1036 ἐπύθοντο,
1435 975 1745 1029 Ποσειδέωνι
1776 980 1963 1044 σωτῆρι

301 1058 560 1124 εὐξάμενοι
612 1060 691 1119 καὶ
739 1061 962 1114 σπονδᾶς
1015 1059 1321 1129 προχέαντες
1370 1060 1461 1125 τὴν
1507 1062 1752 1130 ταχίστην
1799 1062 1962 1114 ὀπίσω

299 1143 565 1210 ἠπείγοντο
595 1145 676 1196 ἐπὶ
707 1143 764 1195 τὸ
795 1143 1128 1211 Ἀρτεμίσιον,
1162 1146 1462 1199 ἐλπίσαντες
1491 1146 1666 1212 ὀλίγας
1697 1145 1834 1199 τινάς
1865 1152 1963 1213 σφι

300 1226 554 1292 ἀντιξόους
594 1229 803 1280 ἔσεσθαι
845 1229 975 1282 νέας.
1063 1232 1109 1281 οἱ
1149 1233 1240 1295 μὲν
1276 1229 1334 1294 δὴ
1371 1229 1428 1282 τὸ
1464 1230 1692 1296 δεύτερον
1730 1230 1963 1284 ἐλθόντες

298 1313 409 1379 περὶ
440 1311 496 1364 τὸ
519 1311 835 1380 Ἀρτεμίσιον
865 1315 1184 1383 ἐναυλόχεον,
1212 1313 1556 1368 Ποσειδέωνος
1579 1318 1802 1383 σωτῆρος
1832 1317 1958 1367 ἐπω-

299 1398 473 1462 νυμίην
503 1397 601 1449 ἀπὸ
632 1398 806 1460 τούτου
837 1398 910 1450 ἔτι
942 1398 1018 1450 καὶ
1049 1400 1100 1452 ἐς
1128 1399 1241 1451 τόδε
1271 1400 1568 1464 νομίζοντες·
1614 1401 1660 1451 οἱ
1684 1402 1738 1452 δὲ
1758 1398 1958 1466 βάρβα-

297 1503 391 1547 ροι,
425 1482 490 1535 ὡς
519 1482 775 1534 ἐπαύσατό
809 1504 863 1534 τε
898 1484 924 1533 ὁ
954 1482 1134 1548 ἄνεμος
1165 1484 1245 1535 καὶ
1281 1483 1337 1535 τὸ
1376 1488 1502 1549 κῦμα
1539 1483 1775 1550 ἔστρωτο,
1811 1505 1956 1535 κατα-

299 1565 588 1619 σπάσαντες
624 1569 711 1620 τὰς
747 1566 862 1620 νέας
899 1568 1082 1619 ἔπλεον
1120 1569 1252 1634 παρὰ
1287 1568 1378 1632 τὴν
1413 1567 1636 1634 ἤπειρον,
1672 1568 1961 1635 κάμψαντες

298 1653 351 1702 δὲ
388 1649 478 1714 τὴν
515 1650 669 1717 ἄκρην
703 1654 790 1716 τῆς
829 1653 1128 1718 Μαγνησίης
1165 1650 1301 1704 ἰθέαν
1339 1652 1522 1704 ἔπλεον
1558 1654 1609 1705 ἐς
1644 1651 1732 1703 τὸν
1771 1652 1960 1704 κόλπον

297 1734 384 1786 τὸν
420 1735 500 1787 ἐπὶ
532 1734 816 1802 Παγασέων
852 1734 1085 1802 φέροντα.
1164 1736 1273 1788 ἔστι
1309 1739 1362 1788 δὲ
1398 1741 1560 1805 χῶρος
1595 1738 1649 1788 ἐν
1685 1741 1750 1807 τῷ
1790 1737 1959 1806 κόλπῳ

297 1819 450 1889 τούτῳ
481 1822 568 1884 τῆς
602 1822 916 1887 Μαγνησίης,
951 1820 1069 1872 ἔνθα
1097 1819 1299 1888 λέγεται
1327 1820 1414 1872 τὸν
1444 1820 1700 1887 ζΗρακλέα
1730 1827 1957 1872 καταλει-

299 1906 487 1970 φθῆναι
515 1903 610 1956 ὑπὸ
641 1903 864 1968 Ἰήσονός
894 1926 948 1957 τε
979 1905 1058 1956 καὶ
1094 1910 1192 1957 τῶν
1223 1906 1524 1972 συνεταίρων
1554 1907 1608 1956 ἐκ
1638 1908 1725 1970 τῆς
1754 1905 1960 1973 Ἀργοῦς

299 1988 375 2039 ἐπ’
406 1989 535 2055 ὕδωρ
564 1987 870 2056 πεμφθέντα,
906 1989 1014 2042 εὖτε
1044 1991 1126 2041 ἐπὶ
1155 1989 1212 2041 τὸ
1243 1994 1372 2043 κῶας
1402 1989 1583 2042 ἔπλεον
1615 1991 1664 2043 ἐς
1698 1989 1820 2041 Α’ἶαν
1853 1985 1959 2054 [τὴν

298 2071 560 2141 Κολχίδα]·
610 2075 833 2125 ἐνθεῦτεν
857 2075 950 2141 γὰρ
974 2074 1189 2139 ἔμελλον
1210 2073 1563 2140 ὑδρευσάμενοι
1586 2075 1637 2127 ἐς
1659 2073 1716 2125 τὸ
1738 2072 1960 2141 πέλαγος

298 2156 533 2226 ἀφῄρειν,
574 2158 654 2210 ἐπὶ
690 2158 865 2210 τούτου
903 2160 956 2209 δὲ
995 2163 1062 2227 τῷ
1103 2159 1248 2228 χώρῳ
1291 2158 1475 2223 οὔνομα
1517 2157 1695 2226 γέγονε
1729 2156 1956 2225 Ἀφέται.

299 2242 352 2291 ἐν
383 2241 537 2310 τούτῳ
569 2239 637 2293 ὧν
667 2243 818 2308 ὅρμον
854 2244 900 2293 οἱ
932 2240 1131 2309 Ξέρξεω
1169 2244 1438 2294 ἐποιεῦντο.
1525 2243 1875 2295 πεντεκαίδεκα
1905 2244 1958 2294 δὲ

296 2330 395 2376 τῶν
427 2330 550 2376 νεῶν
580 2324 792 2377 τουτέων
823 2325 1001 2393 ἔτυχόν
1043 2347 1096 2377 τε
1128 2327 1339 2378 ὕσταται
1376 2326 1570 2379 πολλὸν
1605 2325 1957 2394 ἐξαναχθεῖσαι

300 2410 384 2460 καί
422 2431 516 2462 κως
554 2414 777 2461 κατεῖδον
813 2412 900 2462 τὰς
942 2409 1019 2461 ἐπ’
1056 2409 1354 2480 Ἀρτεμισίῳ
1394 2415 1492 2462 τῶν
1526 2409 1790 2474 Ἑλλήνων
1826 2409 1955 2464 νέας.

299 2491 474 2556 ἔδοξάν
504 2515 557 2545 τε
587 2493 645 2558 δὴ
677 2495 764 2547 τὰς
795 2492 1046 2561 σφετέρας
1084 2494 1208 2546 εἶναι
1246 2497 1291 2546 οἱ
1321 2494 1576 2562 βάρβαροι
1609 2495 1687 2546 καὶ
1719 2493 1957 2547 πλέοντες

357 2641 374 2666 1
407 2632 529 2684 βοῇσι
552 2629 750 2679 Madvig:
779 2629 903 2682 γόησι
926 2630 959 2668 L
1069 2635 1126 2682 τῷ
1148 2629 1278 2682 ἀνέμῳ
1299 2632 1336 2671 οἱ
1357 2638 1409 2671 Μ.
1438 2631 1470 2669 Ρ
1486 2630 1523 2668 R
1541 2630 1621 2669 SV
1707 2647 1753 2671 τε
1772 2631 1806 2669 Α
1824 2631 1857 2669 Β
1873 2631 1907 2669 C
1923 2631 1957 2670 P

297 2685 325 2721 6
355 2684 486 2732 ἐκείνη
509 2684 570 2722 C:
601 2685 782 2733 ἐκείνησε
806 2684 845 2722 R
959 2686 1095 2725 ἄλλων
1117 2685 1150 2723 L
1271 2686 1297 2723 8
1327 2688 1549 2733 Εὖβοεικῶν
1573 2685 1606 2723 C
1624 2684 1656 2722 P
1769 2694 1816 2723 12
1845 2685 1955 2727 τινάς

298 2751 377 2776 om.
400 2738 486 2776 AB
502 2739 534 2776 C
649 2740 793 2791 σφίσιῖ
816 2739 937 2778 Stein
1081 2752 1128 2788 13
1159 2739 1337 2793 ἆντίξους
1358 2739 1398 2778 Α
1413 2740 1447 2778 Β
1464 2739 1497 2777 C
1562 2752 1566 2754 ·
1630 2751 1677 2790 14
1708 2739 1956 2791 ἐναυμάχεον

301 2792 339 2829 R
356 2792 386 2831 S
401 2792 439 2830 V
606 2805 652 2842 17
683 2795 788 2848 παρὰ
804 2824 813 2834 .
833 2823 843 2833 .
859 2824 868 2834 .
887 2793 1035 2834 ἔπλεον
1054 2807 1135 2833 om.
1162 2794 1201 2832 R
1381 2795 1430 2833 18
1459 2796 1582 2835 ἰθεῖαν
1605 2794 1637 2832 L
1800 2807 1856 2832 20
1884 2795 1955 2835 τὸν

297 2859 377 2886 om.
402 2846 439 2884 R
455 2847 536 2886 SV
646 2861 698 2886 22
728 2847 938 2900 πεμφέντα
958 2848 991 2887 C
1008 2849 1047 2887 R
1160 2852 1276 2890 κωῖας
1297 2848 1332 2886 Β
1354 2863 1363 2888 :
1392 2852 1509 2889 κῶιας
1530 2848 1564 2887 C
1674 2851 1752 2898 τὴν
1773 2849 1954 2900 Κολχίδα

298 2914 380 2939 om.
425 2902 463 2939 R
489 2901 519 2940 S
539 2902 578 2940 V
798 2916 849 2952 24
897 2902 1066 2956 γέγονε]
1108 2902 1276 2957 λέγεται
1318 2904 1355 2942 R
1382 2903 1411 2942 S
1432 2904 1470 2942 V
1688 2905 1741 2943 28
1784 2905 1831 2954 δὴ
1870 2915 1952 2943 om.

298 2955 436 2995 ABC

1986 576 2009 618 5

1990 997 2038 1026 10

1989 1417 2035 1459 15

1986 1839 2037 1868 20

1983 2259 2031 2302 ²5
