2132 3340
131 100 339 168 v11.56
1004 107 1435 156 HPOAOTOT
1858 77 1891 128 4

314 260 342 293 2
380 237 557 290 οὐδένα
586 239 786 306 χρόνον.
879 239 1089 290 ἐνθαῦτα
1118 237 1319 307 λέγεται
1340 236 1542 306 Ξέρξεω
1561 238 1651 305 ἤδη
1684 240 2045 307 διαβεβηκότος

377 322 465 374 τὸν
494 321 881 386 Ἑλλήσποντον
912 322 1064 390 ἄνδρα
1089 325 1245 375 εἰπεῖν
1267 323 1687 389 Ἑλλησπόντιον·
1732 323 1826 387 ,ΨΩ
1857 328 1970 385 Ζεῦ,
1999 325 2051 376 τί

379 405 439 471 δὴ
482 405 621 473 ἀνδρὶ
660 407 910 472 εἰδόμενος
942 406 1119 480 Πέρσῃ
1167 409 1245 460 καὶ
1283 408 1470 474 οὔνομα
1507 408 1619 460 ἀντὶ
1672 407 1794 462 Διὸς
1852 406 2047 476 Ξέρξην

379 489 584 555 θέμενος
630 490 912 544 ἀνάστατον
971 491 1061 557 τὴν
1118 491 1345 544 Ἑλλάδα
1405 491 1570 546 θέλεις
1625 495 1850 557 ποιῆσαι,
1911 491 2046 561 ἄγων

377 573 568 630 πάντας
613 575 921 642 ἀνθρώπους,·
971 576 1050 628 καὶ
1081 578 1174 645 γὰρ
1216 576 1332 629 ἄνευ
1375 577 1563 629 τούτων
1593 575 1710 642 ἐξῆν
1745 599 1823 629 τοι
1860 574 2046 631 ποιέειν
2069 597 2092 638 5

377 664 545 712 ταῦτα.

277 762 340 812 57
461 743 556 799 “Ως
587 746 639 797 δὲ
671 743 917 810 διέβησαν
949 744 1150 804 πάντες,
1183 747 1234 799 ἐς
1279 747 1391 798 ὁδὸν
1424 745 1752 814 ὁρμημένοισι
1779 743 1926 811 τέρας
1947 751 2045 813 σφι

379 827 540 896 ἐφάνη
572 828 718 897 μέγα,
745 828 801 881 τὸ
847 826 1041 896 Ξέρξης
1085 832 1138 882 ἐν
1183 830 1343 882 οὐδενὶ
1387 831 1524 900 λόγῳ
1569 828 1839 895 ἐποιήσατο
1871 831 2045 898 καίπερ

379 913 733 979 εὐσύμβλητον
765 914 862 965 ἐόν·
952 916 1102 968 ἵππος
1140 916 1234 982 γὰρ
1267 915 1402 966 ἔτεκε
1431 916 1606 983 λαγόν.
1695 914 2076 981 εὐσύμβλητον>

379 995 447 1050 ὧν
477 998 591 1070 τῇδε
623 994 802 1066 [τοῦτο]
834 996 1048 1066 ἐγένετο,
1083 999 1158 1050 ὅτι
1190 999 1375 1065 ἔμελλε
1418 1002 1510 1065 μὲν
1541 1001 1663 1051 ἐλᾶν
1695 998 1936 1066 στρατιὴν
1960 998 2045 1058 ἐπὶ
2074 1017 2123 1047 10

91 1123 103 1134 .
185 1114 255 1172 Μ
276 1109 349 1154 bi„
379 1082 469 1147 τὴν
513 1081 740 1134 Ἑλλάδα
788 1082 981 1150 Ξέρξης
1028 1083 1341 1153 ἆγαυρ-ότατα
1389 1083 1467 1136 καὶ
1507 1074 2132 1155 μεγαλοπρεπέσταταμῶ

0 1189 60 1229 5³·
127 1130 178 1267 Ξ
271 1157 313 1264 n
380 1168 543 1219 ὀπίσω
590 1169 645 1220 δὲ
681 1168 791 1234 περὶ
829 1170 1011 1231 ἑωυτρῇ
1049 1167 1243 1236 τρέχων
1278 1167 1416 1233 ἥξειν
1466 1170 1516 1223 ἐς
1552 1167 1640 1220 τὸν
1671 1167 1819 1221 αὐτὸν
1862 1173 2042 1237 χῶρον.

316 1271 343 1303 2
382 1251 582 1319 ἐγένετο
612 1254 666 1304 δὲ
698 1251 777 1303 καὶ
808 1252 977 1320 ἕτερον
1009 1253 1138 1323 αὐτῷ
1170 1252 1314 1320 τέρας
1339 1253 1471 1306 ἐόντι
1492 1254 1543 1305 ἐν
1568 1251 1794 1320 Σάρδισι·
1841 1253 2045 1319 ἡμίονος

380 1338 477 1403 γὰρ
501 1336 637 1389 ἔτεκε
656 1336 861 1402 ἡμίονον
882 1336 992 1402 διξὰ
1012 1336 1232 1406 ἔχουσαν
1261 1339 1438 1397 αἰδοῖα,
1461 1339 1521 1389 τὰ
1538 1339 1630 1404 μὲν
1650 1337 1867 1406 ἔρσενος,
1900 1338 1962 1389 τὰ
1992 1340 2047 1391 δὲ

278 1422 343 1482 58
382 1420 578 1486 θηλέης·
628 1421 898 1490 κατύπερθε
929 1425 982 1474 δὲ
1012 1421 1072 1487 ἧν
1103 1425 1164 1475 τὰ
1194 1426 1280 1474 τοῦ
1311 1422 1528 1489 ἔρσενος.
1617 1427 1714 1476 τῶν
1746 1421 2045 1490 ἀμφοτέρων
2072 1445 2119 1487 15

379 1506 536 1573 λόγον
566 1505 742 1559 οὐδένα
772 1505 1109 1573 ποιησάμενος
1139 1507 1194 1559 τὸ
1224 1508 1397 1575 πρόσω
1429 1507 1707 1574 ἐπορεύετο,
1734 1507 1828 1559 σὺν
1859 1505 1913 1559 δέ
1941 1509 1988 1559 οἱ
2017 1508 2044 1558 6

379 1588 526 1655 πεζὸς
551 1592 780 1657 στρατός.
842 1593 868 1642 6
894 1594 946 1644 δὲ
977 1590 1201 1646 ναυτικὸς
1231 1590 1325 1657 ἔξω
1349 1590 1435 1645 τὸν
1458 1591 1846 1658 Ἑλλήσποντον
1874 1589 2045 1644 πλέων

315 1695 341 1727 2
380 1676 510 1742 παρὰ
540 1678 636 1742 γῆν
665 1676 934 1741 ἐκομίζετο,
959 1678 1021 1728 τὰ
1041 1675 1256 1742 ἔμπαλιν
1279 1674 1525 1742 πρήσσων
1543 1680 1631 1729 τοῦ
1647 1676 1808 1740 πεζοῦ.
1897 1676 1923 1726 6
1952 1677 2044 1741 μὲν

379 1761 474 1826 γὰρ
505 1759 627 1827 πρὸς
651 1759 867 1827 ἑσπέρην
899 1761 1065 1824 ἔπλεε,
1094 1762 1174 1814 ἐπὶ
1204 1762 1544 1828 Σαρπηδονίης
1575 1759 1724 1827 ἄκρης
1754 1759 2044 1826 ποιεύμενος

378 1843 469 1907 τὴν
498 1843 684 1908 ἄπιξιν,
717 1846 767 1898 ἐς
798 1843 889 1909 τὴν
919 1846 1049 1916 αὐτῷ
1081 1847 1343 1912 προείρητο
1374 1844 1655 1915 ἀπικομένῳ
1675 1844 1970 1912 περιμένειν·
2014 1847 2043 1897 ὁ
2070 1865 2121 1894 20

379 1930 433 1980 δὲ
470 1928 573 1979 κατ’
604 1927 810 1995 ἤπειρον
850 1929 1063 1996 στρατὸς
1102 1928 1224 1997 πρὸς
1270 1929 1340 1995 ἠῶ
1380 1950 1436 1982 τε
1479 1929 1559 1981 καὶ
1607 1930 1753 1994 ἡλίου
1796 1930 2043 1982 ἀνατολὰς

379 2011 604 2066 ἐποιέετο
629 2012 718 2078 τὴν
749 2012 863 2065 ὁδὸν
892 2016 973 2065 διὰ
1012 2016 1099 2078 τῆς
1137 2012 1483 2080 Χερσονήσου,
1517 2016 1571 2065 ἐν
1607 2012 1745 2086 δεξιῇ
1785 2015 1879 2078 μὲν
1909 2013 2042 2081 ἔχων

380 2100 468 2149 τὸν
489 2095 686 2162 “Ελλης
716 2096 882 2165 τάφον
911 2101 999 2163 τῆς
1028 2097 1354 2163 Ἀθάμαντος,
1390 2099 1443 2149 ἐν
1474 2098 1708 2169 ἀριστερῇ
1739 2099 1792 2149 δὲ
1823 2097 2041 2163 Καρδίην

381 2182 545 2242 πόλιν,
581 2183 659 2232 διὰ
688 2180 847 2246 μέσης
876 2184 928 2233 δὲ
960 2182 1289 2250 πορευόμενος
1320 2182 1493 2235 πόλιος
1523 2189 1583 2254 τῇ
1603 2181 1789 2246 οὕνομα
1805 2179 2040 2248 τυγχάνει

318 2284 344 2328 3
381 2265 465 2316 ἐὸν
495 2264 693 2332 Ἀγορή.
783 2267 1010 2318 ἐνθεῦτεν
1041 2269 1094 2318 δὲ
1118 2265 1353 2331 κάμπτων
1382 2265 1469 2317 τὸν
1501 2265 1688 2317 κόλπον
1709 2264 1797 2317 τὸν
1829 2263 2040 2316 Μέλανα
2068 2284 2116 2325 25

383 2349 686 2414 καλεόμενον
718 2350 796 2400 καὶ
837 2348 1052 2401 Μέλανα
1086 2350 1325 2414 ποταμόν,
1358 2349 1444 2400 οὐκ
1489 2349 1794 2416 ἀντισχόντα
1830 2349 1941 2400 τότε
1979 2356 2040 2420 τῇ

381 2440 590 2506 στρατιῇ
618 2432 673 2484 τὸ
717 2432 922 2500 ῥέεθρον
965 2433 1080 2485 ἀλλ’
1125 2433 1438 2492 ἐπιλιπόντα,
1470 2438 1642 2485 τοῦτον
1685 2432 1772 2485 τὸν
1817 2430 2040 2497 ποταμὸν

380 2516 574 2581 διαβάς,
610 2516 686 2569 ἐπ’
717 2517 773 2568 οὗ
804 2517 883 2569 καὶ
915 2518 941 2567 6
974 2518 1163 2571 κόλπος
1193 2517 1335 2570 οὗτος
1365 2516 1455 2580 τὴν
1493 2516 1772 2582 ἐπωνυμίην
1804 2516 1928 2583 ἔχει,
1961 2514 2040 2580 ἤιε

378 2601 500 2667 πρὸς
546 2601 780 2668 ἑσπέρην,
821 2599 972 2654 Αἶνόν
1029 2623 1084 2654 τε
1142 2601 1291 2653 πόλιν
1343 2601 1552 2652 Αἰολίδα
1604 2601 1682 2653 καὶ
1741 2601 2039 2666 Στεντορίδα

502 2736 554 2754 ι-ιΙ
1134 2741 1145 2755 2
1181 2736 1193 2753 Ι
1760 2734 1771 2752 Ι

379 2751 457 2832 σοι3
466 2742 645 2830 1³:8⁶ngoe
684 2738 718 2777 P
740 2737 777 2776 R
797 2738 832 2842 ¹7S
851 2739 1276 2846 ιξρμημένοῖισιεὲεἰὲῗὶς
1287 2736 1408 2831 ΞῙξῙΞ
1427 2736 1466 2775 V
1568 2803 1596 2840 9
1625 2747 1868 2841 {vngzgssgp
1886 2734 2039 2829 {883

379 2849 518 2898 λαγών
566 2846 600 2884 C
623 2847 656 2884 P
878 2860 927 2886 10
965 2850 1086 2887 τοῦτο
1119 2859 1200 2886 Om.
1238 2846 1272 2884 P
1294 2846 1333 2883 R
1357 2845 1387 2886 S
1407 2844 1446 2885 V
1614 2858 1664 2884 12
1712 2846 1846 2885 ἔωυτῶ
1885 2843 1923 2882 R
1947 2844 1978 2882 S
1999 2845 2038 2882 V

379 2902 537 2953 τρέχων
569 2914 654 2940 om.
690 2901 723 2939 C
910 2915 958 2951 13
1002 2901 1137 2942 ἔναντι
1175 2904 1220 2942 ἐν
1254 2900 1288 2940 C
1479 2913 1525 2950 14
1576 2903 1662 2951 διξᾶ
1703 2899 1767 2939 R:
1827 2901 1923 2950 διχῖἰ
1947 2898 1977 2936 S
1998 2899 2038 2937 V

383 2967 432 3004 19
471 2955 586 3008 πρὸς]
632 2958 672 2996 ἐς
720 2955 758 2993 R
782 2955 812 2995 S
833 2956 870 2994 V
1067 2968 1115 2994 21
1159 2956 1224 2998 καὶ
1276 2967 1359 2995 om.
1410 2955 1448 2996 R
1651 2964 1704 3005 25
1754 2953 1908 2995 κόλπον
1961 2953 2036 2996 τὸν

378 3022 460 3051 orn.
489 3010 527 3050 R
