2132 3340
123 47 210 97 IX.
240 61 294 96 21

228 273 295 308 22

0 589 298 660 :ne-„bur

266 784 293 815 2

221 1872 287 1919 23

954 43 1389 95 ΗΡΟΔΟΤΟΤ

336 177 496 246 κόσιοι
533 173 760 258 λογάδες,
793 179 891 226 τῶν
930 172 1172 242 ἐλοχήγεε
1206 174 1613 242 Ὀλυμπιόδωρος
1642 175 1668 226 6
1698 173 1993 240 Λάμπωνος.

333 260 468 312 οὗτοι
497 259 630 325 ἦσαν
659 259 710 310 οἵ
735 280 790 310 τε
819 257 1175 323 ὑποδεξάμενοι
1212 258 1290 309 καὶ
1326 261 1371 310 οἱ
1412 257 1507 325 πρὸ
1546 264 1642 311 τῶν
1684 253 1855 312 ἄλλων
1893 266 1993 314 τῶν

332 344 616 410 παρεόντων
656 340 921 407 Ἑλλήνων
957 343 1008 396 ἐς
1044 341 1286 409 Ἐρυθρὰς
1320 341 1603 411 ταχθέντες,
1634 343 1749 398 τοὺς
1786 343 1993 409 τοξότας

332 427 711 494 προσελόμενοι.
800 425 1100 495 μαχομένων
1152 425 1207 478 δέ
1257 432 1434 493 σφεων
1486 427 1566 478 ἐπὶ
1615 427 1802 494 χρόνον
1847 427 1992 483 τέλος

331 512 523 564 τοιόνδε
554 509 752 578 ἐγένετο
782 514 869 576 τῆς
897 509 1078 578 μάχης·
1124 510 1558 577 προσβαλλούσης
1581 514 1667 575 τῆς
1691 512 1841 564 ἵππου
1867 514 1990 564 κατὰ

330 595 480 648 τέλεα
519 597 545 646 6
591 596 880 647 Μασιστίου
921 593 1150 663 πριέχων
1192 600 1290 646 τῶν
1336 594 1508 646 ἄλλων
1550 596 1700 649 ἵππος
1742 594 1992 661 βάλλεται

329 679 590 746 τοξεύματι
636 682 698 731 τὰ
746 677 950 745 πλευρά,
998 677 1227 746 ἀλγήσας
1275 681 1328 731 δὲ
1375 679 1578 730 ἵσταταί
1618 700 1672 731 τε
1718 679 1863 746 ὀρθὸς
1913 682 1992 733 καὶ

331 765 620 816 ἀποσείεται
649 763 735 816 τὸν
767 763 1075 815 Μασίστιον.
1162 763 1371 816 πεσόντι
1405 765 1459 815 δὲ
1493 762 1621 833 αὐτῷ
1658 764 1705 815 οἱ
1735 762 1992 829 Ἀθηναῖοι

329 848 504 900 αὐτίκα
533 846 784 901 ἐπεκέατο.
871 847 959 899 τόν
995 869 1049 899 τε
1080 846 1136 911 δὴ
1175 848 1325 900 ἵππον
1364 846 1512 898 αὐτοῦ
1549 845 1872 912 λαμβάνουσι
1909 850 1992 902 καὶ

329 931 478 984 αὐτὸν
535 932 841 997 ἀμυνόμενον
901 933 1164 991 κτείνουσι,
1220 930 1323 983 κατ’
1383 932 1542 1000 ἀρχὰς
1599 932 1655 983 οὐ
1714 931 1986 998 δυνάμενοι.

2013 533 2036 574 ‘n

2015 944 2063 981 1'0

329 1015 662 1068 ἐνεσκεύαστο
692 1018 787 1083 γὰρ
817 1017 985 1069 οὕτως·
1033 1015 1170 1069 ἐντὸς
1207 1015 1404 1082 θώρηκα
1443 1015 1550 1083 εἶχε
1586 1015 1804 1084 χρύσεον
1843 1023 2018 1070 λεπιυ

328 1101 500 1161 δωτόν,
515 1100 786 1166 κατύπερθε
806 1103 858 1152 δὲ
877 1104 962 1151 τοῦ
982 1100 1198 1165 θώρηκος
1219 1103 1402 1152 κιθῶνα
1421 1100 1675 1167 φοινίκεον
1695 1101 1987 1154 ἐνεδεδύκεε.

328 1185 594 1238 τύπτοντες
636 1187 691 1237 δὲ
739 1186 790 1238 ἐς
835 1183 921 1236 τὸν
968 1184 1165 1250 θώρηκα
1211 1185 1409 1236 ἐποίευν
1455 1182 1613 1243 οὐδέν,
1659 1184 1774 1250 πρίν
1823 1206 1882 1252 γε
1927 1184 1987 1250 δὴ

327 1269 499 1334 μαθών
528 1290 603 1322 τις
633 1267 689 1320 τὸ
721 1269 1012 1333 ποιεύμενον
1044 1269 1179 1320 παίει
1207 1290 1292 1333 μιν
1319 1270 1368 1322 ἐς
1398 1267 1484 1320 τὸν
1505 1269 1788 1335 ὀφθαλμόν.
1860 1269 1987 1320 οὕτω

328 1353 388 1418 δὴ
419 1352 574 1405 ἔπεσέ
595 1374 649 1405 τε
681 1355 758 1404 καὶ
782 1351 1015 1405 ἀπέθανε.
1089 1357 1242 1403 ταῦτα
1271 1351 1326 1404 δέ
1357 1373 1452 1406 κως
1480 1352 1719 1419 γινόμενα
1747 1351 1989 1418 ἐλελήθεε

328 1437 442 1491 τοὺς
471 1437 655 1491 ἄλλους
694 1436 889 1491 ἱππέας·
938 1436 1051 1488 οὔτε
1087 1438 1183 1503 γὰρ
1213 1437 1437 1489 πεσόντα
1470 1457 1555 1501 μιν
1596 1436 1727 1488 εἶδον
1766 1436 1865 1489 ἀπὸ
1901 1441 1989 1489 τοῦ

328 1522 478 1574 ἵππου
519 1522 632 1574 οὔτε
671 1518 1068 1593 ἀποθνῄσκοντα,
1113 1519 1463 1589 ἀναχωρήσιός
1507 1542 1562 1572 τε
1601 1519 1864 1587 γινομένης
1906 1522 1987 1574 καὶ

326 1607 652 1672 ὑποστροφῆς
680 1605 768 1657 οὐκ
800 1606 983 1671 ἔμαθον
1013 1604 1070 1656 τὸ
1099 1605 1379 1673 γινόμενον.
1465 1606 1630 1657 ἐπείτε
1659 1607 1712 1657 δὲ
1742 1604 1984 1671 ἔστησαν,

326 1689 497 1742 αὐτίκα
527 1691 794 1749 ἐπόθεσαν,
822 1691 897 1744 >ὥς
931 1696 1096 1757 σφεας
1131 1689 1292 1743 οὐδεὶς
1327 1687 1388 1754 ἧν
1419 1690 1445 1739 6
1475 1689 1699 1741 τάσσων·
1743 1690 1986 1755 μαθόντες

323 1776 377 1826 δὲ
401 1774 458 1826 τὸ
481 1775 704 1842 γεγονός,
731 1773 1172 1839 διακελευσάμενοι
1202 1773 1418 1839 ἤλαυνον
1441 1773 1555 1827 τοὺς
1585 1774 1764 1828 ἵππους
1785 1773 1983 1834 πάντες,

325 1858 390 1913 ὡς
426 1858 487 1911 ἂν
527 1859 615 1910 τόν
655 1880 714 1926 γε
752 1858 926 1926 νεκρὸν
968 1860 1246 1911 ἀνελοίατο.
1336 1859 1523 1911 ἰδόντες
1562 1860 1615 1909 δὲ
1657 1860 1703 1910 οἱ
1732 1857 1986 1922 Ἀθηναῖοι

325 1942 487 1996 οὐκέτι
532 1944 655 1995 κατὰ
697 1942 847 1996 τέλεα
891 1942 1325 2010 προσελαύνοντας
1364 1942 1478 1995 τοὺς
1519 1941 1697 1996 ἱππέας
1738 1941 1854 1994 ἀλλ’
1884 1941 1986 2007 ἅμα

324 2026 527 2087 πάντας,
560 2026 650 2092 τὴν
680 2027 843 2092 ἄλλην
875 2047 1114 2094 στρατιην
1146 2010 1490 2092 ἐπεβώσαντο.
1565 2028 1619 2077 ἐν
1650 2023 1687 2096 ᾧ
1709 2028 1808 2079 δὲ“
1785 2048 1811 2077 ο
1839 2026 1986 2092 πεζὸς

325 2110 453 2165 ἅπας
477 2110 767 2176 ἐπεβοήθεε,
788 2114 841 2164 ἐν
865 2112 1020 2181 τούτῳ
1040 2110 1175 2180 μάχη
1199 2109 1315 2175 ὀξέα
1338 2111 1449 2177 περὶ
1473 2114 1560 2161 τοῦ
1583 2115 1757 2177 νεκροῦ
1778 2112 1983 2177 γίνεται.

326 2196 416 2249 ἕως
445 2194 538 2260 μέν
569 2217 656 2248 νυν
685 2200 860 2261 μοῦνοι
890 2194 1021 2259 ἦσαν
1053 2198 1098 2247 οἱ
1129 2195 1420 2260 τριηκόσιοι,
1447 2194 1695 2247 ἑσσοῦντό
1715 2215 1768 2246 τε
1793 2193 1984 2246 πολλὸν

326 2279 407 2331 καὶ
429 2278 514 2332 τὸν
539 2279 713 2346 νεκρὸν
737 2279 1027 2332 ἀπέλειπον·
1076 2279 1141 2333 ὡς
1165 2277 1219 2330 δέ
1243 2285 1342 2345 σφι
1360 2277 1417 2329 τὸ
1435 2281 1628 2343 πλῆθος
1647 2276 1982 2344 ἐπεβοήθησε,

323 2364 449 2415 οὕτω
490 2363 548 2428 δὴ
589 2362 754 2416 οὐκέτι
797 2366 845 2416 οἱ
889 2364 1094 2416 ἱππόται
1136 2361 1398 2428 ὑπέμενον,
1431 2361 1544 2414 οὐδέ
1588 2369 1686 2430 σφι
1731 2361 1984 2429 ἐξεγένετο

324 2446 411 2499 τὸν
438 2447 614 2514 νεκρὸν
644 2446 931 2506 ἀνελέσθαι,
965 2449 1100 2500 ἀλλὰ
1134 2445 1257 2514 πρὸς
1290 2447 1458 2516 ἐκείνῳ
1496 2445 1683 2500 ἄλλους
1712 2446 1980 2512 προσαπώ-

383 2599 401 2624 Ι
430 2586 638 2637 Λάμπονος
659 2586 700 2624 R
884 2600 909 2625 2
939 2605 984 2628 τε
1006 2600 1088 2626 om.
1116 2586 1152 2623 R
1171 2585 1252 2625 SV
1445 2598 1469 2634 5
1502 2585 1660 2636 ἐγίνετο
1680 2585 1714 2624 C
1826 2585 1890 2626 ἐπὶ
1909 2587 1984 2634 τῆς

324 2639 364 2679 Α
378 2642 412 2680 Β
428 2642 462 2680 C
477 2642 543 2679 Ριιι
651 2641 965 2693 προσβαλούσης
988 2641 1021 2679 Ρ
1035 2641 1074 2679 R
1087 2640 1124 2678 V
1276 2653 1298 2689 7
1328 2657 1375 2680 τε
1396 2653 1477 2680 om.
1506 2639 1538 2677 P
1552 2640 1591 2677 R
1607 2639 1637 2678 S
1650 2639 1688 2677 V
1833 2652 1860 2689 9
1890 2640 1982 2680 ἀπε-

326 2695 509 2737 ne‘oeroR
615 2693 1240 2744 τεδὴΗνεδὲδὴὸεδὲΡ·
1272 2693 1479 2742 δὴΑΒΟ
1595 2706 1643 2731 12
1670 2692 1986 2745 xvrdmaRSV

326 2751 526 2801 φοινίκεὸν
552 2751 589 2789 R
704 2750 908 2791 ἐνδεδύκεε
933 2749 1066 2787 RSV
1218 2762 1266 2798 19
1295 2748 1423 2799 τάξων
1445 2748 1714 2786 Herwerden
1853 2761 1902 2786 21
1933 2764 1985 2799 γε

327 2818 408 2844 om.
431 2804 471 2842 A
485 2805 519 2843 B
537 2805 570 2843 C
587 2804 621 2843 P
822 2817 874 2842 22
904 2804 1014 2844 ἀλλὰ
1034 2802 1188 2845 πάντας
1207 2802 1246 2839 Α
1261 2802 1294 2841 Β
1310 2802 1343 2840 C
1361 2802 1394 2840 P
1571 2814 1623 2850 24
1654 2804 1828 2850 ἐβώθεεν
1850 2801 1886 2839 R
1903 2764 1964 2841 5,γ
1946 2801 1985 2839 V

327 2860 432 2911 ὀξεια
463 2859 497 2897 L
660 2859 820 2909 ἐγίνετο
851 2859 890 2897 R
905 2858 987 2897 SV
1206 2858 1259 2896 26
1299 2855 1494 2896 ἀπέλιπον
1525 2855 1564 2894 R
1579 2855 1662 2895 SV
1817 2857 1983 2906 ἐπεβοή-

329 2919 454 2962 θησαν
475 2914 505 2954 S
526 2928 535 2952 ε
565 2931 654 2968 -σεν
676 2913 715 2952 R
728 2912 767 2951 V
931 2912 985 2951 28
1014 2911 1328 2965 προσαπόλεσαν
1349 2910 1388 2948 R
1403 2909 1433 2948 S
1449 2909 1485 2948 V

2015 1374 2062 1416 15

2012 1797 2063 1824 20

2010 2216 2058 2257 25
