2132 3340
22 96 109 148 VI.
137 97 221 146 116
882 95 1311 144 HPOAOTOT

38 226 434 278 ηίῦιὺιτούτου
475 226 919 293 ἀνακωχεύσαντες
957 227 1045 279 τὰς
1085 224 1199 281 νέας
1239 226 1492 279 ἀπέπλεον
1536 219 1697 279 ὀπίσω
1739 223 1798 282 ἐς
1829 228 1920 293 τὴν

41 300 51 309 ’
146 319 224 370 117
261 309 458 375 Ἀσίην.
549 309 603 362 ἐν
632 309 782 382 ταύτῃ
826 317 887 383 τῇ
931 309 987 362 ἐν
1031 313 1304 377 Μαραθῶνι
1346 310 1484 383 μάχῃ
1529 310 1780 364 ἀπέθανον
1821 317 1920 365 τῶν

261 393 540 461 βαρβάρων
592 395 716 445 κατὰ
767 386 1142 463 ἑξακισχιλίους
1193 396 1273 448 καὶ
1322 397 1673 463 τετρακοσίους
1694 392 1918 463 -υδρας,

262 478 538 541 Ἀθηναίων
570 480 623 530 δὲ
655 478 831 531 ἑκατὸν
863 479 943 530 καὶ
980 477 1277 545 ἐνενήκοντα
1313 480 1392 532 καὶ
1425 481 1527 532 δύο.
1615 480 1802 532 ἔπεσον
1828 483 1921 547 ’μὲν

196 579 222 611 2
260 562 556 630 ἀμφοτέρων
600 567 849 615 τοσοῦτοι·
904 562 1162 628 συνήνεικε
1202 567 1255 617 δὲ
1296 564 1466 617 αὐτόθι
1506 568 1645 630 θῶμα
1683 564 1922 632 γενέσθαι
1943 588 1967 629 5

260 648 467 706 τοιόνδε,
502 647 771 712 Ἀθηναῖον
802 647 956 715 ἄνδρα
984 647 1255 714 Ἐπίζηλον
1284 649 1373 724 τὸν
1406 642 1830 726 Κουφαγόρεωῇἐν
1860 657 1922 722 τῇ

260 722 501 791 συστάσι)
531 732 819 800 μαχόμενόν
864 753 918 784 τε
967 733 1045 784 καὶ
1090 732 1244 800 ἄνδρα
1286 734 1549 800 γινόμενον
1592 733 1780 800 ἀγαθὸν
1822 740 1924 786 τῶν

259 816 492 881 ὀμμάτων
517 819 833 883 στερηθῆναι,
861 816 972 869 οὔτε
995 815 1253 884 πληγέντα
1281 817 1424 870 οὐδὲν
1445 822 1532 869 τοῦ
1556 819 1785 883 σώματος
1807 818 1920 870 οὔτε

257 900 531 965 βληθέντα,
575 901 654 953 καὶ
694 900 751 954 τὸ
789 899 971 954 λοιπὸν
1009 905 1097 967 τῆς
1143 902 1255 967 ζόης
1297 899 1571 955 διατελέειν
1583 895 1713 1003 (ἀπὸ
1744 902 1922 955 τούτου

194 1004 220 1046 3
258 989 344 1036 τοῦ
375 963 733 1069 χρόνουλεόντα
763 984 974 1054 τυφλόν.
1049 985 1221 1053 λέγειν
1243 988 1298 1038 δὲ
1320 985 1470 1038 αὐτὸν
1492 1007 1604 1053 περι
1627 1007 1713 1037 του
1737 985 1997 1090 πάθεος)ο

258 1068 449 1133 ἥκουσα
480 1070 673 1122 τοιόνδε
703 1071 813 1122 τινὰ
841 1077 1014 1137 λογον,
1045 1091 1106 1122 αν
1137 1091 1200 1137 ρα
1228 1072 1275 1123 οἱ
1310 1069 1503 1123 δοκέειν
1540 1071 1752 1135 ὁπλίτην
1783 1071 1918 1123 ἀντι·-

259 1156 439 1218 στῆναι
467 1153 641 1221 μέγαν,
676 1158 762 1206 τοῦ
798 1153 857 1206 τὸ
893 1069 1272 1221 γένειονξτην’
1247 1154 1439 1207 ἀσπίδα
1474 1135 1919 1219 πᾶσανάσκιάζειν·

34 1244 155 1333 &xm
258 1237 315 1289 τὸ
346 1240 399 1290 δὲ
433 1237 615 1306 φάσμα
651 1243 794 1290 τοῦτο
826 1242 1009 1291 ἑωυτὸν
1037 1241 1130 1304 μὲν
1168 1238 1507 1306 παρεξελθεῖν,
1537 1238 1626 1291 τὸν
1657 1242 1710 1292 δὲ
1740 1242 1923 1291 ἑωυτοῦ

0 1303 70 1365 W?
259 1322 582 1390 παραστάτην
606 1323 908 1376 ἀποκτεῖναι.
970 1327 1136 1376 ταῦτα
1163 1325 1256 1390 μὲν
1287 1323 1344 1389 δὴ
1369 1323 1641 1389 Ἐπίζηλον
1669 1323 1923 1390 ἐπυθόμην

258 1406 442 1474 λέγειν.
518 1449 525 1456 .
1947 1431 1995 1472 15

141 1494 221 1541 118
346 1494 499 1546 Δᾶτις
544 1495 598 1544 δὲ
643 1493 972 1559 πορευόμενος
1014 1492 1115 1559 ἅμα
1153 1499 1222 1565 τῷ
1264 1484 1459 1564 στρατῷ
1500 1495 1552 1548 ἐς
1591 1492 1682 1557 τὴν
1722 1493 1920 1558 Ἀσίην,

255 1577 423 1628 ἐπείτε
465 1575 663 1643 ἐγένετο
709 1579 763 1629 ἐν
810 1579 1039 1647 Μυκόνῳ,
1082 1578 1182 1631 εἶδε
1223 1581 1347 1645 ὄψιν
1394 1580 1447 1630 ἐν
1489 1583 1556 1648 τῷ
1600 1579 1754 1648 ὕπνῳ.
1843 1578 1923 1630 καὶ

258 1659 366 1724 ἥτις
404 1662 495 1725 μὲν
535 1660 595 1726 ἦν
633 1661 841 1728 ἡ-ὄψις,
875 1662 932 1714 οὗ
970 1661 1188 1729 λέγεται,
1234 1664 1260 1713 ὁ
1300 1661 1371 1726 δέ,
1406 1662 1471 1716 ὡς
1510 1661 1663 1729 ἡμέρη
1705 1661 1923 1730 τάχιστα

260 1742 542 1812 ἐπέλαμψε,
568 1744 772 1811 ζήτησιν
797 1745 1018 1799 ἐποιέετο
1041 1751 1141 1799 τῶν
1164 1752 1305 1806 νεῶν,
1330 1747 1485 1812 εὑρὼν
1509 1749 1562 1798 δὲ
1588 1748 1642 1799 ἐν
1666 1739 1920 1817 Φοινίσσῃ

261 1824 377 1895 [νηὶ]
408 1827 611 1895 ἄγαλμα
643 1829 971 1885 ’Λπόλλωνος
1003 1830 1384 1899 κεχρυσωμένον
1416 1828 1717 1883 ἐπυνθάνετο
1747 1831 1921 1881 ὁκόθεν
1947 1851 1996 1879 20

263 1911 608 1978 σεσυλημένον
654 1916 745 1979 εἵη,
788 1916 1064 1980 πυθόμενος
1103 1918 1157 1968 δὲ
1197 1914 1256 1980 ἐξ
1295 1916 1351 1967 οὗ
1398 1915 1459 1980 ἦν
1504 1917 1625 1982 ἱροῦ,
1669 1915 1819 1967 ἔπλεε
1862 1921 1922 1986 τῇ

195 2012 221 2044 2
261 1999 442 2049 ἑωυτοῦ
470 1997 550 2062 νηὶ
581 1999 631 2051 ἐς
657 2002 847 2063 Δῆλον·
896 1999 977 2050 καὶ
1008 2000 1218 2051 ἀπίκατο
1247 2001 1343 2067 γὰρ
1373 2003 1640 2064 τηνικαῦτα
1661 2001 1708 2051 οἱ
1740 1996 1923 2063 Δήλιοι

260 2081 422 2132 ὀπίσω
455 2083 505 2135 ἐς
533 2081 623 2146 τὴν
654 2086 828 2147 νῆσον,
864 2084 1181 2135 κατατίθεταί
1210 2105 1264 2136 τε
1303 2086 1352 2137 ἐς
1392 2083 1449 2135 τὸ
1486 2082 1592 2150 ἱρὸν
1630 2082 1687 2134 τὸ
1720 2081 1923 2149 ἄγαλμα

262 2165 341 2216 καὶ
393 2163 680 2218 ἐντέλλεται
728 2172 862 2219 τοῖσι
909 2168 1148 2232 Δηλίοισι
1198 2169 1479 2234 ἀπαγαγεῖν
1524 2165 1581 2218 τὸ
1625 2165 1828 2233 ἄγαλμα
1870 2166 1922 2219 ἐς
1961 2159 1963 2161 v

262 2247 454 2313 Δήλιον
497 2248 555 2301 τὸ
600 2251 862 2315 Θηβαίων·
921 2250 979 2302 τὸ
1023 2251 1065 2302 δ’
1108 2251 1219 2303 ἔστι
1263 2252 1345 2304 ἐπὶ
1389 2249 1627 2322 θαλάσσῃ
1672 2250 1922 2303 Χαλκίδος
1947 2269 1996 2312 25

196 2354 224 2397 3
263 2335 538 2386 καταντίον.
615 2338 770 2388 Δᾶτις
798 2337 890 2399 μὲν
921 2335 980 2399 δὴ
1012 2340 1164 2386 ταῦτα
1195 2334 1541 2401 ἐντειλάμενος
1571 2332 1807 2392 ἀπέπλεε,
1833 2332 1922 2385 τὸν

260 2420 314 2469 δὲ
358 2416 625 2484 ἀνδριάντα
668 2423 844 2470 τοῦτον
887 2417 1071 2483 Δήλιοι
1111 2420 1199 2472 οὐκ
1244 2418 1519 2486 ἀπήγαγον,
1564 2416 1698 2469 ἀλλά
1735 2438 1820 2483 μιν
1859 2417 1921 2468 δι’

261 2498 412 2554 ἐτέων
442 2503 603 2554 ε’ίκοσι
635 2505 860 2568 Θηβαῖοι
895 2503 1035 2555 αὐτοὶ
1076 2504 1131 2554 ἐκ
1171 2504 1468 2570 θεοπροπίου
1506 2502 1802 2568 ἐκομίσαντρ
1841 2502 1923 2553 ἐπὶ

321 2654 338 2680 1
373 2639 589 2682 ἀπέπλωον
612 2640 651 2679 R
663 2639 702 2678 V
822 2653 846 2689 4
877 2653 942 2690 pr.
963 2641 1028 2682 καὶ
1049 2652 1131 2680 om.
1158 2640 1191 2680 P
1206 2640 1245 2679 R
1261 2641 1290 2680 S
1303 2641 1341 2679 V
1453 2640 1719 2689 ἐννενήκοντα
1738 2640 1771 2678 Ρ
1786 2639 1823 2677 R
1840 2639 1870 2678 S
1883 2639 1923 2678 V

263 2709 287 2745 5
317 2695 471 2737 τοιόνδε
491 2695 680 2748 ’γενέσθαι
703 2695 736 2733 Ρ
754 2693 793 2732 R
808 2694 838 2734 S
851 2694 890 2733 V
1075 2708 1096 2744 7
1132 2695 1327 2736 συστάσει
1350 2695 1383 2733 L
1563 2708 1591 2744 9
1622 2692 1721 2744 ζωης
1742 2694 1776 2732 Β
1794 2694 1827 2732 C
1841 2694 1871 2732 S
1884 2694 1923 2732 V

266 2763 392 2789 10-11
423 2753 579 2798 ἥκουσα
597 2755 696 2789 ante
717 2751 803 2802 περὶ
827 2749 912 2787 PR
926 2749 1009 2788 SV
1122 2763 1170 2798 17
1203 2750 1362 2802 ἐγίνετο
1385 2750 1423 2788 R
1438 2748 1475 2787 V
1593 2761 1643 2798 19
1672 2747 1866 2800 διέλαμψε
1887 2747 1921 2786 C

265 2817 339 2854 19
324 2817 398 2843 ρο
427 2806 489 2853 νηι
505 2810 604 2844 ante
619 2802 996 2857 ΦοινίσσῃΑΒΟε
1027 2817 1109 2844 om.
1128 2804 1247 2844 Suid.
1268 2817 1303 2845 s.
1316 2817 1354 2843 v.
1374 2807 1498 2844 Δᾶτις
1622 2815 1670 2840 21
1702 2801 1921 2852 πειθόμενος

264 2859 303 2896 R
316 2859 355 2896 V
463 2871 517 2909 23
546 2859 650 2912 ἱερὸν
663 2857 703 2897 Α
813 2871 866 2907 24
896 2859 986 2899 καὶ.
1005 2859 1235 2911 ..ἄγαλμα
1252 2871 1336 2899 om.
1358 2858 1393 2897 Β
1407 2858 1437 2897 S
1452 2856 1491 2896 V
1602 2868 1654 2906 25
1683 2860 1862 2905 Θηβαῖον
1883 2853 1919 2895 Β

260 2913 486 2961 Χαλκίδεος
505 2912 546 2951 Α
557 2911 595 2952 Β
1776 2931 1780 2935 ,

237 3022 263 3059 ⁹)
298 3007 593 3060 “UO‘TKSOE’
598 2987 706 3050 <25
731 3046 734 3049 ι
757 2997 947 3072 fflwstd
980 2995 1046 3040 c'lo
1031 2983 1163 3075 οςόέ
