2132 3340
744 97 1121 146 ΙΣΤΟΡΙΩΝ
1182 98 1203 144 Ι
1852 97 1940 146 ΙΧ.
1973 98 2041 148 86

138 228 196 281 οὗ
223 228 548 296 βουλομένων
577 233 630 282 δὲ
661 234 760 282 τῶν
786 229 1032 295 Θηβαίων
1057 230 1302 282 ἐκδιδόναι
1331 227 1422 295 τήν
1446 250 1501 281 τε
1530 230 1625 296 γῆν
1647 226 1809 280 αὐτῶν

139 313 353 380 ἔταμνον
403 314 483 366 καὶ
535 313 899 381 προσέβαλλον
943 313 1065 381 πρὸς
1107 313 1165 366 τὸ
1207 320 1393 383 τεῖχος.
1485 314 1562 365 καὶ
1608 313 1665 365 οὐ
1709 313 1806 380 γὰρ
1845 323 1908 384 87

139 398 382 451 ἐπαύοντο
418 399 688 464 σινόμενοι,
728 399 927 471 εἰκοστῇ
964 397 1120 470 ἡμέρῃ
1165 397 1307 463 ἔλεξε
1346 403 1481 451 τοῖσι
1523 398 1806 463 Θηβαίοισι

136 484 468 550 Τιμηγενίδης
505 482 638 535 τάδε·
676 475 1164 550 Ἀνδρες”Θηβαῖοι,
1206 483 1374 548 ἐπειδὴ
1411 484 1538 535 οὕτω
1581 481 1805 534 δέδοκται

91 585 114 626 5
138 571 272 620 τοῖσι
298 565 545 632 “Ελλησι,
584 567 651 633 μὴ
689 568 932 635 πρότερον
971 569 1322 633 ἀπαναστῆναι
1357 566 1743 634 πολιορκέοντας
1772 562 1803 631 ἢ

139 650 353 717 ἐξέλωσι
392 650 576 717 Θήβας
611 647 642 716 ἢ
677 651 831 717 ἡμέας
868 651 1064 703 αὐτοῖσι
1105 657 1380 719 παραδῶτε,
1412 658 1499 706 νῦν
1534 649 1602 704 ὧν
1638 650 1805 717 ἡμέων

138 737 302 789 εἵνεκα
330 739 393 804 γῆ
423 736 453 802 ἡ
487 737 697 802 Βοιωτίη
730 736 867 789 πλέω
903 736 980 802 μὴ·
1006 737 1295 810 ἀναπλήσῃ,
1329 736 1445 790 ἀλλ’
1476 739 1519 789 εἰ
1558 739 1650 802 μὲν
1678 758 1801 805 χρη·
1843 753 2087 824 zauflor,

135 820 306 887 μάτων
350 822 636 889 χρηίζοντες
679 822 954 889 πρόσχημα
1001 821 1157 887 ἡμέας
1209 820 1530 887 ἐξαιτέονται,
1573 819 1805 889 χρήματά

138 912 237 973 σφι
267 909 426 972 δῶμεν
457 907 512 957 ἐκ
541 911 628 958 τοῦ
661 910 826 958 κοινοῦ
846 906 961 972 (σὺν
990 908 1088 975 γὰρ
1111 911 1177 957 τῶ
1211 912 1356 978 κοινῷ
1389 908 1468 959 καὶ
1499 908 2132 982 ἐμηδίσαμενκήκῳωιω

68 1012 115 1039 ιο
137 990 249 1043 οὐδὲ
283 995 459 1056 μοῦνοι
494 987 666 1056 ἡμεῖς),
700 992 744 1043 εἶ
779 994 832 1043 δὲ
871 990 1037 1056 ἡμέων
1071 990 1300 1057 ἀληθέως
1339 992 1565 1057 δεόμενοι
1604 997 1805 1059 πολιορ·
1838 961 2132 1029 *vum*

139 1074 321 1134 κέουσι,
348 1075 488 1140 ἡμεῖς
509 1074 664 1141 ἡμέας
692 1076 870 1130 αὐτοὺς
895 1077 944 1130 ἐς
967 1077 1258 1144 ἀντιλογίην
1282 1075 1575 1144 παρέξομεν.
1653 1074 1806 1143 κάρτα
1840 1083 2132 1154 8*de

136 1181 190 1212 τε
221 1158 359 1224 ἔδοξε
391 1159 443 1211 εὖ
473 1158 643 1227 λέγειν
673 1161 754 1212 καὶ
786 1162 838 1215 ἐς
877 1161 1063 1228 καιρόν,
1096 1161 1270 1214 αὐτίκα
1303 1183 1359 1213 τε
1391 1161 1805 1228 ἐπεκηρυκεύοντο
1954 1145 2083 1188 ‘7⁸⁸⁰'
2113 1180 2124 1190 ·

138 1244 259 1311 πρὸς
283 1246 581 1310 Παυσανίην
603 1247 650 1298 οἱ
675 1248 901 1311 Θηβαῖοι
931 1244 1166 1300 θέλοντες
1191 1246 1434 1298 ἐκδιδόναι
1464 1245 1578 1300 τοὺς
1606 1245 1803 1313 ἄνδρας.

138 1329 203 1383 ὡς
232 1332 285 1382 δὲ
316 1329 653 1396 ὡμολόγησαν
685 1330 766 1382 ἐπὶ
797 1330 1037 1389 τούτοισι,
1065 1330 1360 1398 Ἀτταγῖνος
1382 1333 1474 1397 μὲν
1498 1329 1805 1398 ἐκδιδρήσκει
1843 1334 1909 1383 88

67 1433 112 1474 ¹5
138 1415 192 1465 ἐκ
241 1419 328 1465 τοῦ
379 1413 572 1473 ἄστεος,
625 1418 803 1468 παῖδας
850 1417 904 1467 δὲ
950 1414 1099 1467 αὐτοῦ
1151 1414 1467 1484 ἀπαχθέντας
1513 1416 1806 1479 Παυσανίης

137 1497 359 1551 ἀπέλυσε
390 1502 478 1564 τῆς
514 1499 689 1564 αἰτίης,
722 1501 823 1566 φὰς
863 1504 950 1551 τοῦ
988 1503 1239 1566 μηδισμοῦ
1278 1504 1471 1570 παῖδας,
1496 1500 1638 1553 οὐδὲν
1677 1500 1806 1552 εῖναι

136 1584 428 1649 μεταιτίους.
518 1583 633 1637 τοὺς
692 1586 745 1635 δὲ
806 1583 992 1639 ἄλλους
1056 1583 1237 1652 ἄνδρας
1299 1585 1413 1638 τοὺς
1466 1584 1706 1650 ἐξέδοσαν
1756 1587 1803 1636 οἱ

139 1671 381 1733 Θηβαῖοι,
430 1670 476 1720 οἱ
520 1671 610 1733 μὲν
658 1669 858 1720 ἐδόκεον
903 1670 1190 1736 ἀντιλογίης
1241 1691 1295 1721 τε
1340 1668 1575 1737 κυρήσειν
1622 1669 1700 1720 καὶ
1746 1669 1802 1733 δὴ

138 1750 363 1820 χρήμασι
401 1753 735 1805 ἐπεποίθεσαν
772 1754 1063 1822 διώσςσθαι·
1112 1755 1137 1804 6
1174 1757 1227 1806 δὲ
1264 1754 1330 1807 ὡς
1369 1752 1646 1820 παρέλαβε,
1682 1754 1804 1805 αὐτὰ
1817 1737 2132 1833 η,τῆνοῗιτ(7ι

67 1857 117 1884 20
139 1840 291 1888 ταῦτα
325 1834 576 1888 ὑπονοέων
617 1836 710 1901 τὴν
741 1837 982 1904 στρατιὴν
1022 1837 1112 1903 τὴν
1148 1843 1245 1890 τῶν
1284 1837 1562 1906 συμμάχων
1603 1837 1805 1890 ἅπασαν

140 1921 300 1984 ἀπῆκε
333 1920 410 1972 καὶ
442 1921 659 1975 ἐκείνους
689 1922 893 1989 ἀγαγὼν
925 1923 974 1976 ἐς
1007 1923 1252 1989 Κόρινθον
1283 1920 1550 1990 διέφθειρε.

220 2008 390 2056 Ταῦτα
440 2007 531 2071 μὲν
584 2007 645 2057 τὰ
698 2007 752 2058 ἐν
804 2010 1094 2080 Πλαταιῇσι
1134 2004 1226 2060 Ακαὶ
1278 2007 1494 2080 Θήβῃσι
1544 2009 1801 2075 γενόμενα·

140 2089 450 2156 Ἀρτάβαζος
490 2093 543 2142 δὲ
575 2091 601 2141 ὁ
638 2090 925 2158 Φαρνάκεος
967 2092 1168 2159 φεύγων
1205 2094 1258 2143 ἐκ
1295 2092 1597 2144 Πλαταιέων
1634 2094 1710 2144 καὶ
1744 2092 1802 2156 δὴ
1842 2093 1913 2153 89

140 2175 311 2240 πρόσω
338 2175 545 2241 ἐγίνετο.
619 2176 921 2241 ἀπικόμενον
946 2176 1001 2227 δέ
1021 2198 1106 2241 μιν
1125 2179 1171 2229 οἱ
1193 2178 1462 2228 Θεσσαλοὶ
1484 2180 1616 2243 παρὰ
1640 2177 1805 2244 σφέας

68 2278 115 2318 25
141 2259 228 2310 ἐπί
254 2280 308 2310 τε
339 2257 497 2323 ξείνια
527 2259 737 2311 ἐκάλεον
770 2260 849 2311 καὶ
881 2261 1159 2327 ἀνειρώτων
1191 2262 1302 2327 περὶ
1338 2265 1424 2325 τῆς
1454 2264 1689 2327 στρατιῆς
1718 2265 1805 2326 τῆς

139 2341 315 2408 ἄλλης,
363 2343 505 2396 οὐδὲν
556 2344 880 2409 ἐπιστάμενοι
931 2350 1028 2396 τῶν
1075 2348 1128 2397 ἐν
1175 2347 1461 2417 Πλαταιῇσι
1505 2345 1803 2412 γενομένων.

141 2428 167 2478 6
189 2429 243 2480 δὲ
266 2427 577 2494 Ἀρτάβαζος
600 2428 749 2496 γνοὺς
773 2429 864 2487 ὅτι,
890 2430 931 2480 εἰ
951 2428 1116 2481 ἐθέλει
1137 2437 1236 2496 σφι
1259 2433 1429 2482 πᾶσαν
1452 2429 1551 2501 τὴν
1566 2431 1805 2494 ἀληθείην
1845 2445 1872 2477 2

188 2571 218 2604 '2
250 2565 397 2617 ἔταμον
417 2565 468 2605 C¹
581 2565 840 2620 προσέβαλον
862 2567 892 2605 S
1052 2581 1077 2617 3
1106 2567 1328 2618 σινεόμενοι
1354 2568 1391 2606 R
1409 2569 1492 2607 SV
1657 2582 1679 2618 4
1712 2570 1805 2609 οὔτε

141 2620 223 2660 SV
426 2623 453 2659 6
488 2620 611 2671 ἡμέας
651 2620 852 2675 παραδότε
896 2621 1031 2660 RSV
1242 2636 1263 2672 7
1306 2623 1360 2673 εἴ]
1403 2625 1427 2671 ἦ
1470 2623 1533 2662 B:
1575 2625 1625 2672 ἢν
1668 2623 1806 2663 RSV

139 2676 165 2713 8
196 2674 447 2726 ἐξαιτέωνται
471 2676 510 2714 R
525 2677 607 2715 SV
803 2689 852 2716 10
883 2677 1040 2724 ἀληθῶς
1062 2677 1095 2715 C
1295 2690 1336 2715 11
1373 2678 1486 2728 ἡμεῖς
1507 2677 1587 2731 (δὲ)
1611 2678 1806 2727 Krueger

140 2732 196 2771 εἷς
220 2730 310 2768 RV
505 2743 552 2769 12
583 2731 626 2771 εὖ
646 2744 727 2769 om.
751 2731 784 2769 C
984 2744 1031 2781 15
1064 2731 1128 2783 ἐκ]
1154 2733 1215 2772 ἐπὶ
1239 2733 1271 2770 C
1424 2736 1544 2774 αὐτοῦ
1563 2746 1644 2772 om.
1670 2733 1708 2771 R
1724 2733 1805 2772 SV

141 2784 445 2836 ἀναπαχθέντας
465 2786 503 2824 R
593 2798 639 2834 17
663 2787 804 2837 ἄνδρας
817 2786 881 2827 οὓς
899 2785 935 2824 Α
952 2785 985 2823 Β
1003 2786 1036 2824 C
1127 2789 1174 2825 18
1195 2787 1366 2838 κηρήσιν
1386 2787 1424 2826 R
1517 2801 1564 2838 19
1587 2787 1805 2829 ἐπεπύθεον

141 2838 179 2877 Α
196 2839 230 2878 Β
247 2853 254 2879 :
281 2839 498 2880 ἐπεπόθεον
514 2840 547 2878 C
708 2842 918 2881 διώσεσθαι
939 2841 1090 2891 scripsi
1110 2855 1118 2879 ε
1151 2843 1367 2883 διώσασθαι
1387 2842 1425 2880 R
1442 2842 1471 2880 S
1486 2843 1524 2882 V
1543 2857 1552 2882 ε
1575 2842 1804 2884 διωθέεσθαι

141 2894 230 2933 rell.
319 2898 339 2935 6
353 2893 396 2935 δὲ
410 2896 483 2946 ὡς]
498 2894 602 2936 ὡςδὲ
621 2894 657 2932 Α
673 2895 706 2933 Β
722 2895 755 2933 C
867 2908 919 2933 22
942 2895 1231 2947 Πλαταίη(ι)σι
1245 2895 1284 2934 A
1300 2896 1334 2935 B
1352 2896 1442 2935 RV
1553 2911 1605 2946 24
1638 2896 1804 2949 ἐγένετο

143 2947 278 2988 RSV
456 2962 509 3000 25
551 2950 637 2990 ἐπεί
669 2949 808 2988 CRV
959 2949 1067 3002 ξένια
1098 2951 1188 2990 ΑΒ
1366 2952 1419 2990 26
1456 2952 1678 3005 ’γινομένων
1711 2952 1802 2991 ΑΒ

139 3015 190 3051 27
220 3007 241 3044 ὁ
263 3035 271 3045 .
298 3034 306 3043 .
333 3034 342 3044 .
370 3006 535 3057 ἀγώνων
554 3019 634 3044 om.
661 3005 700 3043 R
815 3003 946 3046 ἐθέλοι
971 3006 1005 3043 P
