2034 3328
665 108 1038 157 ΙΣΤΟΡΙΩΝ
1116 110 1153 158 Ε
1797 111 1860 162 V.
1882 124 1946 172 33

74 239 129 292 τί
170 238 340 292 πολλὰ
388 235 661 305 πρήσσεις,·
726 241 878 290 ταῦτα
931 238 1037 292 εἶπε
1091 241 1117 290 6
1166 239 1543 308 Ἀρισταγόρης.
1633 241 1659 291 6
1708 242 1758 292 δὲ

79 322 319 389 θυμωθεὶς
348 321 588 381 τούτοισι,
624 322 689 375 ὣς
721 322 814 388 νὺξ
841 322 1054 389 ἐγένετο,
1090 323 1278 390 ἔπεμπε
1313 326 1364 378 ἐς
1395 323 1568 390 Νάξον
1598 324 1758 395 πλοίῳ

74 406 257 474 ἄνδρας
293 404 585 474 φράσοντας
622 411 756 459 τοῖσι
794 406 1032 473 Ναξίοισι
1073 406 1237 461 πάντα
1275 410 1336 461 τὰ
1375 408 1624 476 παρεόντα
1662 415 1760 476 σφι

76 489 356 559 πρήγματα.
444 493 490 543 οἱ
527 493 622 558 γὰρ
660 487 727 544 ὧν
764 490 946 556 Νάξιοι
985 492 1128 545 οὐδὲν
1163 491 1362 547 πάντως
1397 492 1759 561 προσεδέκοντο
1796 512 1862 562 34

29 601 52 644 5
78 576 160 629 ἐπὶ
208 573 373 643 σφέας
418 574 505 627 τὸν
559 576 744 628 στόλον
791 581 967 629 τοῦτον
1018 575 1343 644 ὁρμήσεσθαι.
1434 578 1540 629 ἐπεὶ
1590 577 1760 643 μέντοι

76 659 335 719 ἐπύθοντο,
375 659 547 712 αὐτίκα
588 662 680 726 μὲν
719 661 1043 725 ἐσηνείκαντο
1085 663 1146 713 τᾶ
1187 663 1239 713 ἐκ
1280 666 1378 714 τῶν
1415 662 1580 729 ἀγρῶν
1619 663 1670 716 ἐς
1703 662 1759 713 τὸ

77 749 262 813 τεῖχος,
289 743 734 812 παρεσκευάσαντο
765 747 819 798 δὲ
854 745 919 799 ὡς
942 746 1394 813 πολιορκησόμενοι
1428 746 1507 798 καὶ
1538 751 1656 798 σῖτα
1680 747 1759 799 καὶ
1833 802 1852 807 ,
1941 799 2034 835 Q

78 827 222 889 ποτά,
262 830 342 882 καὶ
378 832 434 881 τὸ
471 833 638 898 τεῖχος
681 827 945 900 {offam-o.
1035 830 1115 882 καὶ
1153 830 1289 882 οὗτοι
1322 834 1413 897 μὲν
1451 800 1941 898 παρεσκευά-’ίῖψῖ

18 960 29 974 ,
81 914 221 978 ζοντο
259 913 324 968 ὡς
361 912 706 981 παρεσομένου
746 921 846 982 σφι
883 913 1122 980 πολέμου,
1157 917 1203 967 οἱ
1245 914 1288 967 δ’
1319 917 1483 967 ἐπείτε
1519 914 1760 982 διέβαλον

2 1023 52 1052 10
79 1000 134 1051 ἐκ
172 1001 261 1064 τῆς
300 999 426 1051 Χίου
468 1000 555 1053 τὰς
596 998 711 1054 νέας
757 1001 808 1053 ἐς
848 998 939 1064 τὴν
981 998 1172 1064 Νάξον,
1216 999 1339 1067 πρὸς
1378 999 1761 1067 πεφραγμένους

80 1082 460 1151 προσεφέροντο
503 1085 581 1136 καὶ
619 1085 942 1151 ἐπολιόρκεον
971 1087 1129 1150 μῆνας
1159 1084 1420 1152 τέσσερας.
1510 1085 1575 1139 ὡς
1611 1088 1663 1137 δὲ
1698 1084 1760 1137 τά
1799 1098 1824 1143 3

77 1189 132 1221 τε
156 1168 359 1237 ἔχοντες
385 1166 541 1232 ἦλθον
570 1166 802 1237 χρήματα
837 1171 883 1221 οἱ
909 1168 1122 1236 Πέρσαι,
1148 1173 1301 1220 ταῦτα
1333 1168 1762 1234 κατεδεδαπάνητό

79 1259 192 1321 σφι,
226 1252 305 1304 καὶ
342 1252 469 1323 αὐτῷ
506 1258 573 1323 τῷ
609 1252 945 1325 Ἀρισταγόρῃ
977 1255 1419 1320 προσαναισίμωτο
1456 1253 1639 1315 πολλά,
1672 1259 1759 1307 τοῦ

77 1338 292 1392 πλεῦνός
321 1358 375 1390 τε
406 1335 570 1390 ἐδέετο
599 1338 628 1403 ἡ
664 1339 939 1406 πολιορκίη,
968 1339 1177 1389 ἐνθαῦτα
1207 1339 1376 1406 τείχεα
1405 1344 1540 1391 τοῖσι
1563 1337 1757 1406 φυγάσι
1770 1343 1897 1419 scr&

2 1443 49 1485 ¹5
78 1426 177 1474 τῶν
209 1421 413 1488 Ναξίων
443 1421 863 1488 οἰκοδομήσαντες
902 1421 1302 1475 ἀπαλλάσσοντο
1335 1425 1385 1477 ἐς
1414 1423 1505 1488 τὴν
1535 1423 1754 1490 ἤπειρον,

81 1511 240 1561 κακῶς
262 1505 595 1574 πρήσσοντες.
658 1506 1023 1575 Ἀρισταγόρης
1047 1510 1100 1559 δὲ
1123 1507 1210 1559 οὐκ
1234 1507 1341 1576 εἶχε
1363 1507 1454 1572 τὴν
1471 1509 1756 1576 ὑπόσχεσιν
1796 1523 1860 1574 35

77 1595 144 1661 τῷ
176 1590 505 1659 Ἀρταφρένεϊ
536 1591 814 1643 ἐκτελέσαι·
861 1591 963 1657 ἅμα
991 1595 1045 1644 δὲ
1077 1591 1242 1656 ἐπίεζέ
1268 1614 1354 1658 μιν
1383 1593 1412 1657 ἡ
1446 1591 1636 1657 δαπάνη
1668 1595 1756 1657 τῆς

80 1679 313 1743 στρατιῆς
357 1675 705 1742 ἀπαιτεομένη,
748 1675 964 1743 ἀρρώδεέ
1003 1698 1057 1729 τε
1096 1681 1185 1728 τοῦ
1225 1682 1440 1744 στρατοῦ
1479 1675 1755 1744 πρήξαντος
1822 1715 1823 1718 =

79 1765 237 1815 κακῶς
275 1759 354 1812 καὶ
392 1759 675 1833 Μεγαβάτῃ
715 1760 1135 1827 διαβεβλημένος,
1175 1760 1342 1813 ἐδόκεέ
1380 1783 1434 1814 τε
1470 1761 1560 1826 τὴν
1596 1767 1751 1827 βασι·

2 1868 54 1897 20
76 1846 223 1910 ληίην
253 1848 340 1910 τῆς
379 1843 609 1910 Μιλήτου
646 1845 1092 1913 ἀπαιρεθήσεσθαι.
1182 1845 1442 1914 ἀρρωδέων
1478 1849 1531 1898 δὲ
1567 1846 1754 1899 τούτων
1793 1865 1818 1898 2

76 1929 267 1982 ἕκαστα
325 1930 624 1995 ἐβουλεύετο
689 1931 992 1983 ἀπόστασιν·
1058 1929 1332 1983 συνέπιπτε
1381 1933 1479 1998 γὰρ
1532 1931 1610 1982 καὶ
1667 1930 1753 1984 τὸν

76 2013 373 2082 ἐστιγμένον
396 2014 486 2079 τὴν
517 2014 746 2082 κεφαλὴν
777 2016 987 2084 ἀπῖχθαι
1021 2017 1074 2067 ἐκ
1105 2015 1311 2067 Σούσων
1341 2017 1475 2082 παρὰ
1497 2014 1752 2074 Ἱστιαίου,

76 2100 386 2164 σημαίνοντα
415 2100 727 2151 ἀπίστασθαι
750 2099 1115 2167 Ἀρισταγόρην
1146 2098 1245 2151 ἀπὸ
1274 2099 1537 2165 βασιλέος.
1607 2100 1634 2151 6
1658 2101 1754 2167 γὰρ
1792 2113 1817 2157 3

73 2181 310 2237 Ἱστιαῖος
354 2184 666 2249 βουλόμενος
712 2189 779 2254 τῷ
825 2184 1163 2256 Ἀρισταγόρῃ
1210 2187 1428 2250 σημῆναι
1472 2185 1752 2249 ἀποστῆναι
1821 2243 1823 2246 ⁴

2 2288 50 2330 25
75 2265 244 2321 ἄλλως
272 2270 362 2333 μὲν
387 2267 610 2333 οὐδαμῶς
643 2269 750 2336 εἶχε
781 2267 1056 2336 ἀσφαλέως
1088 2271 1304 2335 σημῆναι
1329 2269 1459 2321 ὥστε
1483 2275 1749 2336 φυλασσο-

75 2350 238 2417 μένων
257 2357 356 2404 τῶν
376 2354 516 2412 ὁδῶν,
538 2354 565 2403 6
590 2355 644 2406 δὲ
668 2358 768 2406 τῶν
788 2353 982 2405 δούλων
1002 2352 1089 2406 τὸν
1108 2349 1412 2406 πιστότατον
1433 2351 1751 2421 ἀποξυρήσας

76 2435 166 2501 τὴν
203 2435 430 2504 κεφαλὴν
466 2434 635 2501 ἔστιξε
675 2438 755 2490 καὶ
792 2437 1018 2504 ἀνέμεινε
1055 2439 1306 2505 ἀναφῦναι
1339 2440 1427 2492 τὰς
1462 2439 1650 2507 τρίχας,
1686 2437 1752 2491 ὡς

77 2522 130 2583 δὲ
171 2520 431 2589 ἀνέφυσαν
471 2520 703 2590 τάχιστα,
745 2521 1007 2588 ἀπέπεμπε
1047 2525 1098 2576 ἐς
1136 2523 1368 2588 Μίλητον
1404 2521 1751 2588 ἐντειλάμενος

134 2671 152 2698 1
185 2672 248 2711 pr.
275 2663 297 2701 ὁ
316 2672 398 2700 om.
421 2659 550 2699 PSV
566 2659 604 2698 U
748 2674 773 2709 4
804 2660 918 2702 οὐδέν
938 2659 1016 2714 (τι)
1039 2661 1236 2711 Krueger
1378 2663 1404 2699 8
1432 2662 1498 2702 καὶ
1519 2662 1566 2702 τὸ
1586 2659 1747 2713 τεῖχος]

77 2715 182 2756 κατὰ
210 2713 337 2766 τάχος
369 2714 546 2754 Dietsch
715 2715 936 2768 ἐφράξαντο
964 2715 1144 2765 Hoeger
1312 2715 1639 2769 παρεσκευάδατο
1663 2716 1697 2754 C
1715 2716 1749 2755 P

77 2782 106 2819 9
139 2767 362 2817 διέβαλλον
392 2770 425 2808 C
652 2782 695 2808 11
736 2769 941 2823 τέσσαρας
973 2769 1105 2809 CSV
1332 2784 1380 2809 12
1412 2774 1604 2811 κατεδαπ.
1637 2769 1747 2809 CP:

77 2827 321 2867 καταδεδαπ.
346 2824 376 2864 S
392 2823 431 2862 U
672 2838 720 2874 15
751 2824 1076 2865 ἆπαλλάσσαντο
1096 2823 1136 2862 Α
1378 2827 1425 2864 18
1456 2825 1747 2876 ἀπαιτεουμένη

79 2877 170 2916 VU
391 2891 445 2917 20
474 2879 605 2933 ἀφαιρ.
641 2878 804 2918 SVU:
843 2879 1133 2933 ἇπαιρήσεσθαι
1161 2879 1245 2919 CP
1392 2881 1441 2929 δὴ
1475 2879 1746 2919 Herwerden

79 2944 133 2971 22
179 2931 361 2975 Σουσέων
396 2933 430 2971 L
650 2947 702 2983 24
750 2938 807 2987 τῷ
846 2946 929 2974 om.
973 2933 1008 2973 B
1230 2946 1283 2986 25
1332 2933 1655 2988 φυλασσομένων
1694 2936 1744 2976 d:

81 2986 422 3039 φυλασσομενέων
446 2987 478 3026 L

135 3074 237 3104 nor.
258 3074 304 3103 11.
1557 3067 1584 3110 2
