2132 3340
60 89 174 138 VII.
195 96 291 150 ‘130

263 918 288 961 Q.)

206 1332 286 1366 11

0 2293 313 2348 bum*
499 2337 522 2349 n
689 2337 713 2349 n
773 2334 786 2353 s
967 2323 969 2326 '
1043 2338 1066 2350 n
1224 2337 1247 2349 n
1393 2332 1408 2351 x
1491 2334 1506 2351 x
1614 2331 1631 2350 x
1687 2334 1709 2351 u
1898 2333 1921 2354 φ

99 2336 613 2405 Μ-ςκατευσαι
651 2354 717 2402 τῳ
765 2354 818 2386 εν
860 2338 1118 2400 Δελφοισι
1158 2336 1268 2391 θεω.
1357 2353 1414 2383 το
1450 2353 1543 2397 μεν
1582 2335 1639 2396 δη
1681 2353 1846 2398 ορκιον
1887 2335 1982 2384 ωδε

0 2361 281 2490 *277133
319 2417 425 2485 εἶχε
459 2420 593 2469 τοῖσι
622 2415 865 2482 ὖἘλλησι·
913 2419 961 2470 ἔς
997 2420 1050 2469 δὲ
1085 2414 1294 2481 Ἀθήνας
1335 2416 1420 2468 ’καὶ
1461 2415 1694 2484 Σπάρτην
1733 2416 1820 2468 οὐκ
1859 2415 1978 2468 ἀπέ-

0 2406 49 2442 Μ

0 2449 43 2496 ΙΙ

197 1668 285 1715 132

256 2011 281 2042 2

948 89 1381 153 HROAOTOT

333 218 630 285 κατήκουσα,
657 219 772 272 ἀλλ’
795 220 884 285 ἥδε
912 218 1052 286 αὐτή·
1098 222 1237 289 ὄρεσι
1259 222 1354 289 γὰρ
1378 221 1837 291 περιεστεφάνωται
1859 227 2000 278 πᾶσα

334 305 621 369 Θεσσαλίη.
711 303 908 372 Ξέρξην
943 308 997 358 δὲ
1031 304 1236 373 λέγεται
1269 307 1428 358 εἰπεῖν
1462 306 1586 373 πρὸς
1619 312 1790 360 ταῦτα·
1838 309 1998 376 Σοφοὶ

332 389 505 456 ἄνδρες
535 390 636 442 εἶσὶ
660 391 944 442 Θεσσαλοί.
1019 389 1152 441 ταῦτ’
1175 389 1270 457 ἄρα
1300 390 1395 457 πρὸ
1417 396 1611 443 πολλοῦ
1639 391 1998 459 ἐφυλάσσοντο

331 472 767 543 γνωσιμαχέοντες
791 474 869 526 καὶ
892 475 1056 527 τᾶλλα
1081 476 1159 527 καὶ
1178 476 1255 527 ὅτι
1278 475 1448 543 χώρην
1470 474 1566 542 ἄρα
1590 476 1728 545 εἶχον
1748 476 1997 544 εὐαίρετόν

330 579 383 610 τε
415 559 495 610 καὶ
525 557 868 626 ταχυάλωτον·
912 558 1000 611 τὸν
1027 560 1123 627 γὰρ
1147 559 1369 626 ποταμὸν
1400 563 1603 627 πρῆγμα
1632 559 1695 613 ἂν
1724 559 1785 626 ἦν
1814 566 1996 627 μοῦνον
2020 585 2042 626 5

330 644 529 696 ἐπεῖναί
574 649 750 710 σφεων
797 643 879 696 ἐπὶ
925 643 1017 709 τὴν
1067 644 1251 712 χώρην,
1298 644 1492 712 χώματι
1539 646 1594 696 ἐκ
1640 650 1729 697 τοῦ
1774 645 1998 701 αὐλῶνος

330 726 682 793 ἐκβιβάσαντα
727 728 807 780 καὶ
847 727 1238 796 παρατρέψαντα
1282 727 1343 780 δι’
1384 729 1454 781 ὧν
1491 732 1580 782 νῦν
1619 728 1721 796 ῥέει
1761 729 1993 798 ῥεέθρων,

329 812 462 865 ὥστε
487 814 792 877 Θεσσαλίην
822 815 992 865 πᾶσαν
1022 811 1117 877 ἔξω
1147 817 1246 865 τῶν
1269 811 1424 880 ὀρέων
1445 813 1711 882 ὑπόβρυχα
1740 814 1994 882 γενέσθαι.

327 900 479 948 ταῦτα
514 899 568 948 δὲ
606 896 788 964 ἔχοντα
826 896 972 964 ἔλεγε
1008 898 1058 950 ἐς
1088 895 1200 950 τοὺς
1230 896 1448 950 Ἀλεύεω
1478 901 1674 957 παῖδας,
1705 899 1784 951 ὅτι
1813 904 1995 967 πρῶτοι

324 979 590 1046 Ἑλλήνων
614 981 781 1034 ἐόντες
806 980 1074 1033 Θεσσαλοὶ
1105 980 1288 1033 ἔδοσαν
1319 981 1528 1036 ἑωυτοὺς
1556 981 1786 1048 βασιλέϊ,
1810 983 1995 1037 δοκέων
2021 1003 2069 1032 10

326 1065 351 1114 ὁ
403 1063 596 1132 Ξέρξης
643 1064 742 1118 ἀπὸ
788 1065 975 1119 παντός
1023 1071 1189 1133 σφεας
1233 1070 1320 1118 τοῦ
1366 1065 1534 1121 ἔθνεος
1585 1067 1996 1135 ἐπαγγέλλεσθαι

326 1151 520 1217 φιλίην.
610 1151 753 1204 εἴπας
792 1152 847 1202 δὲ
886 1154 1040 1202 ταῦτα
1077 1151 1158 1203 καὶ
1198 1149 1504 1216 θεησάμενος
1548 1150 1771 1204 ἀπέπλεε
1813 1153 1864 1207 ἐς
1903 1152 1995 1218 τὴν

327 1234 549 1301 Θέρμην.

407 1318 469 1370 Ὁ
498 1321 591 1384 μὲν
621 1318 679 1383 δὴ
712 1319 824 1387 περὶ
850 1319 1061 1387 Πιερίην
1091 1318 1311 1388 διέτριβε
1339 1319 1525 1388 ἡμέρας
1557 1319 1764 1389 συχνάς·
1810 1321 1870 1375 τὸ
1897 1322 1994 1390 γὰρ

323 1403 381 1468 δὴ
412 1405 526 1470 ὄρος
555 1402 612 1455 τὸ
646 1404 990 1457 Μακεδονικὸν
1018 1404 1174 1472 ἔκειρε
1203 1408 1290 1470 τῆς
1323 1407 1557 1471 στρατιῆς
1587 1407 1883 1472 τριτημορίς,
1911 1406 1992 1458 ἵνα
2019 1421 2063 1463 15

322 1487 475 1559 ταύτῃ
519 1486 674 1560 διεξίῃ
717 1487 892 1543 ἅπασα
933 1489 964 1554 ἡ
997 1489 1217 1559 ’στρατιὴ
1261 1491 1310 1543 ἐς
1358 1489 1693 1556 Περραιβούς·
1741 1491 1787 1542 οἳ
1832 1492 1888 1543 δὲ
1930 1489 1989 1555 δὴ

326 1570 526 1639 κήρυκες
557 1575 603 1625 οἱ
639 1572 1054 1641 ἀποπεμφθέντες
1091 1575 1142 1628 ἐς
1171 1572 1263 1638 τὴν
1290 1572 1516 1625 Ἑλλάδα
1552 1573 1632 1627 ἐπὶ
1661 1577 1754 1642 γῆς
1789 1575 1989 1640 αἴτησιν

324 1658 536 1710 ἀπίκατο
567 1660 614 1710 οἱ
643 1660 735 1723 μὲν
760 1660 928 1716 κεινοί,
953 1660 998 1709 οἱ
1029 1661 1083 1711 δὲ
1105 1657 1344 1725 φέροντες
1367 1660 1461 1725 γῆν
1485 1679 1540 1710 τε
1571 1659 1649 1711 καὶ
1679 1658 1824 1726 ὕδωρ.
1889 1663 1988 1712 τῶν

321 1744 375 1794 δὲ
395 1742 581 1794 δόντων
600 1746 753 1794 ταῦτα
775 1740 1009 1809 ἐγένοντο
1029 1743 1146 1807 οἵδε,
1170 1743 1453 1801 Θεσσαλοί,
1478 1743 1725 1802 Δόλοπες,
1745 1742 1984 1808 Ἐνιῆνες,

323 1827 617 1894 Περραιβοί,
651 1826 848 1893 Λςκροί,
883 1825 1167 1893 Μάγνητες,
1195 1825 1431 1892 Μηλιέες,
1460 1826 1658 1895 Ἀχαιοὶ
1689 1829 1736 1879 οἱ
1766 1830 1985 1880 Φθιῶται
2013 1847 2061 1876 20

323 1911 400 1962 καὶ
437 1914 665 1976 Θηβαῖοι
706 1912 783 1963 καὶ
822 1912 866 1965 οἳ
904 1910 1054 1963 ἄλλοι
1091 1911 1299 1963 Βοιωτοὶ
1335 1910 1469 1976 πλὴν
1507 1909 1776 1964 Θεσπιέων
1811 1933 1867 1965 τε
1908 1911 1986 1964 καὶ

321 1994 636 2047 Πλαταιέων.
724 1995 807 2048 ε’πὶ
852 1995 1073 2047 τούτοισι
1119 1997 1166 2048 οἱ
1204 1994 1454 2060 ’”Ἐλληνες
1497 1994 1679 2061 ἔταμον
1725 1996 1891 2062 ὅρκιον
1939 1998 1985 2049 οἳ

318 2085 386 2150 τῷ
422 2079 668 2150 βαρβάρῳ
705 2080 926 2145 πόλεμον
962 2078 1259 2147 ἀειράμενοι.
1348 2079 1405 2131 τὸ
1440 2082 1494 2132 δὲ
1528 2080 1694 2144 ὅρκιον
1728 2081 1824 2133 ὧδε
1859 2080 1981 2148 εἶχε,

318 2165 432 2216 ὅσοι
467 2169 534 2234 τῷ
571 2163 748 2236 Πέρσῃ
785 2164 967 2216 ἔδοσαν
1006 2163 1171 2232 σφέας
1207 2163 1380 2217 αὐτοὺς
1407 2162 1661 2229 ’Έλληνες
1698 2164 1878 2224 ἐόντες,
1914 2158 1982 2230 μῆ

319 2247 736 2315 ἀναγκασθέντες,
760 2247 1111 2300 καταστάντων
1132 2255 1227 2316 σφι
1252 2249 1304 2300 εὖ
1326 2253 1425 2300 τῶν
1444 2247 1760 2315 πρηγμάτων,
1782 2248 1983 2314 ‘roffi-Q
2009 2266 2054 2307 ²5

318 2506 491 2568 πεμψε
522 2498 712 2568 Ξέρξης
745 2502 824 2553 ἐπὶ
855 2504 946 2568 γῆς
977 2503 1176 2564 αἴτησιν
1207 2499 1416 2567 κήρυκας
1445 2502 1812 2557 τῶνδε,εἵνεκα·
1858 2501 1978 2568 πρό-

377 2652 394 2678 1
439 2639 539 2689 αὐτή
581 2639 802 2679 Abresch:
842 2640 943 2688 αὕτη
979 2639 1040 2678 L:
1083 2639 1164 2680 ἀλλ
1207 2638 1385 2691 [rectius
1419 2637 1532 2689 ἄλλ’]
1573 2639 1599 2688 ἢ
1634 2639 1734 2687 αὕτη
1776 2636 1980 2678 Matthiae

318 2708 343 2744 3
374 2694 626 2747 ἐφυλάξαντο
647 2694 686 2733 Α
700 2694 735 2732 Β
751 2694 785 2732 C
802 2694 836 2733 P
992 2707 1014 2744 7
1045 2692 1205 2747 ῥέεθρον
1226 2693 1266 2732 Α
1280 2693 1314 2732 Β
1332 2693 1372 2731 R
1386 2693 1416 2731 S
1428 2694 1467 2732 V
1615 2693 1642 2731 8
1672 2692 1752 2734 ἔσω
1775 2691 1989 2732 8οὴαεΐετ’

318 2753 551 2804 ὑποβρυχεα
571 2749 611 2788 Α
625 2749 660 2788 Β
674 2746 708 2787 C
725 2749 758 2787 P
938 2763 966 2799 9
996 2752 1154 2802 πρῶτον
1175 2748 1209 2786 C
1399 2760 1447 2787 10
1476 2746 1591 2788 ὄντες
1611 2748 1819 2796 Ἑλλήνων
1841 2747 1880 2785 R
1896 2746 1926 2787 S
1941 2747 1980 2787 V

323 2816 365 2841 11
399 2805 473 2844 ὑπὸ
498 2804 534 2841 R
551 2804 581 2844 S
595 2804 631 2842 V
827 2815 875 2842 12
905 2802 1134 2844 ἆπέστελεν
1156 2803 1190 2841 C
1399 2805 1448 2840 16
1476 2801 1599 2854 διέξηι
1619 2801 1659 2839 Α
1674 2801 1708 2840 Β
1723 2801 1757 2840 C
1866 2805 1979 2843 πᾶσα

320 2858 360 2896 R
374 2858 404 2897 S
417 2859 455 2897 V
604 2860 651 2907 δὴ
674 2871 754 2897 om.
783 2858 819 2897 A
835 2858 869 2896 B
885 2858 918 2896 C
1143 2870 1193 2908 19
1223 2856 1388 2910 ἐγένετο
1411 2857 1451 2895 R
1463 2856 1502 2894 V
1641 2858 1821 2904 Αἶνιῆνες
1843 2855 1880 2894 R
1897 2856 1928 2895 S
1941 2856 1978 2894 V

318 2926 372 2952 20
398 2914 535 2966 Λικροί
559 2914 597 2952 R
724 2913 916 2965 Μάγητες
941 2913 979 2951 R
997 2912 1078 2952 SV
1242 2925 1290 2950 21
1323 2913 1464 2953 Βιωτοὶ
1488 2911 1527 2948 R
1666 2910 1794 2962 πλὴν]
1818 2911 1895 2960 τὴν
1914 2910 1974 2951 V:

317 2972 400 3009 τῶν
435 2967 475 3005 R
640 2980 693 3015 23
737 2967 961 3021 ἀειράμενοι
997 2967 1031 3006 C
1046 2967 1080 3006 P
1098 2981 1107 3006 :
1151 2968 1227 3020 ἆιρ.
1258 2966 1345 3006 ΑΒ
1364 2980 1374 3006 :
1420 2967 1481 3020 ἀρ.
1513 2966 1552 3005 R
1571 2979 1581 3005 ε
1620 2967 1693 3019 αι’ρ.
1728 2964 1759 3004 S
1776 2977 1786 3004 z
1828 2966 1906 3019 εὕρ.
1938 2963 1977 3003 V

317 3023 370 3060 28
398 3022 569 3072 κήρυκας
590 3035 672 3063 om.
696 3023 726 3062 S
