2132 3340
755 94 1128 142 ΙΣΤΟΡῙΩΝ
1190 95 1237 143 H
1875 97 1986 147 VII.
2016 111 2075 146 10
2096 98 2122 148 θ

142 277 145 280 ,
170 223 400 290 πομένων
430 224 736 291 Μαρδόνιον,
762 223 892 291 μέγα
922 246 970 277 τι
996 225 1143 277 κακὸν
1174 224 1579 292 ἐξεργασάμενον
1612 223 1831 293 Πέρσας,

168 307 265 360 ὑπὸ
305 312 461 360 κυνῶν
495 329 548 360 τε
586 308 664 359 καὶ
710 310 921 375 ὀρνίθων
945 310 1356 376 ,διαφορεύμενον
1395 310 1427 375 ἥ
1464 332 1550 362 κου
1587 312 1643 361 ἐν
1678 310 1741 380 γῇ
1777 311 1836 382 τῇ

168 391 448 456 Ἀθηναίων
491 391 523 457 ἤ
568 390 631 443 σε’
674 414 732 459 γε
778 392 831 444 ἐν
875 394 935 464 τῇ
983 395 1405 459 Λακεδαιμονίων,
1442 396 1484 446 εἰ
1518 393 1584 459 μὴ
1619 393 1714 460 ἄρα
1751 395 1831 445 καὶ

168 476 409 544 πρότερον
441 475 546 528 κατ’
583 476 716 536 ὁδόν,
758 477 943 544 γνόντα
974 477 1052 530 ἐπ’
1090 478 1223 532 οἵους
1261 477 1439 579 ἄνδρας
1470 478 1831 545 ἀναγινώσκεις

119 582 142 624 5
167 560 527 626 στρατεύεσθαι
557 560 796 626 βασιλέα.

248 643 561 712 Ἀρτάβανος
595 648 687 712 μὲν
721 650 874 699 ταῦτα
910 646 1068 712 ἔλεξε,
1105 646 1295 714 Ξέρξης
1332 649 1385 699 δὲ
1417 647 1712 713 θυμωθεὶς’
1687 649 1826 713 αμεί-
1865 667 1911 701 11

164 735 315 796 βεται
343 731 549 782 τοισίδε·
616 729 915 797 Ἀρτάβανε,
950 731 1134 798 πατρὸς
1171 732 1241 786 εἷς
1276 736 1372 783 τοῦ
1405 730 1525 796 ἐμοῦ
1560 733 1826 799 ἀδελφεός·

164 815 312 867 τοῦτό
334 836 396 868 σε
417 815 623 882 ῥύσεται
640 814 828 880 μηδένα
845 813 986 879 ἄξιον
1004 815 1188 882 μισθὸν
1206 821 1389 882 λαβεῖν
1410 814 1570 868 ἐπέων
1587 816 1824 882 ματαίων.

165 899 251 952 καί
284 919 360 951 τοι
395 898 575 964 ταύτην
610 898 700 964 τὴν
741 900 938 966 ἀτιμίην
977 902 1278 967 προστίθημι
1319 901 1452 952 ἐόντι
1491 905 1620 971 κακῷ
1655 922 1710 952 τε
1747 902 1828 953 καὶ

94 1003 142 1032 10
165 982 350 1054 ἀθύμῳ,
383 981 507 1049 μήτε
538 984 968 1053 συστρατεύεσθαι
1000 985 1168 1052 ἔμοιγε
1201 984 1282 1036 ἐπὶ
1305 984 1395 1049 τὴν
1417 983 1644 1036 Ἑλλάδα
1674 985 1825 1037 αὐτοῦ

163 1089 218 1121 τε
250 1067 421 1134 μένειν
457 1067 557 1135 ἅμα
592 1069 709 1141 τῇσι
744 1067 956 1136 γυναιξί·
1002 1069 1101 1136 ἐγὼ
1138 1071 1191 1121 δὲ
1227 1069 1306 1120 καὶ
1336 1069 1453 1121 ἄνευ
1484 1069 1574 1121 σέο
1606 1071 1704 1121 ὅσα
1734 1091 1827 1136 περ

164 1151 279 1205 εἶπα
308 1151 542 1205 ἐπιτελέα
571 1151 784 1218 ποιήσω.
857 1152 924 1219 μὴ
955 1155 1052 1220 γὰρ
1083 1155 1189 1218 εἵην
1214 1155 1267 1205 ἐκ
1293 1155 1509 1220 Δαρείου
1531 1158 1617 1205 τοῦ
1639 1153 1823 1205 “’Υστά-
1863 1168 1889 1200 2

164 1258 320 1291 σπεος
361 1242 449 1289 τοῦ
491 1236 774 1305 Ἀρσάμεος
819 1243 906 1290 τοῦ
949 1236 1289 1307 Ἀριαράμνεω
1334 1243 1420 1290 τοῦ
1453 1236 1702 1292 Τεΐσπεος
1740 1243 1827 1290 τοῦ

165 1321 326 1389 Κύρου
347 1326 433 1374 τοῦ
453 1322 743 1388 Καμβύσεω
763 1327 851 1374 τοῦ
869 1321 1119 1376 Τεΐσπεος
1139 1327 1225 1374 τοῦ
1244 1322 1568 1390 Ἀχαιμένεος
1587 1323 1821 1390 γεγονώς,

92 1424 135 1466 15
160 1404 227 1471 μὴ
259 1405 668 1474 τιμωρησάμενος
699 1407 1007 1472 Ἀθηναίους,
1041 1408 1095 1459 εὖ
1133 1406 1463 1473 ἐπιστάμενος
1499 1408 1577 1458 ὅτι
1608 1409 1655 1458 ἐἰ
1684 1407 1825 1472 ἡμεῖς

115 1510 118 1514 ’
160 1489 380 1559 ἡσυχίην
410 1489 607 1557 ἄξομεν,
645 1490 760 1542 ἀλλ’
792 1491 880 1543 οὐκ
911 1491 1109 1550 ἐκεῖνοι,
1144 1493 1277 1542 ἀλλὰ
1309 1492 1387 1543 καὶ
1416 1491 1553 1557 μάλα
1586 1491 1821 1558 στρατεύ-

162 1595 340 1627 σονται
390 1575 474 1627 ἐπὶ
526 1575 616 1640 τὴν
673 1574 933 1643 ἡμετέρην,
989 1577 1031 1627 εἶ
1082 1574 1178 1643 χρὴ
1240 1576 1639 1641 σταθμώσασθαι
1690 1581 1825 1627 τοῖσι

159 1658 520 1727 ὑπαργμένοισι
543 1659 603 1725 ἐξ
623 1661 839 1720 ἐκείνων,
866 1661 911 1712 οἲ
936 1659 1114 1727 Σάρδις
1136 1682 1190 1711 τε
1214 1659 1495 1727 ἐνέπρησαν
1521 1661 1599 1712 καὶ
1621 1659 1826 1724 ἤλασαν

160 1744 212 1797 ἐς
241 1743 332 1808 τὴν
361 1743 555 1809 Ἀσίην.
645 1743 733 1796 οὐκ
768 1741 838 1796 ὧν
874 1741 1236 1812 ἐξαναχωρέειν
1273 1743 1578 1812 οὐδετέροισι
1609 1748 1824 1798 δυνατῶς
1860 1762 1887 1807 3

86 1853 136 1882 20
159 1827 281 1896 ἔχει,
321 1829 457 1879 ἀλλὰ
497 1827 694 1888 ποιέειν
729 1824 760 1893 ἢ
806 1832 984 1881 παθεῖν
1030 1829 1285 1896 πρόκειται
1328 1829 1480 1896 ἀγών,
1525 1829 1606 1880 ἵνα
1641 1824 1671 1892 ἢ
1707 1827 1823 1881 τάδε

157 1911 321 1964 πάντα
342 1912 438 1965 ὑπὸ
453 1910 682 1978 ’Έλλησι
705 1908 734 1977 ἢ
761 1915 926 1965 ἐκεῖνα
950 1912 1112 1965 πάντα
1134 1903 1229 1965 ὑπὸ
1251 1912 1484 1985 Πέρσῃσι
1505 1912 1724 1980 γένηται·
1767 1913 1822 1964 τὸ

157 1997 253 2063 γὰρ
280 1995 440 2062 μέσον
470 1998 613 2049 οὐδὲν
641 2000 728 2061 τῆς
761 1997 942 2066 ἔχθρης
974 1999 1099 2049 ἐστί.
1147 1996 1301 2049 καλὸν
1326 1995 1394 2049 ὧν
1418 1997 1822 2063 προπεπονθότας
1861 2013 1889 2055 4

155 2079 310 2145 ἡμέας
340 2080 597 2148 τιμωρέειν
626 2080 717 2146 ἤδη
750 2083 956 2149 γίνεται,
990 2083 1072 2134 ἵνα
1110 2082 1187 2133 καὶ
1218 2081 1275 2133 τὸ
1305 2084 1466 2133 δεινὸν
1496 2081 1553 2132 τὸ
1584 2082 1836 2154 πείσομαι,

85 2193 89 2197 -
155 2169 300 2216 τοῦτο
329 2165 486 2231 μάθω,
515 2164 704 2220 ἐλάσας
734 2165 812 2218 ἐπ’
843 2165 1023 2233 ἄνδρας
1054 2166 1273 2225 τούτους,
1299 2166 1412 2219 τούς
1434 2188 1492 2233 γε
1525 2165 1602 2217 καὶ
1633 2164 1821 2232 Πέλοψ

81 2272 128 2313 25
155 2248 182 2299 ὁ
212 2248 364 2316 Φρύξ,
393 2251 488 2302 ἐὼν
518 2249 744 2317 πατέρων
772 2255 872 2302 τῶν
903 2252 1033 2316 ἐμῶν
1062 2254 1254 2310 δοῦλος,
1290 2248 1665 2317 κατεστρέψατο
1695 2250 1820 2301 οὕτω

0 2339 98 2424 ἰαῦ
155 2332 220 2388 ὡς
253 2334 332 2387 καὶ
363 2336 414 2388 ἐς
442 2335 556 2386 τόδε
586 2335 734 2386 αὐτοί
757 2356 812 2386 τε
841 2334 1100 2406 ὤνθρωποι
1125 2334 1204 2387 καὶ
1233 2335 1263 2400 ἡ
1295 2356 1358 2401 γη
1383 2335 1541 2387 αὐτῶν
1573 2334 1821 2400 ἐπώνυμοι

153 2422 240 2469 τοῦ
269 2418 749 2514 καταστρεψαμένου
781 2418 1063 2471 καλέονται.

210 2567 228 2594 1
262 2555 553 2610 ἐξεργασμένον
572 2555 658 2597 ΑΒ
674 2556 708 2595 C
885 2570 910 2594 2
941 2556 1271 2610 διαφορευόμενον
1294 2557 1330 2595 R
1349 2557 1429 2596 SV
1603 2560 1629 2596 6
1656 2556 1751 2610 μὲν]
1775 2558 1817 2598 δὲ

144 2609 235 2649 SV
401 2623 422 2660 7
453 2615 591 2652 τοῖσδε
614 2611 647 2649 L
667 2610 743 2663 [C]
923 2624 951 2661 9
979 2613 1191 2665 προτίθημι
1212 2612 1248 2651 Α
1264 2612 1298 2650 Β
1315 2613 1348 2650 C
1460 2629 1505 2653 τε
1529 2625 1609 2651 om.
1633 2612 1670 2650 A
1686 2612 1721 2650 B
1737 2613 1770 2651 C
1787 2613 1819 2651 Ρ

156 2677 170 2702 1
185 2677 201 2702 ῐ
234 2666 298 2706 καὶ
318 2679 401 2706 om.
428 2665 468 2704 R
667 2679 715 2715 13
745 2664 935 2718 Ἀράμεος
958 2666 996 2703 R
1011 2667 1075 2705 V.
1104 2666 1305 2719 Ἀράμνεω
1328 2667 1358 2706 S
1479 2667 1660 2719 Ἀρμνεω
1679 2666 1718 2705 Α
1733 2667 1766 2705 Β
1783 2667 1816 2706 C

150 2720 320 2762 Τίσπεος
344 2720 383 2758 R
398 2720 428 2760 S
442 2721 478 2758 V
662 2733 709 2770 14
740 2724 813 2761 τοῦ
832 2721 1025 2762 Τεΐσπεος
1045 2734 1128 2760 om.
1153 2721 1186 2759 P
1201 2721 1238 2758 R
1255 2722 1284 2760 S
1298 2721 1334 2758 V
1506 2723 1554 2759 18
1583 2724 1644 2762 καὶ
1667 2734 1748 2760 om.
1776 2722 1812 2759 R

156 2786 204 2823 19
250 2774 470 2845 οὐδετέροις
510 2777 653 2817 ἱκανῶς
695 2775 733 2814 R
756 2774 787 2813 S
808 2775 847 2814 V
1063 2789 1116 2814 20
1166 2776 1277 2827 ἔχειν
1318 2776 1356 2814 R
1378 2775 1415 2813 V
1579 2776 1741 2816 παθέειν
1782 2775 1814 2814 L

150 2841 202 2878 23
232 2828 351 2878 ὑμέας
373 2829 411 2867 R
427 2830 463 2868 V
682 2842 734 2879 24
765 2831 828 2871 καὶ
850 2843 932 2870 om.
958 2830 994 2868 R
1201 2842 1253 2879 25
1284 2834 1304 2871 ὁ
1324 2843 1406 2869 om.
1435 2831 1472 2868 R
1490 2830 1572 2869 SV
1739 2832 1815 2871 ἐὼν

151 2884 254 2932 ε’μῶν
302 2885 486 2938 πατέρων
535 2884 568 2923 Ρ
589 2885 628 2923 R
651 2885 680 2924 S
703 2885 739 2923 V
979 2885 1034 2923 26
1090 2886 1281 2938 ἄνθρωποι
1329 2885 1367 2924 Α
1391 2885 1424 2923 Β
1447 2885 1480 2923 C
1662 2885 1814 2926 αὐτέων

147 2937 284 2976 ABC
