2132 3340
46 82 159 131 VII.
186 86 288 145 236
946 86 1375 135 ΗΡΟΔΟΤΟΤ

328 214 396 280 μὴ
434 215 738 288 ἀναγνωσθῇ
775 214 966 281 Ξέρξης
1002 217 1189 269 ποιέειν
1226 223 1391 270 ταῦτα·
1429 218 1504 270 φΩ
1534 224 1770 285 βασιλεῦ,
1804 224 1899 291 ὁρῶ
1931 248 1993 278 σε

330 299 505 365 ἀνδρὸς
544 301 1084 368 ἐνδεκόμενονλόγους
1120 300 1173 355 ὃς
1209 302 1414 369 φθονέει
1447 325 1523 356 τοι
1561 305 1614 356 εὖ
1650 306 1990 374 πρήσσοντιῆ

331 384 409 434 καὶ
454 387 683 448 προδιδοῖ
723 384 989 451 πρήγματα
1027 388 1089 437 τὰ
1131 385 1214 439 σά.
1305 388 1381 439 καὶ
1417 390 1512 456 γὰρ
1549 388 1605 453 δὴ
1645 392 1723 455 καὶ
1760 393 1992 458 τρόποισι

330 468 601 519 τοιούτοισι
639 469 915 535 χρεώμενοι
945 469 1198 535 ’Έλληνες
1238 473 1486 540 χαίρουσι·
1531 479 1618 525 τοῦ
1652 496 1707 526 τε
1743 475 1992 545 εὐτυχέειν

265 572 291 605 2
330 551 604 619 φθονέουσι
636 554 714 605 καὶ
743 553 801 605 τὸ
833 553 1051 621 κρέσσον
1081 554 1367 623 στυγέουσι.
1456 559 1498 609 εἷ
1533 557 1575 608 δ’
1607 559 1688 611 ἐπὶ
1719 567 1837 632 τῇσι
1865 583 1988 629 παρ·
2014 582 2036 623 5

330 636 542 708 εούσῃσι
570 637 770 709 τύχῃσι,
802 642 901 690 τῶν
930 638 1038 693 νέες
1071 639 1439 707 νεναυηγήκασι
1466 644 1798 709 τετρακόσιαι,
1831 645 1992 700 ἄλλας

329 722 381 771 ἐκ
406 725 493 772 τοῦ
516 721 852 788 στρατοπέδου
869 725 1153 790 τριηκοσίας
1177 724 1494 793 ἀποπέμψεις
1512 728 1800 794 περιπλέειν
1822 734 1988 782 Πελο-

328 806 599 870 πόννησον,
640 803 911 875 ἀξιόμαχοί
946 829 1024 860 τοι
1062 809 1285 876 γίνονται
1319 813 1365 862 οἱ
1407 812 1687 863 ἀντίπαλοι·
1774 813 1901 882 ἁλὴς
1936 818 1990 867 δὲ

329 891 423 941 ἐὼν
447 891 474 940 ὁ
497 890 721 943 ναυτικὸς
746 891 959 958 στρατὸς
983 895 1458 962 δυσμεταχείριστός
1481 916 1535 947 τε
1560 895 1755 949 αὐτοῖσι
1778 899 1987 965 γίνεται,

330 975 409 1026 καὶ
440 974 600 1043 ἀρχὴν
631 974 717 1026 οὐκ
749 973 1020 1044 ἀξιόμαχοί
1045 998 1125 1032 τοι
1152 979 1369 1038 ἔσονται,
1398 979 1476 1031 καὶ
1500 983 1596 1034 πᾶς
1620 982 1646 1031 ὁ
1674 982 1901 1037 ναυτικὸς
1923 989 1989 1055 τῷ
2018 1006 2066 1034 10

328 1059 457 1128 πεζῷ
489 1057 659 1126 ἀρήξει
691 1059 769 1111 καὶ
800 1061 827 1110 ὁ
860 1061 1008 1124 πεζὸς
1043 1067 1110 1131 τῷ
1147 1068 1358 1133 ναυτικῷ
1390 1063 1512 1129 ὁμοῦ
1540 1066 1888 1131 πορευόμενος·
1946 1069 1990 1120 εἰ

328 1146 381 1194 δὲ
412 1142 726 1202 διασπάσεις,
749 1144 861 1197 οὔτε
884 1145 948 1197 σὺ
970 1135 1110 1198 ἔσεαι
1140 1148 1375 1199 ἐκείνοισι
1397 1147 1642 1216 χρήσιμος
1670 1151 1783 1202 οὔτε
1813 1153 1990 1204 ἐκεῖνοι

261 1248 287 1292 3
328 1227 427 1279 σοί.
515 1230 575 1279 τὰ
607 1232 828 1280 σεωυτοῦ
856 1232 911 1281 δὲ
939 1229 1194 1296 τιθέμενος
1217 1232 1270 1283 εὖ
1294 1232 1494 1299 γνώμην
1523 1234 1612 1302 ἔχε
1641 1236 1702 1285 τὰ
1725 1239 1823 1287 τῶν
1852 1237 1986 1288 ἀντι-

325 1311 561 1377 πολέμων
604 1312 671 1377 μὴ
718 1312 1044 1380 ἐπιλέγεσθαι
1079 1315 1359 1382 πρήγματα,
1397 1317 1456 1389 τῇ
1492 1339 1548 1369 τε
1592 1316 1867 1383 στήσονται
1900 1320 1988 1372 τὸν

327 1397 550 1462 πόλεμον
581 1396 640 1448 τά
670 1418 723 1449 τε
752 1396 1023 1462 ποιήσουσι
1053 1400 1167 1451 ὅσοι
1196 1421 1251 1452 τε
1281 1402 1474 1465 πλῆθός
1505 1402 1621 1453 εἰσι.
1706 1405 1862 1457 ἱκανοὶ
1892 1407 1988 1473 γὰρ
2015 1424 2062 1466 15

327 1482 513 1533 ἐκεῖνοί
557 1501 617 1549 γε
663 1481 803 1533 αὐτοὶ
852 1485 1048 1535 ἑωυτῶν
1094 1483 1205 1550 πέρι
1254 1486 1535 1551 φροντίζειν
1584 1487 1698 1545 εἶσί,
1747 1487 1887 1553 ἡμεῖς
1934 1492 1988 1541 δὲ

323 1564 489 1631 ἡμέων
520 1565 772 1620 ὡσαύτως.
846 1568 1229 1633 Λακεδαιμόνιοι
1261 1572 1314 1620 δὲ
1343 1565 1404 1633 ἢν
1433 1572 1549 1622 ἴωσι
1580 1571 1720 1623 ἀντία
1753 1572 1988 1645 Πέρσῃσι

0 1615 175 1727 :4⁶⁸⁸
189 1664 253 1712 23
324 1652 376 1703 ἐς
421 1649 605 1719 μάχην,
654 1650 797 1719 οὐδὲ-ι.)
824 1651 899 1723 τὸ
913 1651 1131 1722 ,παρερν
1159 1658 1349 1722 υτριῖῖ)]υ,ρι
1369 1654 1637 1719 ,ἀκεῦνταμ
1725 1656 1987 1722 ἀμείβεται

0 1709 239 1823 ‘'3255’‘
315 1733 520 1801 ’Ξέρξης
563 1737 770 1787 τοισίὸε·
817 1735 1128 1804 Ἀχαίμενες,
1165 1737 1216 1788 εὗ
1256 1736 1313 1788 τέ
1345 1759 1430 1803 μοι
1466 1737 1651 1792 δοκέεις
1693 1738 1863 1807 λέγειν
1907 1741 1986 1793 καὶ

325 1818 521 1883 ποιήσω
552 1824 719 1871 ταῦτα.
795 1819 1092 1887 Δημάρητος
1122 1823 1176 1873 δὲ
1204 1821 1345 1888 λέγει
1366 1825 1458 1887 μὲν
1480 1824 1541 1873 τᾶ
1571 1821 1752 1889 ἄριστα
1781 1823 1985 1877 ἔλπεται
2009 1843 2060 1872 20

259 1924 284 1955 2
325 1902 450 1954 εἶναι
481 1904 604 1969 ἐμοί,
650 1904 822 1975 γνώμῃ
865 1902 1036 1969 μέντοι
1083 1907 1323 1957 ἑσσοῦται
1366 1905 1462 1958 ὑπὸ
1507 1910 1612 1958 σεῦ.
1700 1907 1756 1958 οὗ
1792 1910 1887 1975 γὰρ
1923 1908 1982 1973 δὴ

325 1988 458 2038 κεῖνό
486 2009 545 2054 γε
576 1986 834 2053 ἐνδέξομαι
863 1989 989 2041 ὅκως
1012 1988 1099 2039 οὐκ
1130 1988 1316 2041 εὐνοέει
1347 1994 1479 2041 τοῖσι
1510 1992 1678 2054 ἐμοῖσι
1707 1990 1981 2058 πρήγμασι,

321 2072 460 2123 τοῖσί
485 2092 538 2123 τε
574 2071 895 2138 λεγομένοισι
931 2073 1172 2140 πρότερον
1210 2075 1263 2124 ἐκ
1300 2073 1477 2125 τούτου
1513 2075 1866 2139 σταθμώμενος
1904 2077 1982 2128 καὶ

320 2159 390 2224 τῷ
426 2155 572 2214 ἐόντι,
606 2157 684 2207 ὅτι
719 2155 959 2221 πολιήτης
993 2160 1085 2222 μὲν
1121 2155 1335 2228 πολιήτῃ
1360 2157 1426 2215 ,εὖ
1462 2156 1743 2224 πρήσσοντι
1779 2159 1983 2226 φθονέει

0 2258 58 2286 m
80 2234 156 2280 ἶν’*
180 2250 267 2274 ‘⁹⁸'
325 2240 405 2291 καὶ
445 2238 555 2291 ἔστι
590 2240 836 2312 δυσμενῂς
874 2241 933 2312 τῇ
975 2242 1111 2313 σιγῇ,
1154 2241 1258 2294 οὐδ’
1296 2240 1358 2293 ἂν
1395 2242 1863 2318 συμβουλευομένου
1896 2248 1984 2295 τοῦ
2006 2261 2027 2290 ²
2077 2289 2089 2299 .

0 2298 303 2352 ἦῆςω
333 2324 347 2342 a
456 2328 480 2341 n
646 2322 660 2341 t
789 2326 803 2344 s
847 2324 863 2343 x
967 2327 986 2345 x
1029 2324 1050 2345 ‚r
1187 2323 1200 2345 1
1256 2327 1270 2345 e
1398 2323 1411 2345 t
1581 2326 1606 2345 ο
1716 2327 1729 2345 e
1846 2326 1859 2347 r
1985 2305 2044 2334 u
2107 2314 2132 2343 ι’

323 2344 479 2374 αστου
509 2330 749 2389 πολιητης
780 2346 902 2391 ανηρ
932 2347 993 2377 τα
1022 2346 1203 2391 αριστα
1226 2347 1272 2377 οι
1297 2329 1534 2376 δοκεοντα
1557 2347 1683 2377 ειναι
1703 2331 2132 2386 υποθεοιτο,οόαηι

379 2474 397 2502 1
430 2466 506 2517 ὁρῶ
526 2462 566 2502 Α
580 2462 615 2503 Β
633 2479 643 2504 z
672 2464 769 2519 ὁρέω
789 2464 879 2505 rell.
1042 2477 1067 2503 2
1099 2463 1368 2517 εὐπρήσσοντι
1391 2462 1430 2501 R
1445 2463 1484 2502 V
1637 2477 1663 2514 3
1692 2465 1746 2506 τὰ
1763 2464 1980 2519 πρήγματα

320 2519 372 2559 τὰ
402 2519 454 2559 σά
485 2518 623 2558 RSV
785 2522 814 2558 6
849 2519 932 2573 (ἐκ)
965 2523 1046 2560 τῶν
1076 2519 1218 2557 Baehr
1381 2519 1407 2555 8
1444 2522 1506 2559 τοι
1540 2531 1620 2558 om.
1650 2519 1787 2558 ABC
1819 2520 1884 2569 (it.
1910 2522 1977 2566 το)

326 2586 375 2612 10
410 2573 595 2626 ἔσονται]
623 2574 807 2627 ’γίνονται
837 2574 975 2613 RSV
1168 2586 1216 2612 12
1252 2572 1462 2614 ἐκείνοισιν
1494 2573 1579 2624 (-σε
1607 2572 1666 2625 V)
1698 2575 1808 2614 ἔσεαι
1839 2574 1876 2613 R
1897 2574 1981 2614 SV

326 2640 374 2677 13
403 2627 448 2668 δὲ
467 2641 547 2668 orn.
574 2628 608 2667 C
720 2629 793 2680 ἔχε
814 2629 870 2668 S:
903 2630 986 2680 ἔχω
1005 2626 1094 2666 ΑΒ
1108 2627 1142 2667 C
1162 2642 1172 2668 ε
1202 2627 1311 2678 ἔχων
1339 2626 1425 2665 PR
1439 2627 1477 2665 V
1645 2640 1693 2676 14
1723 2628 1979 2679 ἐπιδέχεσθαι

323 2682 361 2721 R
389 2681 419 2720 S
440 2683 478 2721 V
699 2686 748 2722 16
786 2681 1102 2737 περιφροντίζειν
1140 2683 1174 2722 C
1201 2681 1240 2720 R
1262 2681 1301 2720 V
1524 2682 1572 2720 18
1613 2681 1705 2722 οὐδὲ
1744 2681 1793 2723 ἓν
1824 2683 1866 2722 Α
1885 2682 1920 2722 Β
1943 2684 1979 2723 C

320 2740 475 2790 τραῦμα
494 2736 550 2776 Α1
635 2738 822 2779 ἀκεῦνται
844 2738 964 2777 Stein
988 2736 1222 2788 (ἂκέσονται
1245 2735 1422 2786 Reiske)
1442 2750 1450 2775 :
1483 2736 1667 2777 ἆνεῦνται
1689 2736 1747 2777 C:
1778 2738 1979 2778 ἆνιεῦνται

322 2791 413 2831 rell.
606 2805 656 2843 19
702 2796 842 2834 τοῖσδε
882 2793 916 2831 L
1100 2804 1150 2830 21
1202 2790 1377 2831 έσσωται
1418 2790 1457 2829 R
1479 2790 1510 2829 S
1530 2790 1569 2828 V
1749 2803 1801 2829 22
1849 2792 1979 2832 ἐκεῖνό

253 2861 257 2864 ·
321 2846 377 2885 Α1
394 2847 430 2884 R
449 2845 531 2885 SV
632 2850 763 2888 εὐνοεῖ
777 2847 815 2886 Α
830 2847 864 2885 Β
880 2847 914 2886 C
934 2861 942 2886 ε
972 2845 1017 2886 εῧ
1037 2849 1124 2887 νοεῖ
1140 2844 1180 2883 R
1200 2859 1210 2884 τ
1239 2845 1282 2885 εὖ
1304 2845 1442 2886 νοοῖν
1569 2857 1620 2895 25
1650 2848 1702 2894 τῆ
1721 2862 1768 2885 τε
1786 2847 1842 2897 γῆ
1863 2845 1979 2886 οὐδὲν

322 2900 700 2952 συμβουλευομένου
722 2902 761 2940 R
775 2902 805 2941 S
819 2903 858 2943 V
1013 2900 1066 2940 26
1094 2902 1145 2940 τὰ
1164 2911 1245 2940 om.
1272 2899 1311 2938 R
1326 2899 1357 2938 S
1370 2897 1409 2937 V
1518 2899 1615 2943 εἶναι
1634 2911 1717 2939 om.
1741 2899 1857 2940 Stob.
1881 2901 1973 2940 ssor-

318 2955 493 2996 xxxviii.
516 2967 568 3006 57
