2132 3340
62 79 132 127 VI
140 81 174 128 Ι.
204 82 295 129 126

204 223 293 273 127

199 1064 288 1110 128

191 2249 283 2297 129

953 82 1383 132 ΗΡΟΔΟΤΟΎ

335 211 522 263 τούτων
573 216 672 263 τῶν
723 218 961 277 ποταμῶν
1010 213 1249 280 γίνονται.
1337 213 1402 268 ὡς
1452 217 1506 268 δὲ
1558 216 1608 270 ἐς
1658 213 1747 281 τὴν
1796 213 2000 282 Θέρμην

335 295 538 348 ἀπίκετο
570 296 596 345 ὁ
629 294 836 362 Ξέρξης,
858 297 1043 364 ,ἵδρυσε
1078 296 1226 349 αὐτοῦ
1261 297 1350 362 τὴν
1382 297 1637 366 στρατιήν.
1725 298 1925 367 ἐπέσχε
1945 303 2000 353 δὲ

334 379 360 428 ὁ
405 378 617 444 στρατὸς
668 379 818 432 αὐτοῦ
863 382 1376 448 στρατοπεδευόμενος
1419 382 1508 447 τὴν
1552 386 1690 450 παρὰ,
1732 382 1998 436 θάλασσαν

331 463 503 530 χώρην
552 462 781 528 τοσήνδε,
831 464 1105 532 ἀρξάμενος
1157 466 1256 519 ἀπὸ
1305 466 1508 533 Θέρμης
1554 469 1730 520 πόλιος
1784 469 1863 520 καὶ
1910 471 1998 533 τῆς

333 548 619 614 Μυγδονίης
661 547 810 616 μέχρι
849 550 1038 602 Λυδίεώ
1083 572 1138 603 τε
1178 556 1401 616 ποταμοῦ
1448 553 1527 603 καὶ
1565 551 1907 616 Ἁλιάκμονος,
1950 553 1997 605 οἳ
2021 575 2044 615 5

331 632 580 698 οὐρίζουσι
615 637 710 700 γῆν
739 633 829 698 τὴν
860 635 1145 686 Βοττιαιίδα
1181 657 1235 687 τε
1272 635 1352 687 καὶ
1389 637 1718 707 Μακεδονίδα,
1754 638 1805 689 ἐς
1839 635 2000 706 τώυτὸ·

329 715 532 782 ῥέεθρον
567 717 624 768 τὸ
656 718 785 785 ὕδωρ
822 720 1208 786 συμμίσγοντες.
1298 720 1777 787 ἐστρατοπεδεύοντο
1813 723 1907 785 μὲν
1936 720 2012 785 δὴ.

329 802 384 851 ἐν
424 801 648 853 τούτοισι
688 807 824 854 τοῖσι
867 803 1101 871 χωρίοισι
1142 806 1189 856 οἱ
1233 802 1503 871 βάρβαροι,
1545 810 1644 857 τῶν
1683 807 1738 856 δὲ
1783 812 1992 869 καταλε-

328 884 552 952 χθέντων
583 886 772 938 τούτων
802 892 1036 952 ποταμῶν
1069 889 1122 940 ἐκ
1145 889 1516 954 Κρηστωναίων
1543 888 1671 956 ῥέων
1694 888 1995 957 Ἐχείδωρος

326 974 507 1033 μοῦνος
537 970 623 1021 οὐκ
654 969 936 1038 ἀντέχρησε
966 979 1027 1044 τῇ
1059 973 1267 1044 στρατιῇ
1299 973 1563 1038 πινόμενος
1593 973 1709 1025 ἀλλ’
1742 972 1963 1026 ἐπέλιπε.
2020 994 2069 1022 ιο

413 1052 607 1120 Ξέρξης
637 1057 690 1106 δὲ
721 1056 848 1121 ὁρῶν
880 1057 933 1107 ἐκ
963 1059 1049 1120 τῆς
1082 1054 1284 1124 Θέρμης
1313 1059 1430 1123 ὄρεα
1461 1059 1522 1108 τὰ
1553 1057 1873 1117 Θεσσαλικά,
1905 1058 1994 1110 τόν

325 1158 377 1190 τε
402 1137 669 1203 νΟλυμπον
702 1140 780 1190 καὶ
811 1138 900 1203 τὴν
916 1139 1138 1200 ”Οσσαν,
1172 1139 1381 1207 μεγάθεϊ
1404 1137 1492 1207 [τε]
1515 1140 1794 1209 ὑπερμήκεα
1823 1142 1989 1202 ἐόντα,

327 1224 407 1273 διὰ
437 1221 595 1287 μέσου
625 1244 678 1275 τε
708 1223 868 1276 αὐτῶν
899 1223 1101 1288 αὐλῶνα
1132 1229 1331 1278 στεινὸν
1356 1226 1723 1291 πυνθανόμενος
1753 1225 1895 1286 εἶναι,
1928 1225 1991 1277 δι’

326 1306 382 1356 οῦ
411 1306 512 1373 ῥέει
543 1308 568 1357 ὁ
594 1308 825 1372 Πηνειός,
852 1309 1042 1361 ἀκούων
1066 1330 1119 1362 τε
1142 1310 1295 1381 ταύτῃ
1320 1309 1446 1362 εἶναι
1477 1311 1590 1361 ὁδὸν
1613 1311 1665 1364 ἐς
1690 1311 1992 1375 Θεσσαλίην

326 1389 598 1456 φέρουσαν,
638 1393 918 1458 ἐπεθύμησε
959 1394 1167 1447 πλώσας
1210 1392 1490 1458 θεήσασθαι
1523 1393 1613 1458 τὴν
1651 1393 1871 1459 ἐκβολὴν
1907 1398 1992 1446 τοῦ
2019 1413 2064 1454 ¹5

327 1478 558 1539 Πηνειοῦ,
585 1477 661 1527 ὅτι
690 1476 780 1540 τὴν
811 1476 911 1529 ἄνω
942 1477 1058 1529 ὁδὸν
1088 1478 1271 1543 ἔμελλε
1301 1481 1424 1531 ἐλᾶν
1455 1480 1536 1530 διὰ
1568 1479 1870 1530 Μακεδόνων
1892 1483 1990 1530 τῶν

327 1560 595 1626 κατύπερθε
642 1560 914 1626 οἰκημένων
961 1563 1011 1615 ἐς
1056 1562 1369 1629 Περραιβοὺς
1414 1564 1545 1629 παρὰ
1589 1563 1775 1615 Γόννον
1818 1563 1986 1615 πόλιν·

326 1644 476 1715 ταύτῃ
509 1646 602 1711 γὰρ
634 1644 1029 1712 ἀσφαλέστατον
1061 1645 1362 1699 ἐπυνθάνετο
1399 1647 1541 1699 εἶναι.
1629 1647 1693 1701 ὡς
1722 1649 1776 1699 δὲ
1811 1647 1985 1699 ἐπεθύ-
2055 1657 2061 1660 ’

323 1749 471 1792 μησε,
506 1729 585 1780 καὶ
617 1730 779 1782 ἐποίεε
808 1735 977 1782 ταῦτα·
1025 1732 1186 1796 ἐσβὰς
1217 1732 1267 1784 ἐς
1300 1732 1542 1796 Σιδωνίην
1573 1729 1676 1790 νέα,
1703 1733 1754 1785 ἐς
1783 1729 1872 1796 τήν
1895 1751 1988 1798 περ

326 1811 562 1876 ἐσέβαινε
581 1813 676 1865 αἷεὶ
696 1815 822 1867 ὅκως
839 1836 888 1866 τι
907 1813 1075 1867 ἐθέλοι
1093 1820 1286 1866 τοιοῦτο
1305 1818 1529 1880 ποιῆσαι,
1551 1814 1750 1880 ἀνέδεξε
1774 1813 1988 1881 σημήιον
2015 1832 2064 1861 20

326 1896 404 1947 καὶ
444 1902 577 1949 τοῖσι
616 1897 821 1969 ἄλλοισι
863 1898 1156 1966 ἀνάγεσθαι,
1198 1901 1484 1952 καταλιπὼν
1524 1899 1674 1952 αὐτοῦ
1711 1899 1798 1951 τὸν
1839 1897 1988 1963 πεζὸν

325 1982 555 2047 στρατόν.
630 1983 736 2034 ἐπεὶ
761 1985 813 2034 δὲ
838 1983 1039 2035 ἀπίκετο
1064 1984 1143 2035 καὶ
1167 1982 1412 2048 ἐθεήσατο
1437 1982 1629 2050 Ξέρξης
1652 1982 1741 2047 τὴν
1765 1982 1988 2048 ἐκβολὴν

324 2069 411 2115 τοῦ
440 2070 674 2130 Πηνειοῦ,
709 2068 763 2118 ἐν
794 2067 982 2131 θώματι
1015 2066 1219 2136 μεγάλῳ
1251 2067 1507 2137 ἐνέσχετο,
1541 2066 1761 2121 καλέσας
1790 2069 1842 2119 δὲ
1872 2066 1986 2120 τοὺς

326 2151 664 2216 κατηγεμόνας
694 2154 781 2215 τῆς
811 2152 926 2202 ὁδοῦ
962 2153 1121 2218 εἴρετο
1151 2153 1194 2203 εἰ
1230 2151 1318 2203 τὸν
1348 2151 1570 2217 ποταμὸν
1602 2152 1713 2204 ἔστι
1741 2150 1983 2219 παρατρέ-

325 2238 496 2299 ψαντα
532 2233 673 2305 ἑτέρῃ
710 2237 761 2288 ἐς
797 2234 1067 2287 θάλασσαν
1104 2232 1384 2303 ἐξαγαγεῖν.
1448 2235 1562 2300 ·τῆν
1598 2239 1653 2288 δὲ
1684 2236 1986 2300 Θεσσαλίην
2011 2251 2060 2291 25

323 2317 476 2383 λόγος
499 2318 609 2370 ἐστὶ
633 2318 690 2370 τὸ
715 2323 930 2370 παλαιὸν
955 2320 1080 2371 εἶναι
1102 2321 1299 2384 λίμνην,
1321 2321 1454 2372 ὥστε
1477 2341 1535 2387 γε
1560 2318 1987 2387 συγκεκληιμένην

320 2499 325 2504 ,
378 2466 403 2503 5
433 2454 665 2506 Ἀνίκμονος
685 2451 733 2493 Ct
777 2446 780 2448 ’
862 2457 889 2494 6
917 2456 994 2504 τὴν
1013 2469 1095 2494 om.
1117 2454 1253 2495 ΑΒΕ
1384 2469 1406 2506 7
1436 2456 1596 2510 ῥέεθρον
1615 2456 1696 2496 del.
1723 2456 1986 2506 Kallenberg

323 2510 350 2546 8
379 2514 598 2561 κατελεχθ.
625 2509 664 2546 R
787 2524 814 2560 9
843 2508 900 2563 (ὁ)
922 2512 967 2551 ἐκ
986 2509 1255 2550 Valckenaer
1365 2510 1629 2564 Κρηστωνέης
1650 2512 1690 2550 Α
1704 2511 1739 2550 Β
1758 2525 1767 2550 :
1799 2511 1927 2559 -ναίης
1948 2511 1982 2550 C

324 2564 521 2615 Χείδωρος
554 2562 738 2602 ABCP
926 2578 976 2604 10
1015 2568 1059 2605 οὐ
1095 2564 1325 2616 κατέχρησε
1361 2566 1423 2605 C:
1465 2568 1538 2606 οὐκ
1570 2564 1779 2618 ἀπέχρησε
1813 2565 1985 2616 Madvig

329 2631 373 2657 11
408 2618 530 2670 ὁρέων
551 2618 585 2656 C
601 2617 687 2656 PR
702 2619 732 2657 S
747 2618 783 2656 V
913 2631 960 2658 12
989 2637 1036 2660 τε
1057 2633 1137 2658 om.
1165 2619 1212 2657 Ρ1
1230 2619 1270 2657 R
1285 2619 1365 2658 SV
1386 2620 1503 2660 Eust.
1527 2620 1573 2658 Il.
1595 2632 1673 2669 337
1804 2633 1851 2669 14
1883 2620 1982 2662 εἶναι

324 2671 450 2726 ταύτῃ
475 2671 508 2710 Ρ
523 2671 563 2710 R
577 2672 607 2711 S
620 2672 656 2711 V
771 2685 817 2722 17
848 2674 1094 2727 κατύπερθεν
1116 2674 1207 2713 RV
1316 2676 1413 2715 ἔστε
1440 2682 1554 2728 Περρ.
1575 2673 1616 2712 Α
1629 2674 1664 2713 Β
1683 2689 1692 2714 ;
1722 2673 1982 2727 ἕστετταραι·

324 2727 420 2773 βοὺς
451 2726 509 2767 C:
551 2730 591 2769 ἐς
620 2728 839 2780 Περαιβοὺς
871 2728 905 2766 Ρ
1029 2728 1151 2770 Γόνον
1179 2728 1388 2768 A¹RSV
1555 2741 1605 2781 19
1644 2730 1752 2770 ἐποίε
1782 2729 1822 2767 R
1933 2729 1984 2776 ἥν

323 2781 364 2819 Α
377 2780 411 2818 Β
427 2780 460 2819 C
479 2780 528 2819 Ρ1
588 2818 592 2822 .
706 2796 761 2821 20
791 2783 973 2830 ἐνέβαινε
993 2783 1031 2820 Α
1048 2783 1083 2821 Β
1099 2783 1131 2821 C
1146 2782 1196 2821 Pl
1308 2801 1372 2824 τοι
1394 2783 1434 2821 R
1449 2783 1479 2822 S
1492 2783 1532 2822 V
1640 2786 1826 2824 τοιοῦτον
1846 2782 1887 2820 R
1902 2781 1932 2821 S
1944 2783 1983 2822 V

325 2834 484 2886 ἇνέδοξε
521 2835 560 2873 R
763 2849 816 2875 22
861 2838 1059 2886 ἐθηήσατο
1096 2837 1134 2875 R
1151 2852 1159 2877 ε
1207 2838 1405 2887 ἐθυήσατο
1434 2838 1472 2876 V
1611 2841 1632 2878 ὃ
1666 2836 1810 2891 Ξέρξης
1846 2838 1885 2876 R
1899 2837 1982 2876 SV

324 2902 374 2937 24
405 2889 606 2941 ἡγεμόνας
629 2890 669 2929 R
684 2889 765 2930 SV
907 2904 959 2942 25
988 2894 1064 2941 τὴν
1085 2891 1129 2932 δὲ
1151 2893 1378 2942 θαλασσίην
1400 2892 1441 2931 R
1588 2893 1642 2931 26
1667 2910 1717 2945 ’γε
1737 2905 1819 2932 om.
1842 2891 1883 2930 A
1897 2892 1933 2931 Β
1947 2892 1981 2930 C

325 2944 706 2995 συγκεκληῑσμένην
727 2946 767 2984 R
783 2946 812 2985 S
825 2947 862 2985 V
