2132 3340
43 92 154 143 VII.
183 95 275 148 168

0 1487 220 1538 ωὼιό.
237 1525 247 1534 .

182 1576 280 1636 169

254 1850 280 1881 2

931 91 1363 141 ΗΡΟΔΟΤΟΎ
1404 130 1411 137 .

315 224 403 277 τὸν
433 225 655 289 πόλεμον
690 224 748 296 τῇ
785 222 1038 283 πεσέεται,
1085 222 1413 278 ἀελπτέοντες
1451 225 1544 289 μὲν
1582 222 1698 278 τοὺς
1717 221 1979 288 ’Έλληνας

315 307 739 376 ὑπερβαλέεσθαι,
778 307 1032 362 δοκέοντες
1070 311 1124 360 δὲ
1163 307 1251 360 τὸν
1290 307 1497 375 Πέρσην
1539 305 1980 375 κατακρατήσαντα

317 393 513 446 πολλὸν
542 389 709 459 ἄρξειν
739 392 907 458 πάσης
936 395 1023 457 τῆς
1052 391 1318 446 Ἑλλάδος.
1409 393 1607 445 ἐποίευν
1635 389 1704 444 ὧν
1735 393 1976 456 ἐπίτηδες,

318 479 399 529 ἵνα
440 477 598 545 ἔχωσι
643 476 764 544 πρὸς
808 476 893 529 τὸν
939 475 1147 545 Πέρσην
1190 476 1360 544 λέγειν
1403 475 1584 528 τοιάδε·
1624 475 1697 527 9Ω,
1740 480 1978 542 βασιλεῦ,

316 563 456 627 ἡμεῖς
480 561 979 629 παραλαμβανόντων
1003 567 1102 614 τῶν
1120 561 1383 627 Ἑλλήνων
1407 560 1562 626 ἡμέας
1578 562 1629 615 ἐς
1651 559 1736 613 τὸν
1760 561 1981 626 πόλεμον
2006 585 2028 625 5

317 651 506 705 τοῦτον,
533 646 735 714 ἔχοντες
764 646 972 711 δύναμιν
1001 646 1087 698 οὐκ
1121 647 1398 714 ἐλαχίστην
1421 645 1532 697 οὐδὲ
1563 644 1676 699 νέας
1709 646 1982 713 ἐλαχίστας
2052 685 2060 691 -

318 724 666 798 παρασχόντες
710 730 772 783 ἂν
815 733 950 783 ἀλλὰ
995 732 1238 784 πλείστας
1280 729 1404 796 μετά
1448 752 1507 797 γε
1550 729 1856 795 Ἀθηναίους,
1894 728 1981 780 οὐκ

319 814 640 881 ἠθελήσαμέν
692 837 770 867 τοι
821 816 1112 867 ἆντιοῦσθαι
1171 814 1284 867 οὐδέ
1335 837 1380 867 τι
1431 814 1706 879 ἀποθύμιον
1754 816 1980 878 ποιῆσαι.

317 905 519 952 τοιαῦτα
562 898 797 967 λέγοντες
841 899 1051 965 ἤλπιζον
1091 899 1247 952 πλέον
1291 920 1338 951 τι
1381 903 1479 951 τῶν
1518 898 1691 950 ἄλλων
1730 899 1979 950 οἴσεσθαι·

306 983 379 1035 7τά
426 1006 519 1051 περ
564 982 625 1036 ἂν
675 985 753 1036 καὶ
797 983 1010 1051 ἐγένετο,
1064 984 1127 1038 ὡς
1174 984 1281 1050 ἐμοὶ
1329 982 1504 1036 δοκέει.
1594 986 1715 1051 πρὸς
1766 985 1820 1035 δὲ
1868 981 1982 1036 τοὺς
2009 1004 2058 1033 10

309 1067 572 1134 “Ἐλληνάς
603 1075 700 1136 σφι
733 1071 924 1136 σκῆψις
956 1069 1237 1133 ἐπεποίητο,
1264 1069 1322 1141 τῇ
1353 1090 1445 1135 περ
1477 1067 1535 1133 δὴ
1568 1067 1646 1119 καὶ
1678 1065 1980 1135 ἐχρήσαντο·

319 1152 622 1219 αἰτιωμένων
661 1155 756 1221 γὰρ
798 1157 897 1205 τῶν
935 1151 1200 1218 Ἑλλήνων
1241 1154 1317 1204 ὅτι
1357 1154 1443 1205 οὐκ
1489 1150 1747 1218 ἐβοήθεον,
1782 1151 1982 1219 ἔφασαν

320 1243 585 1304 πληρῶσαι
613 1240 705 1303 μὲν
736 1235 975 1302 ἑξήκοντα
1014 1236 1254 1306 τριήρεας,
1286 1238 1382 1290 ὑπὸ
1421 1239 1475 1289 δὲ
1516 1235 1756 1301 ἐτησιέων
1786 1234 1982 1301 ἀνέμων

318 1324 625 1389 ὑπερβαλεῖν
647 1321 861 1387 Μαλέην
880 1321 966 1373 οὐκ
986 1323 1087 1374 οἶοί
1101 1343 1156 1375 τε
1174 1321 1427 1389 γενέσθαι·
1461 1322 1586 1373 οὕτω
1607 1320 1693 1371 οὐκ
1713 1318 1981 1372 ἀπικέσθαι

320 1409 371 1460 ἐς
402 1411 662 1472 Σαλαμῖνα
694 1407 774 1458 καὶ
805 1405 1005 1479 οὐδεμιῇ
1040 1407 1270 1471 κακότητι
1291 1408 1559 1473 λειφθῆναι
1582 1409 1668 1470 τῆς
1692 1404 1979 1472 ναυμαχίης.
2010 1425 2058 1466 15

319 1491 456 1543 οὗτοι
484 1493 577 1556 μὲν
607 1491 734 1542 οὕτω
765 1491 1119 1562 διεκροέιῑαντο
1149 1491 1263 1544 τοὺς
1284 1489 1560 1555 ’Έλληνας.

402 1579 591 1642 Κρῆτες
629 1573 698 1635 δέ,
738 1576 901 1627 ἐπείτε
937 1574 1100 1643 σφέας
1136 1575 1531 1642 παρελάμβανον
1566 1577 1611 1627 οἱ
1650 1575 1729 1627 ἐπὶ
1764 1575 1985 1643 τούτοισι
2046 1569 2049 1573 ’

318 1659 586 1727 ταχθέντες
629 1658 909 1724 Ἑλλήνων,
957 1661 1199 1724 ἐποίησαν
1243 1661 1450 1711 τοιόνδε·
1513 1659 1802 1726 πέμψαντες
1847 1665 1985 1731 κοινῇ

319 1744 623 1811 θεοπρόπους
654 1746 703 1798 ἐς
735 1743 973 1810 Δελφοὺς
1003 1744 1089 1796 τὸν
1121 1744 1234 1796 θεὸν
1267 1744 1545 1812 ἐπειρώτων
1577 1746 1622 1796 εἵ
1650 1750 1745 1811 σφι
1782 1742 1984 1808 ἄμεινον

319 1827 614 1895 τιμωρέουσι
654 1830 845 1896 γίνεται
883 1830 942 1900 τῇ
982 1828 1211 1880 Ἑλλάδι.
1299 1829 1330 1894 ἡ
1372 1831 1424 1881 δὲ
1467 1829 1626 1893 Πυθίη
1670 1827 1982 1894 ὑπεκρίνατο·
2012 1845 2088 1876 ²0.

0 1908 387 2016 Wwss
417 1911 597 1977 νήπιοι,
632 1912 979 1984 ἐπιμέμφεσθε
1013 1914 1111 1964 ὅσα
1145 1914 1259 1978 ὑμῖν
1289 1915 1342 1964 ἐκ
1372 1919 1470 1965 τῶν
1501 1912 1739 1964 Μενέλεω
1770 1884 2132 2013 τιμωρη-ἐῐιξ

0 2021 150 2072 nun-

195 2352 285 2403 170

320 1996 490 2063 μάτων
535 1998 708 2051 Μίνως
755 1997 953 2065 ἔπεμψε
1001 1999 1190 2063 μηνίων
1234 1998 1532 2065 δακρύματα,
1580 1998 1656 2048 ὅτι
1700 1998 1746 2048 οἱ
1793 1998 1884 2061 μὲν
1928 1994 2132 2061 οὗςωιιῦ

323 2080 753 2149 συνεξεπρήξαντο
796 2082 924 2152 αὐτῷ
969 2082 1056 2134 τὸν
1097 2084 1150 2134 ἐν
1192 2085 1394 2151 Καμικῷ
1439 2081 1653 2134 θάνατον
1696 2081 1982 2148 γενόμενον,

321 2167 460 2231 ὑμεῖς
494 2168 547 2218 δὲ
585 2167 821 2218 ἐκείνοισι
850 2166 941 2231 τὴν
973 2169 1026 2218 ἐκ
1063 2165 1290 2234 Σπάρτης
1324 2168 1670 2233 ἁρπασθεῖσαν
1699 2164 1781 2217 ὑπ’
1811 2162 1986 2230 ἀνδρὸς

322 2249 588 2318 βαρβάρου
636 2255 860 2318 γυναῖκα.
947 2255 1102 2302 ταῦτα
1160 2253 1206 2303 οἱ
1258 2254 1448 2317 Κρῆτες
1505 2250 1569 2303 ὡς
1629 2247 1987 2317 ἀπενειχθέντα
2013 2265 2085 2320 25¹

322 2333 558 2399 ἤκουσαν,
592 2335 805 2403 ἔσχοντο
840 2337 927 2399 τῆς
962 2336 1210 2401 τιμωρίης.
1296 2334 1498 2400 λέγεται
1532 2336 1628 2400 γὰρ
1658 2334 1832 2385 Μίνων
1863 2333 1986 2383 κατὰ
2052 2386 2055 2391 ,

329 2418 528 2484 ζήτησιν
560 2418 813 2471 Δαιδάλου
849 2419 1146 2484 ἀπικόμενον
1177 2422 1228 2472 ἐς
1260 2420 1493 2483 Σικανίην
1522 2418 1613 2482 τὴν
1642 2422 1727 2470 νῦν
1758 2416 1987 2480 Σικελίην

383 2570 400 2595 1
432 2556 459 2610 ᾖ
481 2557 514 2595 L
697 2569 722 2594 2
753 2556 1080 2610 ὑπερβάλλεσθαι
1102 2556 1141 2594 Α
1158 2556 1192 2594 Β
1210 2556 1242 2594 C
1262 2570 1270 2594 :
1301 2556 1518 2603 ·βαλε’σθαι
1544 2555 1574 2594 S
1687 2554 1832 2609 Ξέρξεα
1852 2554 1892 2592 R
1907 2555 1936 2594 S
1950 2555 1986 2592 V

323 2625 348 2661 3
378 2612 447 2653 οὖν
474 2611 612 2650 ABC
833 2626 858 2661 4
888 2610 1030 2664 λέγειν
1054 2624 1138 2651 om.
1170 2610 1310 2649 ABC
1530 2622 1554 2660 5
1585 2610 1709 2660 ἡμέας
1736 2623 1817 2649 om.
1850 2610 1983 2648 RSV

324 2667 350 2704 8
380 2682 444 2707 σοι
468 2666 506 2704 R
523 2666 552 2705 S
569 2680 577 2706 ε
611 2682 658 2706 σε
676 2665 727 2717 (2)
742 2665 781 2705 V
893 2669 1168 2708 ἐναντιοῦσθαι
1188 2665 1227 2703 Α
1245 2666 1278 2703 Β
1296 2665 1328 2703 C
1344 2666 1377 2704 P
1391 2665 1422 2704 S
1574 2678 1625 2703 10
1653 2666 1718 2706 καὶ
1740 2678 1821 2703 om.
1846 2664 1886 2702 A
1899 2664 1933 2702 B
1951 2664 1985 2701 C

329 2734 377 2771 13
410 2721 583 2770 ἐτησίων
604 2721 635 2759 S
787 2733 835 2770 14
866 2720 1132 2774 ὑπερβαλέειν
1154 2721 1186 2758 L
1299 2719 1384 2760 οἶόν
1406 2720 1445 2758 R
1615 2731 1664 2768 15
1696 2719 1928 2770 συμμαχίης
1950 2718 1984 2757 C

329 2789 379 2825 19
419 2776 536 2828 σφίσι
577 2775 697 2815 Stein
917 2788 966 2814 21
1011 2775 1219 2827 μέμφεσθε
1261 2775 1300 2813 R
1315 2774 1424 2813 SV:
1467 2777 1554 2815 οὔτι
1583 2773 1790 2824 μέμνησθε
1825 2772 1985 2812 Reiske

327 2830 537 2871 Μενελάου
574 2830 614 2869 Α
638 2831 672 2869 Β
696 2831 729 2869 C
753 2830 809 2871 P:
861 2829 1049 2882 Μενέλεῳ
1087 2829 1337 2878 Wesseling
1556 2842 1607 2866 22
1650 2828 1824 2879 μηνυίων
1840 2828 1894 2880 (²)
1918 2828 1981 2866 R:

325 2884 484 2936 μηνύων
508 2884 547 2923 V
767 2898 819 2934 23
850 2890 932 2926 ’τῶν
963 2885 1001 2923 R
1169 2884 1329 2936 Καμίκῳ
1358 2883 1392 2922 L
1611 2896 1664 2932 24
1698 2884 1865 2923 κείνοισι
1892 2882 1925 2920 Ρ
1943 2881 1983 2919 R

327 2939 601 2992 ἇρπαχθεῖσαν
620 2940 709 2979 ΑΒ
726 2939 784 2978 P:
818 2941 967 2991 ἆπαχθ.
993 2939 1026 2978 C
1146 2941 1200 2977 26
1230 2939 1448 2990 ἀπείχοντο
1470 2938 1535 2978 R:
1566 2936 1686 2988 ἆπέχ.
1714 2937 1774 2998 S:
1804 2936 1928 2987 ἆπήχ.
1946 2935 1985 2975 V

328 2994 483 3035 Μίνεων
503 2994 541 3032 Α
555 2994 590 3032 Β
610 3009 618 3033 :
651 2995 782 3036 Μίνεω
804 2994 843 3033 R
858 2994 938 3033 SV
