2132 3340
107 52 309 118 VHL7
952 13 1389 105 ‘HPOAOTOT

344 184 608 251 θήσεσθαι,
642 185 754 239 οὐδὲ
789 187 1031 254 πρότερον
1065 182 1095 251 ἢ
1131 186 1187 238 τὸ
1224 187 1451 254 σύνθημά
1487 194 1584 255 σφι
1623 188 1806 254 ἔμελλε
1840 188 2000 257 φανή-

343 273 527 322 σεσθαι
564 272 695 337 παρὰ
728 277 828 324 τῶν
862 272 1232 345 περιπλεόντων
1268 272 1333 327 ὡς
1370 272 1608 338 ἡκόντων.
1694 273 1872 328 ταύτας
1909 277 2002 340 μὲν

341 354 400 418 δὴ
441 354 792 421 περιέπεμπον,
832 360 932 408 τῶν
976 358 1029 408 δὲ
1071 355 1289 409 λοιπέων
1332 362 1458 410 νεῶν
1503 359 1557 410 ἐν
1595 359 1711 429 τῇσι
1751 357 2001 431 Ἀφέτῃσι

0 426 118 469 “ff'‘
270 443 303 494 8
341 440 597 491 ἐποιεῦντο
621 441 841 507 ἀρι-θμόν.
905 442 959 493 ἐν
979 443 1033 494 δὲ
1055 441 1209 511 τούτῳ
1228 447 1294 512 τῷ
1317 442 1482 512 χρόνῳ
1509 444 1562 494 ἐν
1579 439 1615 513 ᾧ
1637 439 1770 494 οὗτοι
1794 443 2002 510 ἀριθμὸν

339 525 594 576 ἐποιεῦντο
644 530 743 577 τῶν
794 530 918 577 νεῶν
967 524 1045 590 (ἦν
1096 528 1191 593 γὰρ
1244 528 1298 578 ἐν
1347 531 1413 596 τῷ
1466 525 1784 596 στρατοπέδῳ
1842 527 1999 598 τούτῳ
2025 552 2047 592 5

338 608 588 674 Σκυλλίης
618 613 904 669 Σκιωναῖος,
936 609 1082 675 δύτης
1118 615 1216 662 τῶν
1245 610 1358 662 τότε
1395 611 1666 678 ἀνθρώπων
1696 609 1912 678 ἄριστος,
1946 611 2000 666 ὃς

338 693 418 744 καὶ
462 695 515 745 ἐν
555 701 615 766 τῇ
659 696 866 766 ναυηγίῃ
907 702 967 767 τῇ
1007 697 1131 746 κατὰ
1175 693 1373 759 Πήλιον
1415 695 1655 767 γενομένῃ
1699 696 1865 747 πολλὰ
1909 699 2000 761 μὲν

338 776 503 830 ἔσωσε
539 783 638 830 τῶν
672 778 938 847 χρημάτων
974 783 1106 831 τοῖσι
1143 778 1390 851 Πέρσῃσι,
1431 781 1599 831 πολλὰ
1639 782 1693 832 δὲ
1733 780 1813 832 καὶ
1853 779 1999 834 αὐτὸς

0 862 98 915 *Ἥ*
110 851 336 929 ΜΔΫ
336 861 701 933 περιεβάλετο),
739 863 882 917 οὗτος
922 863 947 913 ὁ
990 863 1238 928 Σκυλλίης
1278 865 1332 915 ἐν
1372 864 1469 933 νόῳ
1508 866 1600 929 μὲν
1640 863 1745 931 εἶχε
1782 862 1879 931 ἄρα
1920 866 1999 917 καὶ

336 947 577 1014 πρότερον
617 946 979 1013 αὐτομολήσειν
1021 950 1071 1001 ἐς
1110 947 1224 1001 τοὺς
1249 946 1526 1012 “Ελληνας,
1570 946 1684 999 ἀλλ’
1720 947 1777 999 οὐ
1816 947 1912 1015 γάρ
1952 949 1999 1001 οἱ
2028 969 2076 999 ιο

272 1049 298 1080 2
337 1031 564 1099 παρέσχε
610 1034 661 1085 ἐς
706 1033 835 1084 τότε.
922 1034 1045 1102 ὅτεῳ
1091 1035 1183 1098 μὲν
1233 1032 1292 1096 δὴ
1335 1032 1503 1102 τρόπῳ
1550 1029 1880 1085 τὸένθεῢτεν
1925 1032 2000 1085 ἔτι

336 1117 539 1168 ἀπίκετο
571 1118 620 1171 ἐς
648 1115 1053 1182 τοὺς“Έλληνας,
1080 1117 1165 1169 οὐκ
1195 1117 1297 1185 ἔχω
1330 1118 1487 1169 εἰπεῖν
1511 1109 1766 1183 ἀτρεκέως,
1792 1115 1998 1183 θωμάζω

335 1202 389 1252 δὲ
419 1202 462 1252 εἰ
484 1202 545 1252 τὰ
573 1200 824 1268 λεγόμενά
854 1204 965 1254 ἐστι
987 1201 1192 1267 ἀληθέα·
1238 1201 1439 1269 λέγεται
1463 1202 1556 1268 γὰρ
1580 1199 1644 1255 ὡς
1667 1199 1727 1266 ἐξ
1745 1199 1999 1269 Ἀφετέων

334 1284 419 1339 δὺς
459 1286 510 1338 ἐς
549 1285 640 1350 τὴν
676 1284 943 1338 θάλασσαν
982 1285 1039 1337 οὐ
1079 1286 1318 1353 πρότερον
1354 1284 1544 1353 ἀνέσχε
1578 1284 1693 1352 πρὶν
1727 1280 1757 1349 ἢ
1795 1285 1998 1338 ἀπίκετο

333 1370 418 1421 ἐπὶ
448 1369 503 1421 τὸ
534 1369 867 1438 Ἀρτεμίσιον,
901 1372 1132 1424 σταδίους
1166 1369 1389 1435 μάλιστά
1425 1390 1486 1441 κῃ
1515 1369 1716 1423 τούτους
1752 1371 1802 1423 ἐς
1837 1367 1995 1437 ὀγδῶ-
2027 1389 2074 1432 15

269 1475 296 1519 3
337 1475 487 1506 κοντα
521 1457 601 1506 διὰ
636 1458 724 1520 τῆς
760 1453 1025 1520 θαλάσσης
1060 1452 1343 1518 διεξελθών.
1430 1452 1633 1521 λέγεται
1667 1452 1760 1519 μέν
1793 1473 1881 1506 νυν
1918 1452 1998 1506 καὶ

334 1538 469 1590 ἄλλα
498 1538 713 1606 ψευδέσι
746 1541 890 1592 ἵκελα
930 1539 1042 1607 περὶ
1082 1543 1167 1591 τοῦ
1202 1537 1379 1606 ἀνδρὸς
1402 1537 1603 1598 τούτου,
1635 1540 1697 1590 τὰ
1733 1538 1787 1590 δὲ
1822 1534 1996 1604 μετεξ-

334 1622 478 1690 έτερα
517 1622 723 1688 ἀληθέα·
768 1624 881 1691 περὶ
919 1622 1089 1689 μέντοι
1129 1623 1305 1676 τούτου
1343 1623 1512 1690 γνώμη
1552 1641 1638 1689 μοι
1677 1620 1995 1690 ἀποδεδέχθω

333 1709 492 1777 πλοίῳ
527 1728 612 1773 μιν
647 1706 914 1761 ἀπικέσθαι
954 1709 1036 1760 ἐπὶ
1070 1707 1127 1760 τὸ
1165 1707 1497 1774 Ἀρτεμίσιον.
1586 1706 1651 1761 ὡς
1684 1708 1738 1758 δὲ
1773 1707 1993 1766 ἀπίκετο,

331 1791 505 1844 αὐτίκα
556 1790 777 1857 ἐσήμηνε
827 1798 962 1844 τοῖσι
1011 1795 1339 1859 στρατηγοῖσι
1389 1790 1479 1856 τήν
1529 1811 1584 1843 τε
1641 1791 1879 1857 ναυηγίην
1930 1790 1995 1845 ὡς
2023 1815 2072 1844 20

332 1875 527 1942 γένοιτο
567 1877 648 1928 καὶ
691 1878 780 1930 τὰς
818 1877 1249 1944 περιπεμφθείσας
1292 1879 1390 1928 τῶν
1434 1879 1561 1927 νεῶν
1599 1874 1712 1942 περὶ
1753 1874 1994 1940 Εὔβοιαν.

259 1975 295 2024 9
332 1965 477 2012 τοῦτο
527 1963 581 2012 δὲ
633 1961 935 2016 ἀκούσαντες
987 1963 1033 2013 οἱ
1073 1959 1331 2025 “Έλληνες
1385 1960 1542 2027 λόγον
1593 1959 1748 2026 σφίσι
1799 1958 1995 2010 αὐτοῖσι

330 2046 579 2097 ἐδίδοσαν.
661 2050 866 2097 πολλῶν
897 2048 952 2099 δὲ
981 2044 1269 2114 λεχθέντων
1299 2043 1439 2096 ἐνίκα
1466 2042 1557 2108 τὴν
1585 2041 1773 2109 ἡμέρην
1801 2043 1995 2108 ἐκείνην

330 2129 477 2181 αὐτοῦ
506 2128 767 2194 μείναντάς
796 2150 852 2181 τε
882 2129 962 2181 καὶ
992 2127 1338 2188 αὐλισθέντας,
1362 2125 1627 2194 μετέπειτα
1654 2126 1805 2180 νύκτα
1831 2125 1994 2192 μέσην

325 2212 574 2279 παρέντας
604 2213 904 2280 πορεύεσθαι
940 2215 1020 2266 καὶ
1056 2214 1281 2266 ἀπαντᾶν
1310 2220 1429 2285 τῇσι
1463 2210 1992 2282 περιπλεούσῃσιτῶν
2018 2233 2066 2275 ²5

327 2302 470 2350 νεῶν.
543 2299 668 2363 μετὰ
697 2300 751 2351 δὲ
779 2303 939 2357 τοῦτο,
966 2298 1030 2352 ὡς
1061 2297 1219 2352 οὐδείς
1250 2303 1349 2364 σφι
1379 2295 1610 2355 ἐπέπλεε,
1635 2293 1806 2359 δείλην
1835 2294 1991 2361 ὀψίην

321 2465 325 2469 -
380 2451 407 2476 2
437 2445 562 2478 -πλω-
583 2437 622 2476 R
637 2436 719 2476 SV
910 2449 937 2487 3
965 2441 1118 2478 λοιπῶν
1146 2440 1251 2485 νηῶν
1281 2437 1342 2477 ἐπὶ
1374 2434 1414 2473 R
1431 2434 1517 2475 SV
1653 2433 1877 2487 ’ᾼφετῆσιν
1898 2431 1990 2471 RV

326 2507 350 2542 4
397 2491 600 2535 ἐποιέοντο
641 2492 682 2531 R
703 2491 734 2531 S
754 2492 793 2531 V
827 2491 893 2544 (it.
930 2491 977 2541 5)
1105 2494 1148 2533 ἐν
1179 2495 1237 2543 τῷ
1272 2490 1445 2530 Bekker
1627 2500 1652 2538 5
1695 2492 1799 2537 νηῶν
1838 2486 1879 2525 R
1901 2487 1932 2527 S
1951 2487 1992 2526 V

325 2547 458 2599 τούτῳ
477 2561 559 2594 om,
584 2547 618 2586 C
698 2591 700 2593 ,
784 2548 811 2586 8
839 2548 937 2595 τῆσι
958 2545 1040 2586 SV
1203 2558 1230 2596 9
1259 2543 1557 2598 περιεβάλλετο
1585 2543 1620 2582 Β
1637 2543 1667 2582 S
1681 2542 1719 2582 V
1829 2540 1927 2583 ἐνόω
1948 2541 1988 2580 R

326 2612 378 2696 ἕῗ
408 2602 706 2698 αὐτομολήσεῖιν
722 2632 731 2641 .
747 2603 941 2696 .l.³oc‘S<{17n.
966 2599 1104 2696 ROSV
1139 2653 1181 2706 r(
1226 2599 1561 2694 §kggingelt
1589 2600 1641 2640 ὡς
1662 2598 1697 2669 IZ
1745 2595 1890 2691 0ωέτὲ
1906 2597 1990 2690 ἔδῃ

560 2669 610 2696 12
641 2674 659 2698 ε
677 2673 748 2698 παι
1043 2672 1095 2696 ωυ
1127 2672 1151 2695 α
1176 2673 1205 2696 ω
1595 2666 1613 2691 1
1674 2669 1726 2693 ως
1819 2680 1828 2691 .

323 2724 376 2761 -14
422 2713 478 2753 εἷς
512 2711 604 2750 RV
713 2710 879 2763 ἀνέχειν
914 2710 954 2748 R
972 2709 1058 2749 SV
1082 2672 1126 2738 ·μ
1225 2721 1274 2759 15
1314 2711 1354 2751 ἐς
1384 2708 1425 2748 R
1442 2708 1528 2748 SV
1620 2666 1803 2748 3τούτους
1834 2708 1874 2747 ἐς
1901 2717 1986 2745 om.

325 2763 365 2804 R
383 2767 414 2806 S
427 2766 466 2805 V
648 2779 695 2815 17
724 2769 873 2807 ἵκελλα
894 2766 934 2804 R
954 2780 963 2804 :
995 2768 1133 2806 εἴκελα
1151 2763 1191 2802 Α
1209 2763 1244 2802 Β
1259 2763 1293 2803 C
1308 2764 1342 2802 P
1529 2763 1579 2800 18
1605 2760 1765 2812 μέντοι]
1785 2759 1860 2812 μὲν
1879 2759 1936 2798 Α1
1951 2760 1986 2798 C

317 2834 377 2870 ⁴19
405 2820 700 2863 ἆπικέεσθαιΚ
844 2833 898 2859 20
928 2820 1118 2870 ἐσήμαινε
1140 2818 1174 2858 Ρ
1188 2817 1227 2857 R
1243 2818 1325 2858 SV
1447 2830 1495 2857 21
1529 2816 1838 2870 περιπεφθείσας
1858 2814 1915 2853 A1
1930 2813 1984 2852 Bl

322 2875 428 2924 νηῶν
449 2875 490 2914 R
674 2888 727 2924 24
755 2873 949 2925 μείναντά
970 2873 1061 2913 RV
1252 2885 1306 2923 25
1335 2881 1460 2914 -πλω-
1483 2871 1523 2910 R
1540 2871 1619 2911 SV
1799 2871 1852 2909 26
1881 2871 1986 2919 νηῶν

323 2928 463 2972 RSV
572 2928 859 2972 -vrMo-RSV
