2132 3340
772 105 1149 154 ΙΣΤΟΡΙΩΝ
1211 105 1261 154 H
1814 145 1820 150 .
1888 105 2002 158 vn.
2024 116 2118 171 237

182 239 226 291 εἰ
264 236 330 303 μὴ
373 237 547 304 πρόσω
582 237 760 304 ἀρετῆς
796 234 984 302 ἀνήκοι·
1032 235 1238 295 σπάνιοι
1284 235 1336 290 δέ
1386 239 1486 290 εἶσι
1526 238 1574 290 οἱ
1617 242 1847 290 τοιοῦτοι·

181 319 342 385 ξεῖνος
377 324 431 374 δὲ
466 320 610 392 ξείνῳ
649 322 700 374 εὖ
741 320 1030 388 πρήσσοντί
1069 323 1180 374 ἐστι
1219 320 1583 387 εὐμενέστατον
1629 320 1846 382 πάντων,
1887 339 1914 382 3

181 405 652 472 συμβουλευομένου
694 428 748 460 τε
791 406 853 458 ἂν
899 406 1297 472 συμβουλεύσειε
1337 409 1399 458 τὰ
1437 405 1634 473 ἄριστα.
1722 408 1848 458 οὕτω

100 541 140 579 ‘5
180 487 250 543 ὧν
282 491 578 558 κακολογίης
611 489 723 556 πέρι
758 493 847 555 τῆς
883 491 934 543 ἐς
972 489 1290 558 Δημάρητον,
1325 491 1495 544 ἐόντος
1528 492 1636 556 ἐμοὶ
1667 490 1845 556 ξείνου,

0 556 87 627 ἵε
131 600 153 638 5
180 573 552 643 ἔχεσθαί-τινα
600 579 687 627 τοῦ
737 579 916 627 λοιποῦ
970 574 1170 627 κελεύω.
1256 579 1411 627 ταῦτα
1463 577 1603 629 εἴπας
1655 572 1849 642 Ξέρξης
1885 583 1984 643 238

178 657 362 724 διεξήιε
392 662 471 711 διὰ
502 664 601 712 τῶν
631 665 816 727 νεκρῶν
842 660 925 712 καὶ·
952 660 1227 720 Λεωνίδεω,
1255 660 1478 725 ἀκηκοὼς
1502 661 1579 712 ὅτι
1601 660 1850 726 βασιλεύς

178 764 232 796 τε
264 741 324 808 ἦν
357 743 437 795 καὶ
467 743 746 812 στρατηγὸς
776 744 1196 810 Λακεδαιμονίων,
1232 743 1471 796 ἐκέλευσε
1502 745 1851 810 ἀποταμόντας

179 826 271 892 τὴν
309 828 535 895 κεφαλὴν
572 830 975 895 ἀνασταυρῶσαι.
1067 827 1195 893 δῆλά
1230 850 1316 894 μοι
1351 833 1595 881 πολλοῖσι
1635 831 1728 894 μὲν
1770 829 1850 880 καὶ
1887 848 1913 879 2

179 911 387 964 ἄλλοισι
416 915 738 981 τεκμηρίοισι,
772 915 827 964 ἐν
864 915 917 964 δὲ
957 913 1034 965 καὶ
1064 916 1187 983 τῷδε
1218 914 1303 965 οὐκ
1335 913 1517 978 ἥκιστα
1547 912 1741 982 γέγονε,
1774 915 1851 966 ὅτι

106 1017 156 1048 ιο
177 996 424 1062 βασιλεὺς
449 997 641 1069 Ξέρξης
664 996 863 1050 πάντων
894 996 951 1061 δὴ
975 996 1200 1062 μάλιστα
1233 998 1424 1065 ἀνδρῶν
1455 998 1680 1064 ἐθυμώθη
1708 999 1851 1062 ζῶντι

178 1082 419 1153 Λεωνίδῃ·
467 1082 524 1135 οὗ
552 1084 647 1151 γὰρ
677 1082 739 1134 ἄν
770 1103 883 1134 κοτε
920 1084 970 1135 ἐς
1000 1086 1088 1133 τὸν
1120 1082 1295 1149 νεκρὸν
1325 1088 1480 1134 ταῦτα
1509 1083 1846 1149 παρενόμησε,

178 1166 287 1218 ἐπεὶ
334 1170 480 1231 τιμᾶν
528 1165 754 1231 μάλιστα
804 1166 1061 1232 νομίζουσι
1111 1171 1209 1218 τῶν
1262 1167 1362 1234 ἐγὼ
1414 1167 1524 1219 οἶδα
1574 1167 1849 1234 ἀνθρώπων

179 1248 378 1316 Πέρσαι
424 1249 603 1317 ἄνδρας
651 1251 866 1318 ἀγαθοὺς
909 1253 972 1302 τὰ
1024 1250 1257 1317 πολέμια.
1354 1254 1400 1303 οἱ
1446 1254 1538 1316 μὲν
1587 1251 1644 1316 δὴ
1695 1257 1849 1305 ταῦτα

178 1334 388 1394 ἐποίευν,
438 1339 572 1387 τοῖσι
616 1334 909 1388 ἐπετέτακτο
954 1334 1156 1387 ποιέειν.
1245 1335 1408 1401 ἄνειμι
1451 1339 1506 1389 δὲ
1549 1338 1852 1407 ἐκεῖσε-τῴ
1867 1302 1990 1406 {39
2099 1325 2132 1396 ο1

105 1442 152 1484 15
177 1419 332 1493 λόχου
375 1420 433 1494 τῇ
481 1440 564 1492 μοι
607 1417 699 1489 {rb}
744 1421 984 1489 πρότερον
1022 1418 1234 1487 ἐξέλιπε.
1326 1420 1567 1472 ἐπύθοντο
1603 1419 2015 1475 Λακεδαι-’“”·’“’“
2106 1479 2132 1505 u

175 1503 340 1567 μόνιοι
368 1504 443 1555 ὅτι
473 1503 722 1569 βασιλεὺς
754 1504 1022 1557 στέλλοιτο
1055 1504 1136 1556 ἐπὶ
1165 1502 1256 1569 τὴν
1279 1502 1506 1556 Ἑλλάδα
1534 1502 1737 1572 πρῶτοι,
1768 1486 2132 1567 natu-„fik

176 1588 302 1640 οὕτω
333 1587 391 1653 δὴ
425 1589 474 1643 ἐς
505 1588 562 1640 τὸ
590 1587 896 1657 χρηστήριον
926 1588 983 1641 τὸ
1015 1590 1065 1642 ἐς
1098 1588 1335 1657 Δελφοὺς
1366 1587 1692 1657 ἀπέπεμψαν,
1727 1591 1847 1643 ἔνθα

175 1669 233 1736 δή
280 1679 377 1740 σφι
422 1671 643 1741 ἐχρήσθη
690 1675 752 1726 τὰ
797 1675 953 1743 ὀλίγῳ
1002 1674 1242 1741 πρότερον
1294 1673 1451 1726 εἶπον·
1505 1676 1747 1727 ἐπύθοντο
1792 1678 1846 1727 δὲ

174 1756 340 1827 τρόπῳ
373 1759 629 1829 θωμασίῳ.
719 1758 1015 1825 Δημάρητος
1051 1760 1148 1825 γὰρ
1183 1760 1209 1810 6
1241 1757 1548 1824 Ἀρίστωνος
1585 1760 1760 1827 φυγὼν
1792 1762 1843 1815 ἐς
1880 1782 1908 1815 2

100 1863 152 1892 20
176 1839 394 1905 Μήδους,
432 1842 497 1898 ὣς
526 1845 617 1909 μὲν
654 1844 752 1911 ἐγὼ
789 1842 957 1902 δοκέω,
995 1842 1073 1894 καὶ
1108 1842 1165 1894 τὸ
1202 1842 1336 1897 οἰκὸς
1367 1843 1475 1908 ἐμοὶ
1508 1843 1840 1913 συμμάχεται,

173 1924 260 1976 οὐκ
304 1924 366 1991 ἦν
413 1927 583 1982 εὔνοος
631 1928 1082 1994 Λακεδαιμονίοισι,
1125 1926 1339 1995 πάρεστι
1385 1931 1439 1980 δὲ
1487 1919 1698 1993 εἰκάζειν
1744 1928 1844 1984 εἴτε

174 2009 338 2083 εὐνοίῃ
361 2015 514 2064 ταῦτα
537 2013 745 2077 ἐποίησε
764 2014 863 2066 εἴτε
888 2012 968 2065 καὶ
993 2013 1322 2084 καταχαίρων·
1370 2014 1534 2066 ἐπείτε
1557 2015 1651 2080 γὰρ
1674 2012 1842 2086 Ξέρξῃ
1858 2019 2132 2071 hana-ustus

173 2093 314 2159 ἔδοξε
351 2095 740 2163 στρατηλατέειν
778 2098 859 2150 ἐπὶ
899 2096 990 2162 τὴν
1028 2095 1271 2161 Ἑλλάδα,
1309 2098 1404 2150 ἐὼν
1445 2099 1499 2149 ἐν
1536 2098 1778 2150 Σούσοισι
1814 2100 1841 2150 6

173 2178 470 2248 Δημάρητος
507 2181 586 2234 καὶ
630 2182 906 2248 πυθόμενος
953 2186 1108 2234 ταῦτα
1142 2180 1363 2247 ἠθέλησε
1398 2183 1842 2249 Λακεδαιμονίοισι

100 2284 147 2325 25
173 2260 474 2331 ἐξαγγεῖλαι.
562 2265 730 2320 ἄλλως
759 2268 851 2332 μὲν
887 2265 945 2331 δὴ
984 2266 1072 2318 οὐκ
1107 2265 1216 2335 εἶχε
1246 2270 1482 2333 σημῆναι·
1530 2268 1840 2321 ἐπικίνδυνον
1875 2285 1903 2330 3

170 2348 266 2414 γὰρ
303 2346 365 2413 ἧν
398 2348 464 2415 μὴ
500 2351 774 2418 λαμφθείη·
829 2352 856 2402 6
894 2353 948 2404 δὲ
982 2354 1269 2420 μηχανᾶται
1302 2349 1485 2404 τοιᾶδε·
1533 2353 1728 2405 δελτίον
1765 2354 1837 2406 δί-

170 2452 362 2502 πτυχον
396 2434 576 2500 λαβὼν
605 2434 692 2488 τὸν
723 2434 872 2503 κηρὸν
902 2435 1052 2487 αὐτοῦ
1088 2433 1327 2511 ἐξέκνησε
1357 2436 1444 2491 ,καὶ
1481 2436 1653 2489 ἔπειτα
1688 2439 1741 2490 ἐν
1770 2442 1838 2508 τῷ
1861 2440 2095 2493 oon-bad
2113 2437 2132 2475 s

228 2584 246 2609 1
279 2571 417 2622 ἀνήκοι
438 2574 583 2627 ἀρετῆς
608 2573 648 2613 R
663 2573 746 2614 SV
891 2587 916 2614 2
948 2574 1038 2616 ἔστι
1056 2573 1133 2625 μὲν
1154 2574 1194 2613 R
1209 2574 1239 2613 S
1252 2574 1291 2612 V
1428 2588 1453 2623 4
1483 2576 1569 2630 περὶ
1590 2576 1838 2629 κακολογίης

170 2624 209 2664 Α
222 2625 257 2664 Β
274 2626 308 2666 C
328 2641 337 2666 :
367 2626 455 2681 πέρι
475 2628 558 2681 del.
586 2627 784 2679 Krueger
948 2641 973 2679 5
1003 2629 1265 2683 περιέχεσθαί
1290 2628 1330 2668 Α
1344 2629 1379 2669 Β
1397 2629 1430 2669 C
1445 2629 1479 2668 P
1644 2632 1672 2670 6
1700 2633 1752 2672 ὡς
1773 2632 1838 2672 ὅτι

170 2679 210 2718 Α
225 2680 259 2719 Β
276 2682 310 2719 C
476 2696 499 2733 7
531 2682 691 2724 ἐκέλευε
713 2683 747 2723 C
919 2697 970 2723 10
1000 2682 1139 2734 ζόωντι
1161 2684 1195 2723 C
1216 2698 1225 2723 ε
1256 2682 1395 2733 ζώοντι
1418 2684 1453 2724 Ρ
1603 2698 1648 2724 11
1682 2686 1729 2726 ἄν
1749 2699 1832 2727 om.

170 2733 209 2772 A
225 2735 259 2774 B
277 2736 311 2775 C
418 2737 678 2791 παρηνόμησε
700 2738 735 2777 Ρ
903 2751 951 2788 13
980 2743 1111 2780 ταῦτα
1130 2751 1209 2778 om.
1246 2737 1284 2776 R
1304 2739 1334 2778 S
1347 2739 1387 2778 V
1530 2753 1576 2789 14
1607 2746 1735 2790 caput
1754 2754 1837 2791 239

171 2790 252 2829 del.
296 2790 495 2841 Krueger
660 2792 723 2834 ἐπ’
755 2797 883 2835 ἐκεῖνο
921 2791 969 2831 Pt
987 2793 1027 2831 R
1044 2794 1075 2832 S
1093 2793 1131 2831 V
1236 2840 1238 2844 ,
1356 2805 1403 2843 15
1444 2795 1493 2836 τὸ
1528 2809 1607 2835 om.
1646 2795 1680 2834 P
1698 2795 1737 2834 R
1755 2795 1838 2835 SV

176 2844 239 2882 18·
253 2846 395 2898 ὀλίγον
417 2847 448 2886 S
463 2847 540 2899 [V]
661 2861 709 2897 19
739 2854 857 2899 θωυμ.
879 2848 920 2887 Α
936 2848 969 2886 Β
985 2848 1018 2886 Ρ
1128 2862 1182 2888 20
1212 2851 1314 2891 εἰκὸς
1338 2847 1377 2888 R
1392 2849 1424 2889 S
1437 2850 1476 2889 V
1589 2862 1637 2888 21
1671 2851 1781 2890 εὕνος
1799 2850 1834 2888 Β

172 2912 228 2943 22,
255 2901 389 2941 ἐπείτε
408 2903 487 2954 ’γὰρ
506 2916 587 2944 om.
614 2903 652 2942 R
668 2903 749 2944 SV
915 2916 966 2953 23
999 2902 1134 2944 ἐδόκεε
1157 2904 1195 2942 R
1212 2904 1242 2944 S
1255 2904 1294 2946 V
1441 2916 1494 2955 25
1523 2906 1573 2956 δὴ
1594 2917 1674 2945 om.
1699 2903 1739 2943 A
1753 2904 1788 2944 B
1801 2905 1836 2945 C

171 2954 226 2991 26
254 2963 310 2996 λα
323 2968 351 2997 -ι-
364 2957 482 3008 φθείη
504 2957 540 2997 Β
709 2970 759 3007 27
791 2963 847 3012 τῷ
867 2971 952 2999 om.
972 2956 1110 3000 ABC
