2132 3340
93 107 208 154 VII.
238 120 269 154 2

931 106 1360 154 ΗΡΟΔΟΤΟΎ

310 235 460 301 γόνου
493 234 570 286 καὶ
606 235 680 286 ὅτι
719 234 1041 300 νομιζόμενον
1081 238 1152 299 εἵη
1191 234 1310 301 πρὸς
1347 233 1544 286 πάντων
1581 234 1852 300 ἀνθρώπων
1881 235 1968 288 τὸν

313 320 663 386 πρεσβύτατον
698 319 788 383 τὴν
826 319 987 387 ἀρχὴν
1024 319 1175 387 ἔχειν,
1216 316 1409 385 Ξέρξης
1445 321 1498 370 δὲ
1535 319 1599 372 ὡς
1629 318 1883 384 Ἀτόσσης
1914 341 1968 373 τε
2010 352 2015 357 -

313 408 426 456 παῖς
464 405 536 467 εἵη
575 406 663 467 τῆς
704 404 866 469 Κύρου
903 406 1142 471 θυγατρὸς
1184 403 1263 454 καὶ
1299 404 1376 455 ὅτι
1414 407 1573 470 Κῦρος
1609 405 1681 468 ε’ίη
1720 404 1746 453 ὁ
1784 404 1966 468 κτησά-

311 509 459 553 μενος
513 492 646 538 τοῖσι
698 484 933 559 Πέρσῃσι
980 487 1070 552 τὴν
1123 487 1422 554 ἐλευθερίην.
1514 488 1727 561 Δαρείου
1778 489 1831 539 δὲ
1882 489 1970 540 οὐκ

312 569 729 636 ἀποδεικνυμένου
767 593 834 622 κω
871 572 1073 638 γνώμην
1114 571 1360 639 ἐτύγχανε
1401 572 1524 622 κατὰ
1559 570 1716 623 τώυτὸ
1750 572 1970 624 τούτοισι
1994 596 2017 635 5

314 657 392 707 καὶ
455 655 750 722 Δημάρητος
817 657 843 706 ὁ
902 656 1208 722 Ἀρίστωνος
1267 655 1600 721 ἀναβεβηκὼς
1671 655 1723 708 ἐς
1781 660 1967 715 Σοῦσα,

313 737 644 806 ἐστερημένος
682 762 735 790 τε
771 743 859 805 τῆς
898 739 952 791 ἐν
991 739 1194 811 Σπάρτῃ
1230 741 1505 805 βασιληίης
1543 739 1621 791 καὶ
1659 739 1826 806 φυγὴν
1860 740 1967 792 ἐπι-

311 825 491 889 βαλὼν
537 827 700 894 ἑωυτῷ
747 823 803 874 ἐκ
844 825 1231 889 Λακεδαίμονος.
1324 823 1466 876 οὗτος
1519 823 1648 890 ὡνὴρ
1696 824 1972 888 πυθόμενος

312 913 410 959 τῶν
444 909 658 975 Δαρείου
695 910 883 959 παίδων
919 908 1010 972 τὴν
1047 906 1305 974 διαφορήν,
1339 907 1517 966 ἐλθών,
1551 907 1617 961 ὡς
1645 908 1675 978 ἡ
1708 907 1857 974 φάτις
1886 930 1971 972 μιν

312 992 434 1060 ἔχει,
470 989 636 1063 Ξέρξῃ
666 985 1002 1056 συνεβούλευε
1027 989 1196 1059 λέγειν
1228 991 1348 1058 πρὸς
1377 996 1512 1042 τοῖσι
1541 991 1687 1058 ἔλεγε
1717 991 1879 1050 ἔπεσι,
1906 992 1971 1046 ὡς
1999 1019 2041 1050 1<-

312 1077 457 1129 αὐτὸς
496 1078 587 1140 μὲν
624 1074 819 1143 γένοιτο
860 1078 1054 1145 Δαρείῳ
1092 1075 1183 1141 ἤδη
1221 1076 1551 1140 βασιλεύοντι
1592 1075 1670 1127 καὶ
1710 1076 1879 1144 ἔχοντι
1913 1075 1970 1128 τὸ

314 1157 555 1225 Περσέων
586 1159 779 1226 κράτος,
806 1159 1180 1225 Ἀρτοβαζάνης
1210 1163 1261 1211 δὲ
1294 1159 1367 1211 ἔτι
1398 1160 1565 1232 ἰδιώτῃ
1596 1159 1731 1212 ἐόντι
1757 1161 1968 1230 Δαρείῳ·

314 1245 397 1296 οὐκ
444 1243 511 1296 ὦν
557 1245 668 1295 οὔτε
713 1243 845 1297 οἰκὸς
891 1246 963 1308 εἴη
1002 1245 1114 1296 οὔτε
1155 1246 1342 1295 δίκαιον
1379 1243 1536 1296 ἄλλον
1576 1246 1687 1296 τινὰ
1725 1244 1783 1295 τὸ
1822 1241 1971 1312 γέρας

314 1329 450 1396 ἔχειν
480 1327 575 1394 πρὸ
607 1331 803 1386 ἑωυτοῦ,
837 1327 950 1379 ἐπεί
976 1328 1142 1394 γε”καὶ
1174 1328 1229 1379 ἐν
1259 1327 1476 1399 Σπάρτῃ,
1503 1327 1600 1394 ἔφη
1625 1329 1651 1378 ὁ
1677 1327 1972 1395 Δημάρητος

313 1410 680 1477 ὑποτιθέμενος,
714 1413 839 1463 οὕτω
873 1413 1173 1477 νομίζεσθαι,
1199 1408 1260 1476 ἢν
1285 1414 1329 1463 οἱ
1351 1415 1444 1477 μὲν
1467 1413 1827 1479 προγεγονότες
1849 1412 1972 1464 ἔωσι
1999 1437 2043 1478 ¹5
2096 1417 2102 1419 s

315 1497 429 1561 πρὶν
465 1491 493 1559 ἦ
534 1495 621 1546 τὸν
661 1493 850 1562 πατέρα
891 1493 1067 1561 σφέων
1109 1500 1434 1561 βασιλεῦσαι,
1474 1497 1500 1546 ὁ
1542 1498 1594 1547 δὲ
1642 1497 1971 1560 βασιλεύοντι

315 1580 555 1646 ὀψίγονος
605 1578 906 1646 ἐπιγένηται,
958 1585 1044 1631 τοῦ
1096 1577 1452 1646 ἐπιγενομένου
1502 1579 1593 1644 τὴν
1642 1578 1832 1644 ἔκδεξιν
1882 1584 1969 1644 τῆς

312 1665 588 1729 βασιληίης
619 1664 862 1730 γίνεσθαι.
937 1662 1257 1731 χρησαμένου
1279 1666 1333 1716 δὲ
1358 1660 1557 1730 Ξέρξεω
1580 1671 1640 1737 τῇ
1674 1661 1970 1730 Δημαρήτου

311 1747 533 1818 ὑποθήκῃ
586 1748 732 1814 γνοὺς
777 1749 803 1797 ὁ
852 1752 1062 1814 Δαρεῖος
1110 1748 1174 1801 ὡς
1220 1745 1364 1815 λέγοι
1410 1749 1573 1799 δίκαια
1617 1745 1842 1812 βασιλέα
1887 1769 1970 1813 μιν

313 1828 536 1895 ἀπέδεξε.
625 1829 812 1883 δοκέειν
861 1829 914 1883 δέ
953 1852 1051 1896 μοι,
1093 1832 1172 1883 καὶ
1216 1831 1334 1883 ἄνευ
1368 1832 1547 1896 ταύτης
1590 1835 1679 1897 τῆς
1721 1830 1971 1896 ὑποθήκης
1998 1855 2048 1882 20

313 1914 622 1980 ἐβασίλευσε
653 1915 712 1966 ἂν
746 1913 954 1981 Ξέρξης·
999 1916 1028 1980 ἡ
1054 1918 1148 1983 γὰρ
1164 1914 1398 1967 ’Ἄτοσσα
1429 1914 1534 1983 εἶχε
1564 1914 1620 1966 τὸ
1651 1919 1748 1967 πᾶν
1779 1914 1968 1981 κράτος.

313 1998 558 2063 ἀποδέξας
581 2002 633 2051 δὲ
657 1999 881 2064 βασιλέα
907 1999 1140 2072 Πέρσῃσι
1158 1997 1351 2065 Ξέρξεα
1377 2003 1586 2065 Δαρεῖος
1610 2000 1792 2066 ὁρμᾶτο
1817 2020 1967 2065 στρα-

312 2083 559 2134 τεύεσθαι.
627 2084 761 2134 ἀλλὰ
785 2085 879 2150 γὰρ
902 2085 1026 2148 μετὰ
1049 2082 1199 2134 ταῦτά
1222 2105 1276 2134 τε
1308 2084 1387 2134 καὶ
1411 2083 1664 2149 Αἰγύπτου
1686 2083 1970 2134 ἀπόστασιν

312 2171 377 2235 τῷ
401 2166 591 2236 ὑστέρῳ
625 2168 723 2219 ἔτεϊ
753 2167 1250 2234 παρασκευαζόμενον
1282 2165 1540 2231 συνήνεικε
1563 2165 1710 2218 αὐτὸν
1736 2171 1967 2232 Δαρεῖον,

311 2250 694 2315 βασιλεύσαντα
717 2252 778 2301 τὰ
801 2250 963 2303 πάντα
986 2249 1048 2316 ἕξ
1064 2272 1118 2302 τε
1143 2252 1222 2302 καὶ
1245 2249 1509 2317 τριήκοντα
1533 2250 1660 2308 ἔτεα,
1683 2251 1967 2309 ἀποθανεῖν,
1996 2273 2015 2300 2
2022 2273 2044 2312 5
2103 2270 2112 2277 ·

311 2333 426 2385 οὐδέ
461 2336 506 2385 οἱ
552 2334 804 2401 ἐξεγένετο
849 2335 960 2386 οὔτε
1003 2335 1117 2387 τοὺς
1163 2336 1479 2386 ἀπεστεῶτας
1522 2334 1818 2400 Αἰγυπτίους
1859 2333 1970 2386 οὔτε

311 2416 603 2482 Ἀθηναίους
661 2417 1057 2485 τιμωρήσασθαι.
1168 2418 1508 2470 ἀποθανόντος
1559 2419 1613 2468 δὲ
1667 2418 1883 2484 Δαρείου
1939 2417 1968 2481 ἡ

312 2503 558 2566 βασιληίη
591 2502 882 2570 ἀνεχώρησε
920 2503 970 2554 ἐς
1009 2501 1096 2552 τὸν
1132 2505 1284 2553 παῖδα
1319 2500 1406 2552 τὸν
1439 2501 1626 2552 ἐκείνου
1656 2498 1868 2567 Ξέρξην.
1943 2503 1970 2551 ὁ

312 2586 477 2637 τοίνυν
509 2583 702 2652 Ξέρξης
740 2586 820 2637 ε’πὶ
856 2588 948 2650 μὲν
985 2585 1074 2648 τὴν
1104 2584 1332 2636 Ἑλλάδα
1367 2584 1588 2649 οὐδαμῶς
1625 2585 1874 2650 πρόθυμος
1909 2583 1969 2648 ἦν

367 2738 389 2774 7
427 2725 660 2771 ἐπιβάλλων
689 2724 825 2762 ABC
902 2749 907 2755 ·
990 2724 1016 2761 8
1046 2724 1144 2775 ἀνὴρ
1175 2723 1257 2762 SV
1423 2735 1474 2761 10
1506 2720 1806 2770 συνεβούλευσε
1837 2721 1972 2761 RSV

315 2792 361 2818 11
393 2784 452 2820 τῶ
473 2780 507 2817 C
641 2791 688 2816 12
720 2780 872 2832 Ἀρταβ
905 2777 1164 2816 AB¹RSV
1277 2778 1339 2817 ἐπὶ
1363 2775 1500 2816 RSV
1614 2789 1660 2825 17
1693 2776 1968 2827 ἐπιγινομένου

312 2834 351 2871 Α
366 2833 449 2872 BC
584 2835 632 2871 18
659 2832 848 2884 γενέσθαι
872 2832 911 2869 R
926 2832 1010 2871 SV
1150 2844 1198 2882 19
1226 2830 1342 2883 λέγει
1366 2831 1447 2870 SV
1469 2832 1571 2882 (non
1588 2829 1647 2880 R)
1757 2843 1811 2871 20
1839 2829 1968 2871 δοκέει

313 2888 347 2926 C
364 2888 397 2925 P
579 2900 627 2925 21
670 2890 912 2934 βασιλεῦσαι
935 2887 971 2925 Α
988 2886 1021 2924 Β
1039 2886 1071 2924 C
1087 2886 1143 2925 P:
1183 2899 1235 2925 an
1259 2885 1528 2934 βασιλεύσαιῖ
1552 2902 1558 2906 ·
1712 2897 1764 2922 22
1803 2887 1968 2937 Δαρεῖος

313 2942 457 2994 Ξέρξεα
481 2942 513 2980 Ρ
679 2944 837 2994 ὡρμᾶτο
867 2941 901 2979 C
924 2941 956 2980 P
979 2940 1017 2979 R
1041 2940 1071 2979 S
1091 2940 1130 2979 V
1347 2953 1399 2991 25
1435 2940 1527 2980 ἔτεα
1556 2944 1656 2978 ante
1686 2938 1728 2992 ἕξ
1763 2938 1796 2976 P
1818 2938 1855 2976 R
1879 2938 1909 2978 S
1930 2938 1968 2978 V

314 2998 367 3035 28
397 2998 620 3049 ἀνεχώρεεν
643 2996 680 3033 R
699 2998 728 3035 S
744 2996 778 3034 V
