2132 3340
691 90 1068 139 ΙΣΤΟΡΙΩΝ
1131 91 1178 138 Η
1668 140 1671 145 ,
1805 91 1918 140 V11.
1947 82 2043 151 69ι

1225 220 1501 240 xxxxx

100 307 232 360 λέων
267 307 502 360 Αἷθιοπες
536 304 682 371 (διξοὶ
718 306 814 373 γὰρ
849 297 907 370 δὴ
946 220 1323 372 ἐστρατεύοντο)
1362 303 1765 373 προσετετάχατο

102 394 239 444 τοῖσι
266 390 488 450 Ἰνδοῖσι,
513 389 916 444 διαλλάσσοντες
939 388 1067 442 εἶδος
1090 391 1183 455 μὲν
1206 389 1346 441 οὐδὲν
1371 393 1506 442 τοῖσι
1530 388 1763 456 ἑτέροισι,

102 473 276 542 φωνὴν
305 477 360 528 δὲ
391 474 469 526 καὶ
500 476 725 543 τρίχωμα
761 478 960 540 μοῦνον·
1029 476 1075 526 οἱ
1111 476 1204 539 μὲν
1240 476 1336 541 γὰρ
1373 473 1472 526 ἀπὸ
1501 474 1646 539 ἡλίου
1677 475 1763 525 Αἷ-

54 579 78 623 5
103 560 269 613 θίοπες
307 557 556 628 ίθύτριχές
592 560 709 619 εἰσι,
749 560 797 611 οἱ
834 557 875 610 δ’
914 559 966 610 ἐκ
1004 561 1092 624 τῆς
1127 558 1320 624 Λιβύης
1358 557 1627 610 οὐλότατον
1663 559 1762 625 τρί-

102 664 250 713 χωμα
278 642 455 711 ἔχουσι
480 641 682 696 πάντων
711 642 1002 710 ἀνθρώπων.
1069 643 1207 694 οὗτοι
1231 645 1284 694 δὲ
1315 645 1361 695 οἱ
1394 643 1447 694 ἐκ
1478 646 1565 707 τῆς
1590 642 1767 707 Ἀσίης
1806 665 1830 695 2

104 729 340 781 Αἰθίοπες
369 729 430 779 τὰ
459 730 552 794 μὲν
583 726 722 780 πλέω
756 725 881 779 κατά
910 749 1002 795 περ
1035 725 1184 780 Ἰνδοὶ
1214 725 1518 795 ἐσεσάχατο,
1552 731 2015 794 προμς-ἱ-οεα-ἣνθ·

103 813 284 865 ωπίδια
325 813 379 864 δὲ
420 812 587 865 ἵππων
633 811 772 881 εἶχον
819 812 902 864 ἐπὶ
938 819 1058 885 τῇσι
1101 818 1358 885 κεφαλῇσι
1403 812 1497 864 σύν
1536 833 1591 864 τε
1632 816 1768 863 τοῖσι

102 896 197 966 ὠσὶ
229 895 562 963 ἐκδεδαρμένα
592 896 672 948 καὶ
702 904 762 969 τῇ
786 896 962 968 λοφιῇ·
1009 895 1088 948 καὶ
1120 897 1228 948 ἀντὶ
1251 898 1344 961 μὲν
1366 897 1534 962 λόφου
1555 896 1584 961 ἡ
1609 895 1766 963 λοφιὴ
1787 904 1995 937 M·

31 1002 79 1030 ιο
103 979 336 1050 κατέχρα,
370 982 433 1032 τὰ
462 978 577 1033 δε
546 986 650 1033 ὠτα
679 985 779 1032 τῶν
808 982 973 1033 ἵππων
1004 981 1126 1048 ὀρθὰ
1156 981 1416 1047 πεπηγότα
1444 980 1600 1049 εἶχον·
1647 1002 1765 1046 προ-

0 1075 58 1112 :a
101 1063 340 1135 βλῃματα
369 1066 471 1118 δὲ’
447 1064 553 1117 αντ’
578 1065 854 1118 ἀσπίδων’
833 1069 1091 1117 εποιεῦντο
1113 1064 1339 1133 γεράνων
1362 1063 1526 1131 δοράς.
1578 1066 1768 1131 Λίβυες
1806 1082 1860 1132 71

99 1152 153 1202 δὲ
179 1148 364 1214 σκευὴν
385 1152 478 1215 μὲν
504 1150 743 1214 σκυτίνην
766 1147 919 1214 ἤισαν
944 1149 1163 1217 ἔχοντες,
1188 1149 1466 1201 ἀκοντίοισι
1488 1148 1589 1201 δὲ’
1566 1150 1764 1201 επικαύ-
1791 1147 2132 1219 W&

99 1255 234 1287 τοισι
274 1234 562 1302 χρεώμενοι.
651 1233 870 1302 ἄρχοντα
910 1235 963 1286 δὲ
1007 1235 1307 1302 παρείχοντο
1349 1234 1644 1301 Μασσάγην
1683 1239 1769 1286 τὸν

100 1317 348 1386 Ὀαρίζου.
460 1319 801 1387 Παφλαγόνες
861 1321 915 1371 δὲ
973 1318 1327 1385 ἐστρατεύοντο
1379 1318 1461 1371 ἐπὶ
1510 1321 1603 1384 μὲν
1653 1326 1770 1392 τῇσι
1809 1334 1870 1384 72

31 1421 79 1463 15
103 1409 359 1477 κεφαλῇσι
396 1402 577 1471 κράνεα
612 1402 937 1470 πεπλεγμένα
973 1402 1194 1471 ἔχοντες,
1227 1403 1445 1457 ἀσπίδας
1476 1405 1527 1455 δὲ
1560 1405 1770 1470 σμικρᾶς

103 1486 287 1556 αἰχμάς
315 1510 369 1541 τε
400 1487 455 1539 οὗ
485 1486 730 1555 μεγάλας,
759 1487 881 1555 πρὸς
912 1489 966 1540 δὲ
995 1488 1201 1540 ἀκόντια
1232 1488 1310 1539 καὶ
1343 1488 1632 1556 ἐγχειρίδια,
1659 1489 1770 1554 περὶ

104 1575 157 1626 δὲ
177 1565 291 1627 τοὺς
313 1573 470 1627 πόδας
495 1571 676 1625 πέδιλα
699 1572 942 1640 ἐπιχώρια
965 1574 1015 1625 ἐς
1032 1571 1196 1639 μέσην
1221 1571 1410 1638 κνήμην
1434 1574 1768 1625 ἀνατείνοντα.

105 1657 285 1725 Λίγυες
313 1660 368 1710 δὲ
406 1658 486 1710 καὶ
517 1657 767 1722 Ματιηνοὶ
802 1658 881 1709 καὶ
915 1657 1259 1725 Μαριανδυνοί
1285 1679 1340 1710 τε
1371 1658 1450 1709 καὶ
1481 1657 1649 1724 Σύριοι
1679 1656 1771 1721 τὴν

105 1742 260 1808 αὐτὴν
310 1741 512 1810 ἔχοντες
566 1742 882 1809 Παφλαγόσι
934 1742 1310 1809 ἐστρατεύοντο.
1400 1745 1446 1794 οἱ
1498 1744 1552 1795 δὲ
1603 1742 1772 1809 Σύριοι

33 1844 84 1872 ²0
105 1828 242 1880 οὗτοι
269 1825 365 1879 ὑπὸ
398 1826 641 1894 Περσέων
674 1827 1005 1878 Καππαδόκαι
1043 1825 1320 1879 καλέονται.
1411 1821 1789 1893 Παφλαγόνωνὲ
1809 1842 1834 1874 2

104 1911 197 1978 μέν
227 1932 315 1964 νυν
347 1911 426 1963 καὶ
459 1915 728 1976 Ματιηνῶν
762 1916 932 1967 Δῶτος
964 1912 989 1961 ὁ
1023 1912 1345 1978 Μεγασίδρου
1376 1910 1517 1979 ἦρχε,
1544 1915 1768 1977 Μαριαν-

105 2000 263 2050 δυνῶν
293 1998 346 2049 δὲ
379 1996 460 2047 καὶ
489 1995 686 2063 Λιγύων
718 1995 797 2047 καὶ
822 1996 1010 2063 Συρίων
1042 1996 1280 2062 Γωβρύης
1305 1996 1331 2045 ὁ
1364 1996 1578 2062 Δαρείου
1607 2017 1661 2047 τε
1692 1995 1772 2046 καὶ

107 2081 471 2148 Ἀρτυστώνης.
559 2080 754 2148 Φρύγες
806 2082 860 2132 δὲ
919 2078 1185 2148 ἀγχοτάτω
1236 2083 1324 2145 τῆς
1375 2083 1772 2147 Παφλαγονικῆς
1810 2091 1873 2141 73

109 2164 291 2230 σκευὴν
328 2165 485 2234 εἶχον,
523 2165 699 2232 ὀλίγον
737 2164 1205 2231 παραλλάσσοντες.
1295 2166 1340 2216 οἱ
1374 2167 1428 2216 δὲ
1466 2165 1674 2231 Φρύγες,
1709 2163 1774 2217 ὣς

37 2267 84 2308 25
110 2249 398 2304 Μακεδόνες
432 2248 659 2316 λέγουσι,
700 2247 968 2302 ἐκαλέοντο
1006 2250 1183 2316 Βρίγες
1219 2249 1404 2316 χρόνον
1440 2249 1564 2301 ὅσον
1605 2248 1771 2314 Εὐρω-

108 2332 435 2400 πήιοι-ἐόντες
458 2333 685 2386 σύνοικοι
715 2331 847 2398 ἦσαν
879 2334 1155 2393 Μακεδόσι,
1180 2332 1492 2400 μεταβάντες
1521 2336 1574 2386 δὲ
1604 2334 1655 2387 ἐς
1683 2332 1775 2398 τὴν

163 2486 190 2524 3
219 2471 513 2515 διαλάσσοντες
535 2471 570 2511 Β
587 2471 623 2510 R
638 2471 678 2510 V
821 2485 845 2521 4
875 2472 954 2524 γὰρ
973 2484 1058 2511 om.
1082 2471 1134 2511 C¹
1282 2485 1304 2522 7
1334 2473 1592 2525 προμετῶπια
1611 2470 1649 2510 Α
1663 2471 1698 2511 Β
1713 2471 1747 2511 C
1763 2484 1772 2512 t
2102 2492 2127 2506 x

108 2528 390 2599 προμετωπίδα
412 2526 452 2566 R
465 2527 503 2566 V
653 2538 681 2576 9
708 2529 806 2581 τῆσι
826 2529 994 2580 λοφιησι
1017 2527 1050 2565 Ρ
1064 2526 1101 2564 R
1118 2526 1148 2566 S
1161 2526 1200 2565 V
1356 2539 1400 2566 11
1434 2527 1522 2568 ἀντ’
1538 2527 1775 2574 ..Λίβυες
1981 2542 1986 2547 ·

109 2583 153 2624 δὲ
183 2595 267 2624 om.
299 2581 384 2622 SV
608 2594 656 2620 12
685 2596 806 2630 ηισαν
834 2581 948 2622 ΑΒ
979 2580 1086 2629 ἦσαν
1111 2582 1196 2620 CP
1420 2594 1468 2632 13
1499 2582 1613 2634 εἶχον
1640 2579 1778 2621 RSV

112 2637 315 2690 Μασάγην
335 2636 398 2676 C.
428 2635 663 2689 Μασάγγην
684 2636 718 2674 Ρ
732 2635 770 2674 R
786 2635 817 2675 S
830 2635 867 2674 V
1042 2649 1088 2685 14
1121 2634 1291 2708 Ἀρίζου
1295 2636 1358 2676 C:
1389 2635 1566 2690 Ἀορίζου
1592 2636 1625 2675 Ρ
1642 2636 1678 2674 R
1695 2636 1726 2676 S
1739 2635 1778 2674 V

112 2691 404 2747 ἐστρατεύοντο
442 2704 524 2731 om.
572 2690 611 2728 R
634 2690 664 2729 S
684 2690 724 2728 V
912 2702 960 2740 105
1009 2690 1179 2742 ἔχοντες
1217 2690 1364 2744 κράνεα
1401 2700 1523 2733 πεπλ.
1568 2691 1601 2729 Ρ
1624 2690 1663 2729 R
1686 2690 1717 2730 S
1738 2689 1779 2728 V

111 2763 159 2788 τε
186 2746 331 2786 ABC
523 2746 676 2799 μακρὰς
707 2745 769 2784 C:
809 2745 951 2798 μικρὰς
983 2745 1074 2784 rell.
1316 2747 1366 2784 16
1404 2745 1473 2797 τε]
1506 2745 1551 2786 δὲ
1583 2745 1616 2783 Ρ
1634 2746 1672 2784 R
1693 2745 1779 2785 SV

116 2802 164 2841 18
209 2801 429 2849 Μαντιηνοὶ
461 2800 502 2839 R
684 2800 732 2838 18
767 2804 811 2838 et
844 2812 894 2848 19
933 2798 1047 2852 Σύροι
1079 2799 1113 2838 L
1291 2813 1345 2839 20
1387 2806 1497 2841 οὑτοι
1527 2812 1608 2840 om.
1640 2799 1777 2838 ΑΒΕ

114 2868 163 2895 21
198 2862 328 2898 Mam·-
351 2856 386 2895 C
403 2855 443 2893 R
556 2861 649 2907 Μεγ
650 2855 793 2895 ασίδου
814 2853 847 2892 Ρ
862 2854 900 2893 R
916 2854 999 2893 SV
1136 2868 1187 2893 22
1218 2853 1351 2907 Σύρων
1374 2854 1406 2893 L
1520 2854 1696 2909 Γοβρύης
1718 2855 1776 2894 Ρ.

114 2909 240 2963 βρύης
262 2909 302 2949 Α
317 2908 401 2950 BC
594 2922 647 2959 24
680 2909 826 2961 ὀλίγην
854 2909 892 2948 R
908 2908 987 2962 [V]
1182 2921 1234 2959 25
1264 2910 1408 2961 Βρίχες
1431 2911 1490 2950 C:
1521 2911 1663 2963 Φρίγες
1689 2909 1727 2948 A
1743 2909 1778 2948 B

115 2965 329 3019 Εὖρῶπειοι
349 2963 388 3004 Α
409 2964 474 3005 Β.
504 2965 695 3016 Εὐρώπιοι
719 2963 758 3002 R
776 2964 807 3003 S
823 2962 861 3002 V
1027 2965 1080 3002 26
1110 2964 1355 3013 συνυίκησαν
1375 2962 1414 3002 Λ
1433 2963 1520 3003 BC
1487 2964 1665 3018 (ἶςξυν.)
