2132 3340
130 44 314 109 1x.48
970 41 1404 94 HPOAOTOT

353 174 617 242 συμμεῖξαι
646 176 800 241 ἡμέας
830 177 882 230 ἐς
911 181 1093 244 χειρῶν
1123 197 1179 227 τε
1208 177 1359 241 νόμον
1390 175 1672 236 ἀπικέσθαι,
1699 178 1777 229 καὶ
1807 175 1864 242 δὴ
1889 177 2011 245 φεύ-

351 282 532 327 γοντας
556 261 634 312 καὶ
659 259 844 312 στάσιν
868 261 1189 314 ἐκλείποντας
1211 258 1361 325 ὑμέας
1393 262 1600 325 εἴδομεν,
1627 262 1682 314 ἐν
1703 260 2020 326 Ἀθηναίοισί

351 366 404 396 τε
439 344 529 409 τὴν
559 345 830 411 πρόπειραν
850 343 1179 410 ’ποιευμένους
1215 345 1389 398 αὐτούς
1423 365 1478 396 τε
1514 345 1658 397 ἀντία
1696 346 1887 398 δούλων
1916 350 2014 398 τῶν

289 445 314 487 3
350 427 600 495 ἡμετέρων
619 427 977 493 τασσομένους.
1037 433 1188 480 ταῦτα
1207 428 1430 494 οὐδαμῶς
1449 429 1639 495 ἀνδρῶν
1658 430 1857 496 ἀγαθῶν
1876 429 2012 498 ἔργα,

351 513 485 564 ἀλλὰ
519 518 762 565 πλεῖστον
799 512 857 578 δὴ
892 514 944 564 ἐν
973 514 1086 578 ὑμῖν
1114 513 1452 580 ἐψεύσθημεν·
1498 512 2014 581 προσδεκόμενοιγᾶρ
2034 535 2060 580 5

353 598 475 648 κατὰ
510 596 655 650 κλέος
692 597 756 651 ὡς
792 596 849 661 δὴ
882 596 1113 664 πέμψετε
1143 599 1194 650 ἐς
1223 596 1377 662 ἡμέας
1415 595 1594 664 κήρυκα
1625 595 2015 664 προκαλεύμενοι

351 681 430 732 καὶ
470 682 774 746 βουλόμενοι
808 682 1037 746 μούνοισι
1075 680 1311 753 Πέρσῃσι
1347 680 1617 750 μάχεσθαι,
1657 681 1814 749 ἄρτιοι
1851 681 2016 737 ἐόντες

350 763 535 817 ποιέειν
571 770 725 817 ταῦτα
763 766 906 817 οὐδὲν
945 771 1139 818 τοιοῦτο
1177 765 1421 832 λέγοντας
1454 765 1606 830 ὑμέας
1646 766 1849 832 εὕρομεν
1881 766 2017 818 ἀλλὰ

350 849 680 903 πτώσσοντας
703 853 915 915 μᾶλλον.
978 854 1066 903 νῦν
1089 847 1157 902 ὧν
1180 849 1346 914 ἐπειδὴ
1372 849 1459 901 οὐκ
1482 851 1625 915 ὑμεῖς
1640 848 1820 916 ἤρξατε
1842 850 2017 902 τούτου

271 932 314 990 ’4
351 938 437 984 τοῦ
481 935 651 1001 λόγου,
695 934 812 986 ἀλλ’
854 934 994 1000 ἡμεῖς
1037 933 1263 1001 ἄρξομεν.
1352 935 1404 986 τί
1444 933 1501 998 δὴ
1546 933 1603 985 οὐ
1647 933 1740 1001 πρὸ
1782 937 1874 1000 μὲν
1917 939 2018 986 τῶν
2041 954 2091 984 ιο

349 1016 613 1082 Ἑλλήνων
657 1019 810 1084 ὑμεῖς,
859 1020 1023 1072 ἐπείτε
1067 1018 1347 1083 δεδόξωσθε
1395 1017 1521 1070 εἶναι
1563 1017 1774 1085 ἄριστοι,
1820 1016 1915 1085 πρὸ
1961 1020 2014 1071 δὲ

350 1107 448 1154 τῶν
479 1102 755 1170 βαρβάρων
778 1104 917 1168 ἡμεῖς
947 1106 1051 1156 ἵσοι
1080 1102 1203 1170 πρὸς
1232 1105 1374 1157 ἴσους
1406 1102 1611 1170 ἀριθμὸν
1636 1101 2012 1171 ἐμαχεσάμεθαῑ

353 1188 431 1239 καὶ
454 1182 515 1251 ἢν
537 1189 627 1252 μὲν
652 1191 772 1260 δοκῇ
797 1188 875 1240 καὶ
898 1187 1011 1242 τοὺς
1034 1187 1220 1242 ἄλλους
1241 1187 1509 1256 μάχεσθαι,
1533 1190 1578 1239 οἱ
1602 1186 1643 1239 δ’
1663 1185 1729 1239 ὧν
1752 1186 2017 1253 μετέπειτα

349 1270 620 1340 μαχέσθων
649 1273 867 1339 ὕστεροι·
915 1274 957 1324 εἰ
988 1275 1041 1325 δὲ
1072 1272 1149 1324 καὶ
1185 1271 1250 1337 μὴ
1283 1271 1444 1324 δοκέοι
1479 1271 1594 1324 ἀλλ’
1624 1270 1778 1337 ἡμέας
1805 1271 2016 1337 μούνους

350 1357 594 1424 ἀποχρᾶν,
639 1357 781 1422 ἡμεῖς
825 1359 879 1409 δὲ
923 1357 1355 1431 διαμαχεσώμεθα·
1402 1357 1621 1422 ὁκότεροι
1665 1355 1705 1406 δ’
1747 1355 1807 1428 ἂν
1850 1354 2016 1421 ἡμέων
2041 1374 2086 1418 15

239 1449 313 1497 49
350 1439 611 1505 νικήσωσι,
634 1441 835 1495 τούτους
857 1446 924 1511 τῷ
949 1440 1130 1494 ἅπαντι
1149 1441 1466 1511 στρατοπέδῳ
1487 1444 1641 1493 νικᾶν.
1704 1441 1730 1491 ὁ
1752 1442 1843 1506 μὲν
1863 1445 2016 1492 ταῦτα

350 1526 492 1579 εἴπας
516 1547 569 1577 τε
602 1526 679 1576 καὶ
712 1526 938 1594 ἐπισχὼν
967 1527 1166 1594 χρόνον,
1193 1526 1258 1579 ὥς
1289 1528 1334 1577 οἱ
1365 1525 1522 1579 οὐδεὶς
1547 1525 1686 1576 οὐδὲν
1710 1526 2012 1592 ὑπεκρίνετο,

306 1656 317 1665 ,
349 1608 714 1661 ἀπαλλάσσετο
758 1611 938 1669 ὀπίσω,
982 1611 1214 1662 ἀπελθὼν
1260 1613 1312 1662 δὲ
1359 1608 1595 1675 ἐσήμαινε
1643 1609 1908 1678 Μαρδονίῳ
1953 1610 2020 1680 τᾷ·

351 1695 717 1760 ’ΞΗ-αλαβόντα.
786 1695 811 1744 ὁ
835 1697 889 1746 δὲ
912 1694 1181 1763 περιχαρὴς
1204 1695 1469 1761 γενόμενος
1495 1694 1572 1745 καὶ
1597 1693 1823 1759 ἐπαρθεὶς
1841 1692 2014 1764 ψυχρῇ
2040 1699 2132 1751 (ιω-4

286 1796 312 1827 2
348 1779 458 1849 νίκῃ
490 1779 642 1842 ἐπῆκε
671 1777 761 1842 τὴν
792 1779 945 1830 ἵππον
976 1779 1057 1831 ἐπὶ
1087 1779 1200 1832 τοὺς
1222 1777 1499 1843 ’Έλληνας
1575 1778 1638 1831 ὡς
1668 1780 1720 1829 δὲ
1752 1775 2014 1841 ἐπήλασαν
2040 1793 2091 1821 20

349 1864 395 1913 οἱ
437 1863 656 1921 ἱππόται,
698 1864 927 1914 ἐσίνοντο
967 1867 1138 1915 πᾶσαν
1178 1862 1268 1927 τὴν
1309 1861 1546 1929 στρατιὴν
1585 1861 1676 1926 τὴν
1710 1859 2014 1925 Ἑλληνικὴν

350 1946 751 2010 ἐσακοντίζοντές
794 1969 848 1999 τε
897 1948 975 1998 καὶ
1024 1946 1371 2012 ἐστοξεύοντες
1416 1947 1547 1998 ὥστε
1597 1942 1916 2008 ἱπποτοξόται
1958 1965 2014 1997 τε

5 2027 325 2103 wado«
350 2030 515 2084 ἐόντες
553 2032 631 2083 καὶ
669 2030 1048 2100 προσφέρεσθαι
1087 2031 1282 2098 ἄποροι·
1328 2029 1417 2096 τήν
1453 2052 1507 2082 τε
1545 2028 1725 2096 κρήνην
1760 2028 1848 2094 τὴν
1887 2033 1925 2080 Γ
1926 2049 2010 2096 αρ-

349 2115 553 2181 γαφίην,
592 2114 676 2166 ἀπ’
712 2115 770 2180 ἧς
805 2116 1030 2182 ὑδρεύετο
1067 2119 1166 2167 πᾶν
1201 2115 1257 2167 τὸ
1295 2114 1575 2182 στράτευμα
1610 2113 1666 2165 τὸ
1694 2112 2011 2177 Ἑλληνικόν,

286 2218 311 2261 3
351 2196 688 2264 συνετάραξαν
715 2199 793 2250 καὶ
818 2198 1132 2268 συνέχωσαν.
1200 2198 1330 2264 ἦσαν
1359 2202 1450 2264 μὲν
1474 2197 1542 2250 ὧν
1568 2198 1690 2249 κατὰ
1719 2196 1808 2261 τὴν
1833 2195 2013 2263 κρήνην
2037 2213 2086 2254 25

348 2284 726 2347 Λακεδαιμόνιοι
757 2283 1047 2350 τεταγμένοι
1083 2288 1268 2349 μοῦνοι,
1302 2288 1437 2334 τοῖσι
1474 2285 1527 2334 δὲ
1558 2281 1764 2333 ἄλλοισι
1785 2279 2013 2345 ”Έλλησι

349 2366 379 2431 ἡ
409 2369 501 2431 μὲν
532 2365 681 2433 κρήνη
715 2368 886 2433 πρόσω
919 2369 1126 2433 ἐγίνετο,
1162 2368 1226 2421 ὡς
1257 2368 1459 2419 ἕκαστοι
1491 2366 1670 2434 ἔτυχον
1701 2363 2009 2431 τεταγμένοι,

408 2517 425 2542 1
452 2511 635 2557 συμμιξαι
662 2505 694 2542 L
780 2504 898 2554 ὑμέας
917 2505 955 2542 R
971 2505 1001 2544 S
1014 2504 1052 2543 V
1163 2519 1188 2544 2
1209 2505 1319 2557 τάξιν
1337 2503 1577 2546 ἐκλιπόντας
1594 2502 1634 2540 R
1649 2502 1680 2542 S
1694 2500 1732 2540 V
1827 2514 1853 2551 3
1874 2505 2013 2555 πεῖραν
2073 2546 2076 2548 ,

351 2558 391 2596 R
406 2559 487 2597 SV
645 2560 734 2599 ἀντὶ
767 2560 805 2598 R
821 2560 850 2598 S
865 2560 901 2598 V
1114 2572 1139 2609 5
1178 2561 1502 2612 προσδοκώμενοι
1535 2558 1569 2596 C
1779 2569 1801 2605 7
1840 2555 2013 2610 (μοῦνοι)

349 2613 530 2664 μούνοισι
575 2613 700 2652 Koen
922 2615 948 2652 8
996 2618 1181 2655 τοιοῦτον
1231 2614 1270 2652 R
1286 2614 1316 2652 S
1331 2613 1369 2651 V
1575 2611 1693 2662 ὑμέας
1740 2623 1820 2650 om.
1869 2610 1908 2649 R
1927 2611 1957 2650 S
1973 2610 2012 2649 V
2040 2619 2043 2622 ⁴

355 2682 404 2706 10
434 2669 611 2719 ἄρχομεν
630 2667 669 2706 Α
686 2669 719 2706 Β
734 2669 766 2707 C
782 2668 815 2706 P
978 2670 1026 2709 τὸ
1048 2669 1129 2707 SV
1294 2668 1359 2720 οὐ]
1380 2668 1435 2708 ὧν
1455 2667 1494 2705 R
1509 2667 1539 2706 S
1553 2666 1590 2705 V
1812 2677 1861 2714 13
1890 2665 2009 2719 δοκέῃ

351 2722 384 2760 Ρ
400 2723 438 2761 R
453 2722 483 2760 S
497 2722 534 2759 V
659 2736 705 2771 14
736 2726 906 2772 ὕστερον
929 2723 967 2761 R
983 2723 1013 2762 S
1028 2723 1066 2760 V
1190 2734 1237 2772 15
1267 2721 1592 2773 διαμαχεσάμεθα
1617 2720 1655 2758 R
1674 2719 1705 2758 S
1719 2718 1756 2758 V
1884 2732 1930 2769 17
1961 2737 2008 2760 τε

350 2789 432 2815 om.
457 2777 495 2814 R
509 2776 547 2814 V
668 2779 705 2817 οἱ
727 2790 806 2815 om.
831 2778 864 2815 C
1031 2778 1267 2829 ὑπεκρίνατο
1288 2777 1327 2814 Α
1342 2777 1374 2814 Β
1388 2776 1422 2815 C
1440 2776 1473 2814 P
1597 2777 1644 2813 18
1676 2774 1850 2823 ἐσήμηνε
1873 2774 1911 2812 R
1927 2774 1958 2812 S
1972 2774 2010 2812 V

351 2844 399 2868 21
435 2830 639 2871 ἐσινέοντο
662 2831 700 2869 R
715 2831 797 2870 SV
965 2846 1039 2875 ,22
1069 2849 1115 2872 τε
1140 2845 1221 2872 orn.
1247 2833 1285 2870 R
1302 2831 1332 2871 S
1346 2830 1385 2870 V
1568 2829 1797 2881 τοξεύοντες
1819 2828 1858 2866 Α
1876 2828 1909 2866 Β
1929 2828 1961 2866 C
1976 2828 2008 2866 P

352 2886 457 2925 ὥστε
480 2885 701 2925 καὶΗΞν
810 2904 855 2928 τε
878 2886 1168 2926 om.CRSV
