2132 3340
681 64 1069 142 ἸΣΤΟΡΙΩΝ
1128 95 1178 143 Η
1817 98 1928 148 vn.
1957 112 2022 161 54

189 223 390 289 Ταύτην
415 225 509 290 μὲν
535 221 628 288 τὴν
657 220 844 289 ἡμέρην
874 223 1302 290 παρεσκευάζοντο
1326 226 1376 279 ἐς
1395 224 1486 291 τὴν
1509 225 1769 292 διάβασιν,
1812 245 1879 296 54

106 315 169 382 τῇ
216 310 270 361 δὲ
317 307 555 379 ὑστεραίῃ
612 306 853 374 ἀνέμενον
909 307 996 361 τὸν
1052 308 1198 374 ἥλιον
1256 308 1518 365 ἐθέλοντες
1577 309 1772 363 ἰδέσθαι

107 393 400 462 ἀνίσχοντα,
427 389 708 458 θυμιήματά
748 413 804 445 τε
832 396 1045 445 παντοῖα
1084 393 1167 446 ἐπὶ
1196 398 1295 447 τῶν
1325 393 1586 463 γεφυρέων
1620 416 1766 447 κατα-

107 477 327 545 γίζοντες
385 476 464 528 καὶ
519 477 794 549 μυρσίνῃσι
852 476 1152 544 στορνύντες
1209 477 1302 543 τὴν
1361 479 1494 531 ὁδόν.
1584 479 1649 533 ὡς
1727 478 1770 531 δ’
1809 498 1834 529 2

61 586 84 627 5
109 560 411 614 ἐπανέτελλε
446 561 474 611 ὁ
512 560 669 626 ἥλιος,
720 559 952 614 σπένδων
994 562 1049 613 ἐκ
1084 561 1305 631 χρυσέης
1341 562 1534 631 φιάλης
1576 562 1771 631 Ξέρξης

108 647 160 698 ἐς
206 644 296 710 τὴν
353 643 623 697 θάλασσαν
680 645 855 712 εὔχετο
905 649 1028 713 πρὸς
1079 645 1166 698 τὸν
1222 646 1370 711 ἥλιον
1420 649 1665 713 μηδεμίαν
1723 651 1771 701 οἱ

108 729 378 797 συντυχίην
406 729 638 795 τοιαύτην
667 728 919 797 γενέσθαι,
951 729 984 794 ἤ
1011 751 1097 795 μιν
1121 730 1304 783 παύσει
1324 731 1771 799 καταστρέψασθαι

106 813 198 879 τὴν
226 813 469 882 Εὐρώπην
501 814 740 881 πρότερον
770 809 800 878 ἢ
833 814 915 867 ἐπὶ
943 812 1155 881 τέρμασι
1178 819 1313 867 τοῖσι
1337 817 1527 880 ἐκείνης
1549 815 1768 883 γένηται.

107 895 372 964 εὐξάμενος
401 901 455 951 δὲ
485 897 710 965 ἐσέβαλε
740 897 831 964 τὴν
863 897 1054 966 φιάλην
1086 901 1137 953 ἐς
1167 899 1253 952 τὸν
1275 898 1659 965 Ἑλλήσποντον
1690 902 1770 954 καὶ

33 1007 84 1038 ιο
104 982 323 1051 χρύσεον
396 986 611 1051 κρητῆρα
685 983 766 1035 καὶ
837 983 1092 1051 Περσικὸν
1164 982 1328 1050 ξίφος,
1388 983 1476 1036 τὸν
1532 984 1770 1051 ἀκινάκην

106 1066 359 1120 καλέουσι.
448 1071 603 1120 ταῦτα
638 1067 725 1119 οὐκ
765 1066 868 1135 ἔχω
912 1066 1155 1135 ἀτρεκέως
1196 1072 1439 1135 διακρῖναι
1478 1069 1590 1121 οὔτε
1631 1072 1674 1122 εἰ
1709 1071 1778 1141 τῷ
1806 1085 1832 1130 3

102 1151 230 1222 ἡλίῳ
274 1151 522 1206 ἀνατιθεὶς
553 1155 732 1217 κατῆκε
764 1153 815 1205 ἐς
859 1150 916 1204 τὸ
946 1151 1168 1220 πέλαγος
1214 1153 1326 1206 οὔτε
1371 1155 1415 1205 εἷ
1457 1153 1770 1219 μετεμέλησέ
1839 1177 1847 1183 ·
1958 1167 1992 1213 ἦ

105 1238 152 1288 οἳ
195 1234 283 1287 τὸν
321 1235 708 1301 Ἑλλήσποντον
747 1237 1131 1303 μαστιγώσαντι
1170 1237 1249 1289 καὶ
1298 1238 1408 1290 ἀντὶ
1449 1237 1637 1290 τούτων
1677 1238 1769 1303 τὴν
1925 1250 1941 1271 '

104 1319 374 1371 θάλασσαν
407 1319 657 1388 ἐδωρέετο.
747 1320 813 1374 ὣς
849 1323 903 1373 δὲ
931 1320 1084 1372 ταῦτά
1125 1323 1170 1373 οἱ
1203 1323 1485 1387 ἐπεποίητο,
1512 1322 1768 1388 διέβαινον
1805 1334 1868 1384 55

33 1429 80 1471 15
105 1406 229 1456 κατὰ
261 1407 353 1470 μὲν
380 1403 471 1469 τὴν
507 1403 679 1471 ἑτέρην
722 1409 820 1456 τῶν
859 1403 1119 1472 γεφυρέων
1155 1405 1246 1470 τὴν
1275 1406 1399 1473 πρὸς
1441 1411 1527 1457 τοῦ
1570 1407 1769 1459 Πόντου

104 1488 132 1538 ὁ
177 1488 324 1552 πεζός
363 1510 418 1541 τε
466 1489 544 1540 καὶ
589 1489 620 1554 ἡ
673 1490 822 1542 ἵππος
869 1487 1059 1548 ἅπασα,
1104 1492 1227 1542 κατὰ
1286 1493 1339 1543 δὲ
1397 1490 1488 1555 τὴν
1534 1491 1657 1558 πρὸς
1706 1495 1764 1542 τὸ

107 1573 314 1640 Αἰγαῖον
348 1574 410 1624 τὰ
446 1574 686 1641 ὑποζύγια
725 1574 803 1624 καὶ
839 1573 868 1638 ἡ
915 1575 1172 1641 θεραπηίη.
1260 1574 1470 1642 ἡγέοντο
1507 1577 1560 1627 δὲ
1597 1580 1766 1643 πρῶτα
1806 1591 1832 1624 2

103 1658 196 1723 μὲν
247 1659 294 1709 οἱ
342 1656 506 1725 μύριοι
557 1656 771 1725 Πέρσαι,
826 1658 1235 1725 ἐστεφανωμένοι
1286 1658 1484 1717 πάντες,
1537 1661 1661 1724 μετὰ
1711 1662 1767 1713 δὲ

103 1741 306 1795 τούτους
346 1742 373 1792 ὁ
413 1741 711 1807 σύμμεικτος
757 1740 970 1808 στρατὸς
1006 1744 1255 1795 παντοίων
1295 1742 1492 1796 ἐθνέων.
1583 1745 1767 1809 ταύτην

0 1835 82 1880 ’πο
101 1826 195 1890 μὲν
237 1824 330 1890 τὴν
371 1824 559 1893 ἡμέρην
603 1826 753 1885 οὗτοι,
786 1826 844 1897 τῇ
890 1828 943 1878 δὲ
986 1827 1224 1900 ὑστεραίῃ
1270 1832 1456 1895 πρῶτοι
1503 1830 1596 1893 μὲν
1618 1830 1673 1880 οἵ
1712 1850 1768 1882 τε

105 1909 308 1962 ἱππόται
350 1910 429 1962 καὶ
469 1911 515 1962 οἱ
559 1912 647 1963 τὰς
684 1910 878 1978 λόγχας
920 1908 1051 1961 κάτω
1086 1907 1370 1977 τρέποντες·
1413 1912 1767 1979 ἐστεφάνωντο

103 1995 159 2046 δὲ
191 1994 272 2046 καὶ
304 1994 456 2046 οὗτοι.
542 1996 667 2060 μετὰ
697 1996 750 2046 δὲ
780 1995 832 2046 οἵ
867 2016 921 2046 τε
951 1995 1094 2047 ἵπποι
1134 1997 1180 2047 οἱ
1211 1996 1305 2062 ἱροὶ
1346 1996 1425 2047 καὶ
1455 1995 1511 2047 τὸ
1545 1995 1676 2063 ἅρμα
1708 1997 1767 2049 τὸ
1803 2019 1830 2063 3

104 2077 226 2144 ἱρόν,
269 2079 351 2131 ἐπὶ
399 2081 453 2131 δὲ
494 2077 640 2132 αὐτός
686 2100 742 2131 τε
790 2076 983 2145 Ξέρξης
1029 2080 1109 2131 καὶ
1156 2082 1202 2131 οἱ
1239 2081 1543 2147 αἰχμοφόροι
1592 2080 1670 2131 καὶ
1719 2084 1766 2133 οἲ

104 2162 308 2214 ἱππόται
367 2164 413 2214 οἱ
471 2163 647 2231 χίλιοι,
698 2164 779 2215 ἐπὶ
839 2165 893 2215 δὲ
951 2163 1175 2215 τούτοισι
1234 2165 1260 2214 ὁ
1320 2163 1476 2217 ἄλλος
1536 2165 1762 2230 στρατός.

31 2275 78 2317 25
104 2246 182 2297 καὶ
232 2248 282 2298 αἱ
334 2246 442 2300 νέες
484 2245 586 2313 ἅμα
632 2244 874 2314 ἀνήγοντο
926 2248 977 2300 ἐς
1025 2247 1116 2311 τὴν
1166 2248 1478 2300 ἀπεναντίον.
1567 2247 1656 2313 ἤδη
1711 2251 1765 2300 δὲ

101 2327 293 2395 ἤκουσα
335 2331 414 2383 καὶ
459 2332 678 2383 ὕστατον
721 2334 957 2396 διαβῆναι
999 2330 1225 2397 βασιλέα
1267 2330 1483 2384 πάντων.

109 2426 152 2458 l
188 2411 380 2480 Ξέρξης
426 2417 481 2467 δὲ
527 2416 635 2468 ἐπεὶ
686 2413 830 2481 διέβη
882 2417 934 2469 ἐς
991 2414 1081 2479 τὴν
1127 2415 1384 2483 Εὐρώπην,
1433 2419 1624 2481 ἐθηεῖτο
1673 2416 1761 2468 τὸν
1796 2430 1867 2489 56

102 2497 318 2564 στρατὸν
353 2497 449 2552 ὑπὸ
484 2499 745 2566 μαστίγων
788 2499 1131 2564 διαβαίνοντα.
1218 2498 1362 2565 διέβη
1403 2502 1455 2552 δὲ
1492 2502 1518 2551 ὁ
1550 2500 1762 2567 στρατὸς

101 2581 250 2634 αὐτοῦ
293 2583 347 2635 ἐν
380 2585 506 2636 ἑπτὰ
548 2581 764 2654 ἡμέρῃσι
795 2583 875 2634 καὶ
917 2578 1010 2649 [ἐν]
1040 2585 1163 2636 ἑπτὰ
1208 2583 1501 2655 εὐφρόνῃσι,
1528 2585 1763 2658 ἐλινύσας
1795 2582 2031 2652 ΜΒ),

157 2731 176 2758 1
208 2718 526 2774 παρεσκευάζετο
546 2718 587 2757 Α
601 2719 635 2757 Β
651 2718 685 2757 C
891 2730 917 2768 3
944 2736 992 2760 τε
1015 2732 1095 2760 om.
1123 2720 1157 2758 C
1352 2735 1378 2770 4
1409 2721 1606 2774 σμυρσίνη
1628 2721 1667 2760 R
1682 2720 1712 2760 S
1726 2722 1766 2761 V

101 2785 124 2823 7
153 2773 265 2823 πάση
306 2774 344 2813 R
365 2775 431 2814 V:
478 2774 612 2823 πάσην
654 2773 684 2812 S
878 2775 903 2811 8
946 2777 1031 2814 τοῖς
1072 2775 1110 2813 R
1131 2775 1171 2814 V
1357 2788 1405 2814 10
1447 2779 1623 2829 κρατῆρα
1664 2776 1702 2814 R
1726 2776 1764 2815 V

105 2828 154 2867 16
182 2829 277 2882 πρὸς
295 2829 367 2870 τὸν
389 2828 528 2868 ABC
698 2841 750 2879 19
780 2821 1003 2879 σύμμῖκτος
1024 2827 1058 2867 L
1084 2828 1186 2880 (ξύμ.
1213 2828 1267 2880 C)
1440 2843 1494 2869 20
1521 2835 1669 2883 πρῶτοι
1689 2830 1764 2882 μὲν

99 2894 181 2923 om.
220 2882 260 2921 R
282 2882 313 2922 S
335 2883 374 2922 V
556 2893 608 2932 25
651 2885 743 2931 νῆες
779 2882 818 2921 R
840 2882 871 2922 S
891 2883 930 2922 V
1050 2882 1259 2935 ἠγάγοντο
1292 2883 1326 2922 C
1506 2897 1558 2935 27
1603 2887 1686 2926 ἐπεὶ
1723 2885 1764 2924 R

96 2949 267 2987 quoque
430 2951 484 2987 29
515 2940 559 2979 ἐν
579 2950 660 2979 om.
687 2937 805 2977 Suid.
833 2949 920 2977 s.V.
947 2935 1180 2978 ἐλινύοντας

154 3031 255 3059 nm.
280 3032 326 3059 11.
1604 3023 1655 3062 12
1693 3006 1696 3009 ⁵
