2132 3340
14 83 16 85 ’
56 72 167 123 VH.
195 87 286 137 135

258 218 284 250 2

257 641 282 684 3

190 1219 284 1278 136

201 2408 288 2459 137

954 71 1382 122 HPOAO-TOT

322 203 480 269 εἴρετο
515 198 717 270 [λέγων]
753 200 887 254 τάδε·
927 199 1137 268 Ἄνδρες
1173 204 1568 269 Λακεδαιμόνιοι,
1600 205 1653 256 τί
1684 205 1742 270 δὴ
1775 205 1986 272 φεύγετε

320 285 533 352 βασιλέϊ
562 287 706 353 φίλοι
735 285 995 354 γενέσθαι,·
1042 287 1189 353 ὁρᾶτε
1219 289 1313 355 γὰρ
1345 287 1410 342 ὡς
1446 289 1711 341 ἐπίσταται
1739 289 1987 355 βασιλεὺς

322 370 503 438 ἄνδρας
533 369 747 438 ἀγαθοὺς
775 374 938 436 τιμᾶν,
965 372 1016 424 ἐς
1047 370 1135 437 ἐμέ
1162 394 1215 425 τε
1246 372 1326 425 καὶ
1353 374 1415 425 τὰ
1443 374 1539 439 ἐμὰ
1568 373 1832 441 πρήγματα
1860 374 1984 427 ἀπο-

320 454 619 522 βλέποντες.
682 456 807 508 οὕτω
831 458 884 508 δὲ
908 456 987 508 καὶ
1005 457 1142 522 ὑμεῖς
1165 458 1208 509 εἰ
1226 458 1390 523 δοίητε
1410 456 1561 524 ὑμέας
1580 457 1755 512 αὐτοὺς
1775 457 1987 524 βασιλέϊ

320 538 618 605 (δεδόξωσθε
640 541 736 608 γὰρ
759 539 881 608 πρὸς
904 539 1052 592 αὑτοῦ
1074 540 1247 609 ἄνδρες
1278 542 1404 595 εἶναι
1433 539 1656 609 ἀγαθοί),
1684 542 1896 597 ἕκαστος
1924 542 1987 596 ἂν
2009 569 2032 609 5

321 623 484 690 ὑμέων
522 624 668 693 ἄρχοι
703 627 795 692 γῆς
828 623 1078 680 Ἑλλάδος
1116 627 1287 680 δόντος
1325 626 1586 693 βασιλέος.
1673 627 1797 695 πρὸς
1835 631 1988 680 ταῦτα

321 709 646 776 ὑπεκρίναντο
668 709 801 762 τάδε·
823 707 1082 776 Ὕδαρνες,
1109 710 1196 762 οὐκ
1219 709 1280 776 ἐξ
1297 712 1410 763 ἰ’σου
1432 712 1623 779 γίνεται
1645 711 1675 777 ἡ
1700 713 1985 778 συμβουλίη

322 793 352 858 ἡ
386 795 436 846 ἐς
466 790 621 859 ἡμέας
657 795 907 846 τείνουσα.
995 799 1081 846 τοῦ
1115 797 1207 860 μὲν
1237 797 1333 863 γὰρ
1364 795 1723 863 πεπειρημένος
1759 801 1983 862 συμβου-

323 878 500 937 λεύεις,
534 883 620 930 τοῦ
656 881 709 931 δὲ
745 877 947 946 ἄπειρος
988 879 1099 931 ἐών
1146 878 1202 931 τὸ
1240 882 1333 945 μὲν
1367 881 1463 948 γὰρ
1499 884 1675 934 δοῦλος
1714 879 1840 933 εἶναι
1878 879 1985 946 ἐξε·

323 963 541 1021 πίστεαι,
581 964 863 1030 ἐλευθερίης
900 965 954 1015 δὲ
989 963 1116 1015 οὔκω
1158 962 1436 1031 ἐπειρήθης,
1473 963 1575 1016 οὔτ’
1607 966 1650 1017 εἰ
1686 964 1797 1016 ἔστι
1830 963 1987 1032 γλυκὺ
2014 988 2063 1017 ιο

323 1045 423 1098 οὔτ’
455 1048 497 1098 εἷ
537 1045 620 1112 μή.
710 1049 753 1100 εἰ
788 1049 885 1115 γὰρ
919 1046 1068 1112 αὐτῆς
1105 1046 1383 1116 πειρήσαιο,
1417 1049 1503 1102 οὐκ
1542 1048 1604 1102 ἂν
1641 1049 1818 1116 δόρασι
1858 1070 1982 1115 συμ-

322 1131 587 1196 βουλεύοις
625 1131 743 1197 ἡμῖν
784 1132 897 1199 περὶ
940 1131 1087 1197 αὐτῆς
1125 1132 1396 1201 μάχεσθαι,
1439 1134 1574 1185 ἀλλὰ
1615 1134 1693 1186 καὶ
1732 1132 1985 1186 πελέκεσι.

323 1219 475 1267 ταῦτα
503 1218 595 1281 μὲν
617 1214 861 1283 Ὑδάρνεα
891 1217 1190 1284 ἀμείψαντο·
1237 1219 1463 1270 ἐνθεῦτεν
1485 1221 1539 1271 δὲ
1563 1217 1628 1272 ὣς
1651 1216 1913 1284 ἀνέβησαν
1936 1219 1988 1271 ἐς

323 1304 493 1351 Σοῦσα
517 1300 596 1352 καὶ
618 1299 829 1366 βασιλέϊ
854 1302 904 1355 ἐς
927 1303 1051 1369 ὄψιν
1074 1300 1246 1366 ἦλθον,
1274 1306 1443 1369 πρῶτα
1464 1305 1555 1368 μὲν
1576 1306 1675 1355 τῶν
1698 1302 1988 1370 δορυφόρων

324 1385 628 1437 κελευόντων
677 1385 755 1437 καὶ
805 1384 1028 1453 ἀνάγκην
1075 1393 1173 1454 σφι
1223 1387 1612 1455 προσφερόντων
1661 1385 1987 1454 προσκυνέειν
2013 1407 2061 1448 15

322 1468 547 1534 βασιλέα
581 1470 986 1537 προσπίπτοντας
1021 1470 1108 1522 οὐκ
1143 1470 1345 1539 ἔφασαν
1375 1471 1642 1537 ὠθεόμενοι
1669 1470 1792 1539 πρὸς
1827 1471 1987 1524 αὐτῶν

324 1554 406 1606 ἐπὶ
452 1553 678 1621 κεφαλὴν
722 1552 952 1619 ποιήσειν
995 1559 1148 1607 ταῦτα
1191 1554 1394 1622 οὐδαμά·
1442 1556 1555 1609 οὔτε
1593 1558 1690 1624 γὰρ
1733 1557 1889 1623 σφίσι
1931 1557 1987 1608 ἐν

325 1638 458 1708 νόμῳ
501 1637 625 1691 εἶναι
666 1638 927 1707 ἄνθρωπον
967 1639 1292 1708 προσκυνέειν
1333 1641 1446 1693 οὔτε
1488 1642 1610 1693 κατὰ
1645 1644 1796 1693 ταῦτα
1830 1640 1984 1706 ἥκειν·

326 1722 391 1777 ὡς
428 1726 482 1775 δὲ
518 1723 904 1792 ἀπεμαχέσαντο
938 1729 1096 1784 τοῦτο,
1136 1724 1337 1791 δεύτερά
1373 1732 1473 1793 σφι
1508 1725 1718 1793 λέγουσι
1751 1723 1870 1777 τάδε
1906 1724 1986 1776 καὶ

324 1807 480 1874 λόγου
510 1812 699 1860 τοιοῦδε
729 1809 960 1876 ἐχόμενα·
998 1807 1072 1859 ’ῗΩ
1101 1813 1322 1874 βασιλεῦ
1347 1807 1549 1874 Μήδων,
1575 1810 1810 1877 ἔπεμψαν
1831 1808 1987 1875 ἡμέας
2012 1832 2062 1860 20

324 1893 702 1957 Λακεδαιμόνιοι
755 1893 863 1944 ἀντὶ
906 1897 1005 1945 τῶν
1050 1893 1104 1945 ἐν
1149 1892 1350 1966 Σπάρτῃ
1395 1892 1721 1960 ἀπολομένων
1765 1893 1985 1961 κηρύκων

325 1975 502 2040 ποινὴν
534 1977 734 2029 ἐκείνων
757 1977 1033 2036 τείσοντας,
1065 1976 1275 2045 λέγουσι
1306 1981 1361 2030 δὲ
1390 1977 1583 2031 αὑτοῖσι
1612 1982 1763 2030 ταῦτα
1793 1975 1986 2045 Ξέρξης

323 2059 420 2112 ὑπὸ
469 2061 923 2129 μεγαλοφροσύνης
976 2061 1063 2113 οὐκ
1114 2061 1213 2130 ἔφη
1266 2062 1435 2128 ὅμοιος
1480 2063 1690 2115 ἔσεσθαι
1740 2065 1983 2114 Λακεδαι-

323 2146 558 2209 μονίοισι·
607 2147 795 2198 κείνους
837 2148 929 2210 μὲν
973 2149 1068 2213 γὰρ
1109 2146 1323 2215 συγχέαι
1365 2148 1426 2198 τὰ
1469 2146 1669 2199 πάντων
1712 2146 1986 2213 ἀνθρώπων

325 2228 507 2294 νόμιμα
543 2230 927 2283 ἀποκτείναντας
964 2229 1186 2297 κήρυκας,
1225 2230 1368 2284 αὐτὸς
1409 2233 1462 2283 δὲ
1501 2233 1562 2301 τά
1598 2232 1835 2283 ἐκείνοισι
1874 2231 1981 2282 ἐπι-
2011 2249 2088 2289 25.

295 2311 549 2377 ”πλήσσει
594 2318 747 2365 ταῦτα
790 2314 847 2365 οὐ
891 2314 1138 2380 ποιήσειν,
1182 2315 1294 2367 οὐδὲ
1338 2315 1724 2369 ἀνταποκτείνας
1767 2315 1984 2366 ἐκείνους

327 2397 603 2449 ἀπολύσειν
640 2400 1054 2464 Λακεδαιμονίους
1090 2402 1176 2463 τῆς
1213 2400 1386 2464 αἰτίης.
1474 2400 1598 2451 οὕτω
1632 2400 1662 2464 ἡ
1692 2399 1984 2464 Ταλθυβίου

383 2547 401 2573 1
434 2534 570 2586 λέγων
592 2548 674 2575 om.
697 2535 735 2574 A
749 2535 783 2573 B
798 2535 831 2573 C
847 2536 880 2574 P
990 2539 1055 2577 δεῖ
1072 2536 1160 2574 RV
1271 2535 1463 2589 φεύγεται
1488 2537 1526 2575 R
1724 2549 1750 2587 5
1779 2537 1921 2579 αὐτοὺς
1943 2537 1983 2576 R

325 2590 352 2626 6
380 2593 454 2638 τῆς
476 2589 510 2628 C
677 2603 699 2639 7
731 2591 994 2642 ἀπεκρίναντο
1016 2590 1055 2628 R
1221 2591 1247 2629 8
1275 2590 1394 2642 ὑμέας
1413 2590 1500 2629 ΑΒ
1518 2590 1551 2629 C
1660 2591 1827 2632 τίνουσα
1848 2591 1887 2629 R
1904 2591 1985 2630 SV

325 2658 353 2694 9
399 2646 472 2684 τοῦ
510 2643 587 2694 μὲν
628 2648 770 2685 δοῦλος
814 2644 853 2682 R
877 2645 907 2684 S
930 2645 969 2684 V
1219 2658 1268 2684 12
1314 2645 1518 2698 μάχεσθαι
1559 2647 1644 2699 περὶ
1686 2647 1809 2694 αὐτῆς
1831 2645 1870 2683 R
1893 2646 1923 2684 S
1945 2645 1984 2683 V

330 2712 378 2747 14
410 2697 606 2746 βασιλέος
630 2699 668 2736 R
684 2699 766 2738 SV
969 2711 1017 2748 15
1046 2699 1328 2753 προφερόντων
1350 2708 1423 2752 σφι
1447 2700 1486 2737 R
1503 2699 1599 2739 SV.
1787 2702 1837 2738 16
1864 2698 1984 2753 (οὐδ’)

326 2752 536 2803 ὠθεόμενοι
556 2752 821 2793 Valckenaer
982 2754 1099 2807 πρὸς]
1122 2757 1183 2794 ὑπ’
1205 2754 1245 2792 Α
1259 2754 1294 2793 Β
1308 2755 1342 2792 C
1358 2754 1391 2792 P
1613 2767 1659 2804 17
1691 2755 1808 2808 σφίσι
1832 2754 1952 2793 Stein
1973 2768 1982 2792 ι

327 2807 463 2859 σφι(ν)
485 2807 518 2845 L
633 2820 682 2857 19
709 2808 854 2859 τοῦτο]
871 2807 1056 2860 τούτω(ι)
1072 2808 1112 2847 Α
1127 2808 1161 2847 Β
1176 2809 1209 2847 C
1225 2809 1258 2847 P
1345 2807 1534 2862 δευτέραν
1550 2810 1590 2848 R
1601 2809 1642 2848 V
1750 2822 1804 2847 20
1831 2808 1979 2861 λόγου]

327 2861 457 2914 λόγου
486 2861 530 2902 δὲ
562 2862 698 2901 RSV
916 2876 969 2902 22
1002 2864 1194 2904 τίσοντας
1225 2864 1258 2901 L
1401 2864 1450 2913 δὴ
1481 2864 1677 2913 Krueger
1819 2862 1918 2917 τάδε
1948 2862 1983 2900 C

328 2927 381 2964 23
404 2916 547 2966 ὁμοίως
561 2918 614 2968 (⁴3)
637 2918 821 2958 τίσεσθαι
843 2918 878 2956 C
1061 2930 1114 2967 25
1145 2918 1457 2959 ἀποκτείνοντας
1477 2917 1518 2956 Α
1531 2918 1566 2956 Β
1582 2918 1615 2955 C
1762 2917 1929 2958 κείνοισι
1950 2915 1982 2954 S

328 2972 383 3008 26
412 2971 804 3013 ἀνταποκτείναντας
827 2972 865 3010 R
882 2972 911 3010 S
924 2972 962 3010 V
