2132 3340
756 81 1136 146 ΙΣΤΟΡΙΩΝ
1204 98 1254 147 Θ

169 229 419 302 Ἀφέτῃσι
467 228 738 296 βάρβαροι,
785 228 850 281 ὥς
895 235 994 296 σφι
1040 228 1307 294 ἀσμένοισι
1354 229 1509 296 ἡμέρη
1556 228 1839 296 ἐπέλαμψε,

169 314 382 380 ἀτρέμας
400 335 455 365 τε
474 313 612 380 εἶχον
631 315 719 366 τὰς
743 312 857 366 νέας
878 315 962 364 καί
978 319 1075 379 σφι
1095 315 1350 382 ἀπεχρᾶτο
1371 319 1528 367 κακῶς
1547 314 1841 381 πρήσσουσι

167 400 385 467 ἡσυχίην
403 397 544 465 ἄγειν
569 399 622 449 ἐν
647 402 713 467 τῷ
737 398 986 464 παρεόντι.
1055 402 1190 449 τοῖσι
1213 397 1506 463 δὲ’Έλλησι
1531 397 1840 464 ἐπεβοήθεον

169 483 277 537 νέες
315 488 446 550 τρεῖς
489 483 568 534 καὶ
613 480 920 546 πεντήκοντα
961 482 1198 534 Ἀττικαί.
1289 483 1436 535 αὗταί
1475 505 1529 535 τε
1574 483 1633 549 δή
1676 490 1840 551 σφεας

121 591 143 632 5
169 567 460 635 ἐπέρρωσαν
504 567 798 632 ἀπικόμεναι
845 568 922 619 καὶ
967 566 1070 632 ἅμα
1113 567 1324 634 ἀγγελίη
1369 570 1588 620 ἐλθοῦσα
1632 567 1698 622 ὡς
1740 573 1840 620 τῶν

130 651 444 720 οβαρβάρων
497 653 542 703 οἱ
594 650 948 718 περιπλέοντες
997 651 1089 716 τὴν
1143 652 1370 716 Εὔβοιαν
1420 652 1604 706 πάντες
1663 654 1839 718 εἴησαν

167 735 521 804 διεφθαρμένοι
548 735 645 789 ὑπὸ
674 741 761 787 τοῦ
791 735 1059 803 γενομένου
1090 741 1348 805 χειμῶνος.
1438 736 1751 804 φυλάξαντες
1781 737 1840 802 δὴ

168 821 258 886 τὴν
279 821 430 885 αὐτὴν
454 821 585 888 ὥρην
608 819 848 874 πλέοντες
879 820 1128 873 ἐπέπεσον
1151 821 1297 886 νηυσὶ
1324 821 1627 894 Κιλίσσῃσι·
1664 823 1842 875 ταύτας

168 909 222 958 δὲ
257 907 652 973 διαφθείραντες,
685 905 751 958 ὡς
788 905 1004 972 εὐφρόνη
1035 907 1244 972 ἐγίνετο,
1278 905 1534 958 ἀπέπλεον
1564 908 1727 959 ὀπίσω
1758 907 1841 958 ἐπὶ

97 1012 144 1039 ιο
167 990 224 1042 τὸ
260 990 594 1058 Ἀρτεμίσιον.
682 990 819 1062 τρίτῃ
863 992 918 1046 δὲ
955 989 1112 1061 ἡμέρῃ
1148 991 1311 1053 δεινόν
1345 1012 1394 1042 τι
1430 990 1759 1057 ποιησάμενοι
1795 995 1841 1044 οἳ

169 1076 457 1180 στρατηγοὶ
464 1079 564 1127 τῶν
592 1073 873 1141 βαρβάρων
894 1073 1010 1128 νέας
1032 1077 1158 1126 οὕτω
1185 1081 1281 1142 σφι
1305 1076 1480 1142 ὀλίγας
1507 1078 1842 1141 λυμαίνεσθαι

170 1161 249 1212 καὶ
279 1160 336 1212 τὸ
364 1159 463 1211 ἀπὸ
489 1156 688 1226 Ξέρξεω
720 1160 1056 1224 δειμαίνοντες
1078 1159 1162 1210 οὐκ
1196 1159 1458 1225 ἀνέμειναν
1482 1161 1555 1212 ἔτι
1584 1160 1697 1214 τοὺς
1712 1159 1837 1213 ’Έλ-

167 1251 324 1311 ληνας
365 1243 531 1312 μάχης
576 1241 736 1310 ἄρξαι,
785 1245 920 1295 ἀλλὰ
963 1244 1465 1311 παρασκευασάμενοι
1511 1247 1634 1296 κατὰ
1679 1245 1840 1311 μέσον

166 1328 349 1396 ἡμέρης
392 1329 579 1396 ἀνῆγον
620 1330 706 1382 τὰς
747 1327 880 1383 νέας.
971 1328 1243 1382 συνέπιπτε
1286 1332 1340 1381 δὲ
1385 1330 1518 1381 ὥστε
1558 1331 1646 1383 τὰς
1690 1331 1841 1384 αὐτὰς

94 1432 142 1474 15
167 1413 347 1467 ταύτας
386 1412 571 1481 ἡμέρας
609 1412 697 1467 τάς
736 1435 790 1465 τε
830 1413 1107 1481 ναυμαχίας
1142 1414 1374 1481 γίνεσθαι
1412 1416 1593 1467 ταύτας
1635 1415 1713 1466 καὶ
1751 1416 1840 1468 τὰς

1637 1500 1649 1518 C

167 1499 472 1566 πεζομαχίας
528 1499 616 1551 τὰς
674 1499 728 1550 ἐν
781 1499 1162 1570 Θερμοπύλῃσι.
1252 1497 1313 1563 ἦν
1366 1502 1420 1551 δὲ
1478 1503 1574 1553 πᾶς
1626 1522 1652 1549 ο
1704 1501 1839 1567 ἀγὼν

167 1588 302 1636 τοῖσι
339 1585 461 1634 κατὰ
497 1581 765 1634 θάλασσαν
802 1583 913 1650 περὶ
949 1587 1035 1634 τοῦ
1068 1583 1303 1650 Εὐρίπου,
1337 1585 1508 1651 ὥσπερ
1538 1589 1673 1635 τοῖσι
1710 1586 1837 1651 ἀμφὶ

167 1669 422 1732 Λεωνίδην
445 1667 534 1732 τὴν
558 1667 789 1733 ἐσβολὴν
809 1669 1116 1735 φυλάσσειν.
1184 1671 1230 1719 οἱ
1252 1671 1345 1734 μὲν
1369 1668 1426 1733 δὴ
1446 1670 1838 1742 παρεὲλεύοντο

167 1752 293 1805 ὅκως
327 1751 393 1817 μὴ
424 1749 712 1818 παρήσουσι
749 1753 799 1804 ἐς
835 1751 926 1815 τὴν
956 1751 1185 1804 Ἑλλάδα
1221 1752 1335 1806 τοὺς
1369 1752 1678 1821 βαρβάρους,
1713 1756 1759 1805 οἱ
1795 1753 1838 1805 δ’

93 1857 145 1885 20
168 1837 293 1890 ὅκως
315 1835 373 1887 τὸ
394 1835 698 1900 Ἑλληνικὸν
721 1834 1004 1902 στράτευμα
1035 1837 1412 1904 διαφθείραντες
1434 1842 1521 1888 τοῦ
1543 1838 1697 1904 πόρου
1721 1860 1835 1906 κρα-

166 1918 396 1984 τήσουσι.
467 1920 532 1974 ὡς
562 1923 615 1972 δὲ
645 1918 911 1985 ταξάμενοι
935 1922 981 1972 οἱ
1005 1919 1207 1987 Ξέρξεω
1233 1920 1492 1980 ἐπέπλεον,
1519 1920 1838 1988 οἱ“Ελληνες

166 2004 380 2071 ἀτρέμας
399 2004 540 2073 εἶχον
558 2003 680 2071 πρὸς
697 2010 764 2074 τῷ
785 2003 1102 2074 Ἀρτεμισίῳ.
1168 2007 1287 2057 οἶδὲ
1309 2005 1563 2072 βάρβαροι
1580 2010 1837 2072 μηνοειδὲς

166 2089 467 2155 ποιήσαντες
505 2094 605 2141 τῶν
645 2094 770 2141 νεῶν
814 2091 1122 2148 ἐκυκλεῦντο,
1165 2089 1230 2144 ὡς
1272 2090 1599 2157 περιλάβοιεν
1644 2090 1835 2145 αὐτούς.

168 2175 394 2227 ἐνθεῦτεν
433 2176 480 2226 οἱ
507 2172 764 2238 ’Έλληνες
805 2173 1117 2247 ἐπανέπλεόν
1153 2196 1207 2226 τε
1247 2176 1326 2226 καὶ
1366 2174 1691 2242 συνέμισγον.
1782 2178 1837 2228 ἐι

1880 98 2018 149 VIII.
2046 113 2102 162 14

1878 1006 1934 1056 Ι5

1879 1520 1904 1551 2

1985 1653 2132 1688 uas-¹⁴

1883 1716 2061 1749 evm
2070 1737 2080 1748 .

1876 1925 1936 1973 16

94 2275 141 2317 25
166 2258 318 2331 ταύτῃ
341 2265 402 2332 τῇ
425 2260 673 2331 ναυμαχίῃ
698 2256 1043 2325 παραπλήσιοι
1074 2257 1349 2323 ἀλλήλοισι
1380 2260 1621 2327 ἐγίνοντο.
1689 2261 1716 2310 ὁ
1739 2227 2132 2361 γαρἬέ

169 2340 368 2410 Ξέρξεω
414 2343 626 2410 στρατὸς
669 2342 764 2394 ὑπὸ
807 2342 1050 2410 μεγάθεός
1088 2364 1144 2396 τε
1189 2345 1269 2396 καὶ
1307 2343 1526 2408 πλήθεος
1566 2343 1712 2398 αὐτὸς
1749 2344 1833 2397 ὑπ’

225 2494 244 2522 1
274 2480 472 2534 Ἀφετῆσι
494 2481 534 2521 R
548 2481 627 2535 [V]
832 2493 857 2519 2
887 2479 1041 2534 ἀτρέμα
1059 2479 1099 2519 Α
1114 2481 1148 2520 Β
1165 2435 1199 2521 C
1214 2482 1248 2521 P
1386 2483 1594 2535 ἆπεχρῆτο
1618 2482 1659 2523 Α
1673 2481 1708 2521 Β
1724 2482 1758 2521 C
1771 2483 1807 2522 P
1822 2498 1832 2524 τ

167 2536 392 2589 ἆπεχρέετο
415 2537 452 2576 R
469 2536 575 2576 SV:
615 2535 774 2589 ἀπέχρα
804 2536 866 2577 ἔτι
898 2536 1052 2586 Pingel
1254 2550 1280 2587 3
1321 2539 1546 2585 ἐπεβώθεον
1575 2541 1667 2586 νῆες
1698 2538 1735 2577 R
1752 2537 1835 2577 SV

166 2606 192 2641 4
222 2592 476 2640 πεντήκοντα
497 2593 560 2632 καὶ
584 2595 692 2644 τρεῖς
712 2592 749 2629 Α
767 2591 801 2630 Β
816 2591 850 2629 C
1034 2592 1061 2629 6
1090 2593 1215 2632 -πλῶ-
1239 2592 1279 2631 R
1293 2592 1323 2631 S
1337 2593 1374 2631 V
1571 2605 1594 2643 7
1627 2592 1671 2633 δὲ
1690 2593 1732 2632 Α
1745 2593 1781 2632 Β
1797 2593 1832 2632 C

166 2648 192 2684 8
222 2647 328 2687 πλῶ·
352 2646 390 2684 R
407 2646 437 2685 S
449 2647 489 2685 V
600 2647 747 2687 ἔπεσον
768 2646 808 2684 R
959 2658 987 2695 9
1017 2644 1182 2698 ἐγένετο
1203 2647 1237 2686 C
1253 2648 1287 2685 P
1301 2647 1340 2685 R
1356 2647 1386 2686 S
1399 2647 1439 2686 V
1548 2656 1674 2688 -πλω-
1696 2648 1733 2686 R
1750 2648 1781 2686 S
1794 2648 1833 2685 V

170 2713 216 2740 11
267 2704 362 2749 νῆας
400 2703 503 2742 οὕτω
542 2700 668 2754 σφέας
710 2701 748 2740 R
772 2700 802 2739 S
824 2700 862 2738 V
1086 2714 1135 2752 13
1182 2701 1579 2755 παρακελευσάμενοι
1617 2702 1658 2741 Α
1679 2702 1714 2740 Β
1740 2702 1774 2741 C
1797 2703 1832 2741 P

171 2768 219 2806 14
263 2756 470 2808 ἀνήγαγον
498 2756 571 2797 τὰς
602 2760 698 2805 νῆας
729 2756 767 2794 R
784 2755 866 2794 SV
1025 2760 1114 2799 ταῖς
1143 2758 1282 2798 αὐταῖς
1311 2758 1475 2810 ἡμέραις
1503 2759 1577 2798 τὰς
1607 2758 1831 2808 ναυμαχίας

166 2810 351 2849 ABCP
538 2811 587 2849 18
624 2811 821 2852 Λεωνίδεα
853 2809 941 2849 PR
958 2810 1129 2863 SV[C]
1340 2825 1390 2862 19
1427 2829 1484 2853 πα
1484 2813 1664 2866 ρήσωσιν
1695 2811 1830 2850 RSV

167 2878 222 2905 20
251 2865 590 2919 κρατήσωσκν)Α
605 2865 639 2903 Β
656 2865 689 2904 C
706 2865 744 2903 R
761 2865 791 2904 S
803 2865 842 2904 V
979 2879 1027 2905 21
1061 2875 1190 2908 ·πλω-
1213 2866 1253 2905 R
1267 2865 1298 2906 S
1311 2867 1348 2905 V
1487 2879 1538 2916 23
1569 2871 1673 2916 νηῶν
1694 2867 1732 2905 R
1749 2867 1779 2905 S
1792 2867 1831 2905 V

169 2923 414 2962 ἐκυκλεῦντο
436 2920 623 2959 Reiske·
614 2951 623 2960 .
655 2919 897 2962 ἐκυκλέοντο
919 2921 957 2959 R
974 2921 1078 2962 SV:
1109 2922 1378 2963 ἐκυκλεύοντο
1398 2922 1488 2961 rell.
1619 2933 1671 2974 24
1703 2930 1831 2966 -πλω-

169 2973 210 3014 R
225 2975 254 3015 S
266 2973 306 3014 V
416 2975 664 3030 συνέσμνγον
682 2975 724 3016 Α
889 2988 940 3029 25
973 2976 1164 3032 ἐγενοντο
1187 2977 1220 3017 C
1237 2977 1268 3016 P
1282 2977 1322 3016 R
1336 2976 1367 3016 S
1379 2977 1418 3018 V
