2132 3340
52 77 167 129 VII.
196 92 287 140 214

190 1149 279 1199 215

0 1738 228 1782 »en-ww
239 1761 251 1770 ·

180 1809 274 1858 216

951 72 1376 125 ΗΡΟΔΟΤοῬ

324 226 378 257 τε
401 206 428 256 ὁ
455 195 759 271 Φαναγόρεω
784 204 905 272 ἀνὴρ
932 205 1212 273 Καρύστιος
1237 206 1316 258 καὶ
1343 206 1662 273 Κορυδαλλὸς
1682 195 1992 275 Ἀντικυρεύς

324 291 426 341 εἰσι
469 291 515 340 οἱ
563 291 788 343 εἴπαντες
834 289 956 356 πρὸς
1003 284 1229 354 βασιλέα
1277 291 1478 345 τούτους
1521 290 1634 345 τοὺς
1678 292 1861 359 λόγους
1913 294 1992 346 καὶ

322 370 745 440 περιηγησάμενοι
798 373 855 425 τὸ
898 376 1012 441 ὄρος
1066 379 1200 426 τοῖσι
1244 374 1496 447 Πέρσῃσι,
1545 367 1769 446 οὐδαμῶς
1821 376 1992 444 ἔμοιγε

321 458 512 511 πιστός.
600 462 746 509 τοῦτο
789 460 880 523 μὲν
927 459 1022 525 γὰρ
1067 462 1191 529 τῷδε
1237 459 1332 528 χρὴ
1381 460 1793 525 σταθμώσασθαι,
1825 461 1902 512 ὅτι
1933 463 1990 533 ‘oi

319 548 419 594 τῶν
459 541 726 607 Ἑλλήνων
773 543 1066 610 Πυλαγόροι
1112 541 1417 610 ἐπεκήρυξαν
1460 543 1546 596 οὐκ
1586 544 1669 596 ἐπὶ
1709 543 1896 617 Ὀνήτῃ
1935 567 1991 598 τε

319 626 398 678 καὶ
430 619 733 696 Κορυδαλλῷ
775 627 1009 694 ἀργύριον
1053 627 1171 679 ἀλλ’
1205 629 1288 680 ἐπὶ
1318 627 1569 700 Ἐπιάλτῃ
1610 634 1677 699 τῷ
1716 631 1986 699 Τρηχινίῳ,

317 709 516 765 πάντως
546 732 632 762 κου
662 710 718 762 τὸ
748 712 1114 778 ἀτρεκέστατον
1152 712 1436 777 πυθόμενοι·
1483 717 1627 764 τοῦτο
1660 715 1714 765 δὲ
1737 712 1991 780 φεύγοντα

314 794 596 860 Ἐπιάλτην
627 796 808 860 ταύτην
843 795 934 860 τὴν
965 797 1128 861 αἰτίην
1172 798 1391 862 οἴδαμεν.
1481 798 1630 862 εἰδείη
1669 799 1760 863 μὲν
1796 799 1894 866 γὰρ
1927 797 1991 850 ἂν

318 881 397 932 καὶ
444 880 538 932 ε’ὼν
581 879 646 945 μὴ
695 880 919 945 Μηλιεὺς
962 880 1145 946 ταύτην
1195 881 1287 946 τὴν
1331 881 1552 948 ἀτραπὸν
1584 879 1812 946 Ὀνήτης,
1846 883 1890 934 εἷ
1929 889 1991 955 τῇ

315 964 453 1036 χώρῃ
499 966 668 1016 πολλὰ
716 964 976 1030 ὡμιληκὼς
1024 966 1115 1030 εἵη·
1181 965 1296 1017 ἀλλ’
1343 964 1616 1030 Ἐπιάλτης
1668 965 1764 1033 γάρ
1807 967 1919 1018 ἐστι
1962 967 1990 1017 ὁ

314 1047 745 1115 περιηγησάμενος
789 1049 847 1100 τὸ
891 1051 1004 1115 ὄρος
1048 1045 1165 1116 [καὶ]
1216 1051 1338 1101 κατὰ
1389 1049 1480 1114 τὴν
1526 1050 1765 1117 ἀτραπόν,
1812 1054 1989 1103 τοῦτον

315 1134 474 1185 αἴτιον
523 1131 718 1200 γράφω.
801 1131 993 1199 Ξέρξης
1046 1133 1115 1192 δέ,
1171 1134 1278 1186 ἐπεὶ
1340 1133 1492 1200 ἤρεσε
1547 1136 1607 1186 τὰ
1659 1133 1910 1202 ὑπέσχετο
1961 1135 1988 1185 ὁ

314 1216 588 1282 Ἐπιάλτης
655 1216 1067 1285 κατεργάσεσθαι,
1132 1218 1306 1269 αὐτίκα
1376 1218 1649 1287 περιχαρὴς
1722 1219 1987 1285 γενόμενος

315 1301 503 1367 ἔπεμπε
532 1300 774 1369 Ὕδάρνεα
807 1303 886 1363 καὶ
915 1307 1012 1354 τῶν
1045 1300 1351 1370 ἐστρατήγεε
1381 1301 1638 1369 Ὑδάρνης·
1691 1301 1903 1369 ὁρμέατο
1934 1305 1987 1355 δὲ

313 1387 426 1453 περὶ
466 1386 667 1455 λύχνων
706 1388 839 1453 ἁφὰς
879 1388 933 1438 ἐκ
970 1391 1055 1438 τοῦ
1093 1386 1449 1453 στρατοπέδου.
1538 1386 1630 1451 τὴν
1670 1389 1723 1439 δὲ
1767 1386 1988 1454 ἀτραπὸν

314 1471 494 1535 ταύτην
540 1469 738 1538 ἐξεῦρον
781 1473 873 1536 μὲν
917 1473 963 1523 οἱ
1008 1471 1266 1539 ἐπιχώριοι
1315 1469 1551 1536 Μηλιέες,
1603 1470 1888 1538 ἐξευρόντες
1931 1473 1986 1524 δὲ

316 1558 642 1607 Θεσσαλοῖσι
680 1553 1024 1622 κατηγήσαντο
1063 1557 1145 1608 ε’πὶ
1186 1555 1409 1615 Φωκέας,
1441 1556 1554 1608 τότε
1582 1556 1665 1608 ὅτε
1701 1558 1748 1608 οἱ
1785 1555 1987 1610 Φωκέες

2018 988 2122 1017 10.

2016 1412 2064 1453 Ι5

315 1637 595 1707 φράξαντες
625 1641 782 1708 τείχεϊ
810 1639 901 1704 τὴν
931 1639 1159 1705 ἐσβολὴν
1195 1638 1326 1704 ἦσαν
1350 1642 1404 1692 ἐν
1429 1639 1592 1712 σκέπῃ
1629 1645 1716 1692 τοῦ
1746 1639 1984 1706 πολέμου·
2005 1654 2023 1658 ”

315 1723 369 1776 ἔκ
399 1745 454 1776 τε
482 1728 691 1776 τοσοῦδε
724 1723 1041 1776 κατεδέδεκτο
1083 1726 1237 1776 ἐοῦσα
1280 1724 1659 1796 οὐδὲν-χρηστὴ
1709 1729 1979 1790 Μηλιεῦσι.

315 1809 421 1876 ἔχει
452 1811 505 1860 δὲ
535 1810 631 1860 ὧδε
660 1809 688 1874 ἡ
722 1807 939 1876 ἀτραπὸς
972 1810 1108 1874 αὕτη·
1156 1808 1363 1877 ἄρχεται
1392 1812 1483 1874 μὲν
1513 1808 1611 1861 ἀπὸ
1634 1813 1722 1860 τοῦ
1750 1809 1986 1861 Ἀσωποῦ

314 1898 535 1958 ποταμοῦ
565 1897 652 1943 τοῦ
681 1895 762 1944 διὰ
791 1896 879 1958 τῆς
910 1892 1196 1961 διασφάγος
1228 1892 1445 1960 ῥέοντος,
1479 1893 1665 1959 οὔνομα
1693 1895 1747 1945 δὲ
1784 1897 1851 1963 τῷ
1882 1895 1987 1960 ὄρεϊ

313 1977 468 2047 τούτῳ
510 1978 590 2029 καὶ
629 1985 688 2049 τῇ
727 1978 926 2047 ἀτραπῷ
965 1977 1121 2029 τώυτὸ
1162 1983 1332 2037 κεῖται,
1376 1977 1635 2030 Ἀνόπαια·
1681 1979 1830 2030 τείνει
1871 1977 1984 2042 δὲῆ

312 2061 559 2114 Ἀνόπαια
604 2062 724 2126 αὕτη
773 2063 894 2112 κατὰ
939 2061 1087 2130 ῥάχιν
1135 2066 1221 2113 τοῦ
1271 2064 1424 2129 ὄρεος,
1471 2062 1618 2129 λήγει
1665 2064 1717 2114 δὲ
1765 2060 1886 2114 κατά
1931 2082 1986 2113 τε

314 2145 569 2211 Ἀλπηνὸν
584 2147 755 2206 πόλιν,
769 2145 967 2210 πρώτην
987 2147 1168 2198 ἐοῦσαν
1193 2151 1291 2198 τῶν
1312 2147 1567 2212 Λοκρίδων
1586 2145 1707 2213 πρὸς
1728 2143 1983 2210 Μηλιέων,

318 2230 396 2280 καὶ
428 2232 548 2281 κατὰ
573 2229 917 2297 Μελαμπύγου
941 2251 997 2282 τε
1026 2231 1328 2295 καλεόμενον
1356 2231 1500 2282 λίθον
1526 2231 1604 2282 καὶ
1637 2232 1758 2281 κατὰ
1788 2229 1984 2296 Κερκώ-

188 2334 279 2386 217
317 2335 423 2365 πων
453 2313 612 2380 ἕδρας,
646 2321 706 2387 τῇ
743 2314 821 2365 καὶ
861 2313 917 2364 τὸ
967 2315 1283 2366 στεινότατόν
1333 2317 1458 2366 ἐστι.
1547 2315 1668 2365 κατὰ
1690 2313 1887 2378 ’ταύτην
1927 2312 1984 2377 δὴ

317 2398 408 2462 τὴν
449 2397 668 2465 ἀτραπὸν
714 2398 791 2449 καὶ
838 2399 991 2451 οὕτως
1035 2399 1256 2466 ἔχουσαν
1293 2400 1340 2451 οἱ
1386 2397 1585 2464 Πέρσαι
1624 2397 1712 2450 τὸν
1752 2396 1987 2449 Ἀσωπὸν

377 2548 402 2574 2
432 2535 605 2578 ἅπαντες
629 2536 668 2575 R
835 2538 862 2574 6
891 2536 985 2577 ἀλλ’
1010 2537 1071 2577 ἐπὶ
1093 2537 1198 2589 ἅλτῃ
1221 2536 1304 2575 CV
1466 2549 1488 2586 7
1517 2552 1593 2576 που
1614 2535 1706 2574 RV
1860 2536 1886 2573 8
1915 2538 1988 2576 τὸν

324 2589 409 2631 Ἐπ.
431 2604 517 2630 non
542 2591 580 2629 R
693 2593 741 2632 ἂν
762 2603 844 2630 om.
870 2589 927 2628 Α1
942 2591 975 2629 C
1106 2603 1211 2640 9-11
1246 2590 1419 2639 Ὀνήτης
1441 2589 1523 2642 (τις
1546 2590 1701 2642 Cobet)
1722 2619 1731 2629 .
1750 2619 1758 2629 .
1782 2621 1790 2629 .
1809 2588 1987 2642 ἀτραπόν

321 2659 403 2684 om.
432 2645 472 2683 R
628 2659 677 2684 10
706 2646 906 2696 ὁμιληκὼς
927 2645 966 2684 Α
982 2645 1016 2684 Β
1032 2645 1112 2684 SV
1265 2658 1309 2684 11
1342 2646 1407 2687 καὶ
1428 2658 1509 2685 om.
1533 2645 1567 2683 P
1729 2657 1777 2683 12
1807 2642 1984 2697 Ξέρξη(ι)

325 2698 374 2737 Ρ1
390 2700 472 2738 SV
584 2700 630 2741 δέ
652 2713 731 2738 om.
757 2701 796 2738 V
906 2702 1054 2748 ἤκουσε
1077 2700 1238 2739 conieci
1351 2704 1373 2740 ὁ
1393 2713 1474 2739 om.
1496 2698 1535 2737 A
1549 2699 1584 2737 B
1600 2699 1634 2737 C
1766 2711 1815 2748 13
1845 2714 1985 2750 κατερ-

321 2754 526 2806 γάσασθαι
567 2755 602 2793 Β
615 2755 649 2794 C
666 2755 704 2792 R
722 2756 751 2794 S
765 2756 802 2793 V
991 2767 1038 2804 14
1083 2754 1263 2807 ὡρμέατο
1301 2753 1341 2792 Α
1356 2754 1391 2792 Β
1406 2754 1440 2793 C
1457 2753 1491 2792 P
1658 2766 1707 2804 15
1750 2752 1905 2804 λύχνον
1943 2752 1983 2789 R

328 2811 377 2847 16
419 2812 580 2862 ἐξηῦρον
619 2810 653 2848 C
878 2822 925 2859 17
972 2811 1175 2850 Θεσσαλοὶ
1213 2809 1246 2847 C
1470 2821 1520 2859 19
1556 2806 1682 2849 τόσου
1720 2807 1770 2856 δὴ
1803 2806 1986 2845 ABCP

325 2863 644 2904 κατατεδέδεκτο
670 2865 699 2903 S
712 2864 750 2902 V
950 2877 1002 2902 22
1032 2863 1228 2905 Ἀνάπαια
1249 2863 1288 2902 R
1303 2863 1383 2903 SV
1401 2863 1462 2915 (it.
1487 2862 1560 2914 23)
1697 2862 1821 2903 τείνει
1841 2891 1851 2901 .
1872 2891 1881 2900 .
1898 2859 1980 2902 'Av-

325 2929 406 2955 om.
433 2917 491 2955 Al
658 2931 709 2967 24
739 2920 834 2970 πρὸς
849 2921 931 2959 τῶν
951 2925 1002 2958 Μ.
1028 2917 1117 2956 ΑΒ
1131 2918 1165 2956 C
1330 2930 1382 2967 25
1413 2916 1690 2970 Μελαμπύγου
1712 2916 1982 2966 Leopardus:

327 2970 597 3024 Μελάνπυγόν
617 2973 651 3012 C
669 2986 679 3011 ε
709 2971 986 3025 Μελάμπυγόν
1006 2972 1098 3013 rell:
1123 2972 1292 3025 (-πη·γόν
1313 2972 1344 3012 S
1357 2972 1414 3020 V)

2014 1832 2064 1860 20

2013 2250 2060 2291 25
