<?xml version="1.0" encoding="UTF-8"?>
<!DOCTYPE html PUBLIC "-//W3C//DTD XHTML 1.0 Transitional//EN"
    "http://www.w3.org/TR/xhtml1/DTD/xhtml1-transitional.dtd">
<html xmlns="http://www.w3.org/1999/xhtml" xml:lang="en" lang="en">
 <head>
  <title>
</title>
<meta http-equiv="Content-Type" content="text/html;charset=utf-8" />
  <meta name='ocr-system' content='tesseract 3.04.00' />
  <meta name='ocr-capabilities' content='ocr_page ocr_carea ocr_par ocr_line ocrx_word'/>
</head>
<body>
  <div class='ocr_page' id='page_1' title='image "./herodotihistoria02herouoft_0226.png"; bbox 0 0 2132 3340; ppageno 0'>
   <div class='ocr_carea' id='block_1_1' title="bbox 47 82 278 132">
    <p class='ocr_par' dir='ltr' id='par_1_1' title="bbox 47 82 278 132">
     <span class='ocr_line' id='line_1_1' title="bbox 47 82 278 132; baseline 0.004 -1"><span class='ocrx_word' id='word_1_1' title='bbox 47 82 159 132; x_wconf 87' lang='lat' dir='ltr'><strong>VII.</strong></span> <span class='ocrx_word' id='word_1_2' title='bbox 180 85 278 132; x_wconf 89' lang='lat'>160</span> 
     </span>
    </p>
   </div>
   <div class='ocr_carea' id='block_1_2' title="bbox 196 640 277 687">
    <p class='ocr_par' dir='ltr' id='par_1_2' title="bbox 196 640 277 687">
     <span class='ocr_line' id='line_1_2' title="bbox 196 640 277 687; baseline 0 -1"><span class='ocrx_word' id='word_1_3' title='bbox 196 640 277 687; x_wconf 89' lang='lat'>161</span> 
     </span>
    </p>
   </div>
   <div class='ocr_carea' id='block_1_3' title="bbox 935 81 1361 132">
    <p class='ocr_par' dir='ltr' id='par_1_3' title="bbox 935 81 1361 132">
     <span class='ocr_line' id='line_1_3' title="bbox 935 81 1361 132; baseline 0.002 -2"><span class='ocrx_word' id='word_1_4' title='bbox 935 81 1361 132; x_wconf 71' lang='grc' dir='ltr'>ΗΡΟΔΟΤΟΎ</span> 
     </span>
    </p>
   </div>
   <div class='ocr_carea' id='block_1_4' title="bbox 313 209 1979 955">
    <p class='ocr_par' dir='ltr' id='par_1_4' title="bbox 313 209 1979 955">
     <span class='ocr_line' id='line_1_4' title="bbox 315 209 1978 279; baseline 0.001 -16"><span class='ocrx_word' id='word_1_5' title='bbox 315 211 537 278; x_wconf 91' lang='grc' dir='ltr'>ἡγεμονα</span> <span class='ocrx_word' id='word_1_6' title='bbox 578 212 658 263; x_wconf 89' lang='grc' dir='ltr'>καὶ</span> <span class='ocrx_word' id='word_1_7' title='bbox 697 216 823 263; x_wconf 87' lang='grc' dir='ltr'>νεῶν</span> <span class='ocrx_word' id='word_1_8' title='bbox 867 209 1062 263; x_wconf 85' lang='grc' dir='ltr'>πολλὸν</span> <span class='ocrx_word' id='word_1_9' title='bbox 1105 211 1350 263; x_wconf 81' lang='grc' dir='ltr'>πλεύνων.</span> <span class='ocrx_word' id='word_1_10' title='bbox 1438 210 1555 263; x_wconf 89' lang='grc' dir='ltr'>ἀλλ’</span> <span class='ocrx_word' id='word_1_11' title='bbox 1600 212 1765 265; x_wconf 81' lang='grc' dir='ltr'>ἐπείτε</span> <span class='ocrx_word' id='word_1_12' title='bbox 1805 214 1920 279; x_wconf 88' lang='grc' dir='ltr'>ὑμῖν</span> <span class='ocrx_word' id='word_1_13' title='bbox 1949 214 1978 265; x_wconf 90' lang='lat'><em>6</em></span> 
     </span>
     <span class='ocr_line' id='line_1_5' title="bbox 317 294 1979 362; baseline 0.002 -16"><span class='ocrx_word' id='word_1_14' title='bbox 317 296 471 362; x_wconf 83' lang='grc' dir='ltr'>λόγος</span> <span class='ocrx_word' id='word_1_15' title='bbox 501 296 627 346; x_wconf 84' lang='grc' dir='ltr'>οὕτω</span> <span class='ocrx_word' id='word_1_16' title='bbox 668 294 953 362; x_wconf 76' lang='grc' dir='ltr'>προσάντης</span> <span class='ocrx_word' id='word_1_17' title='bbox 994 296 1298 355; x_wconf 84' lang='grc' dir='ltr'>κατίσταται,</span> <span class='ocrx_word' id='word_1_18' title='bbox 1331 295 1471 361; x_wconf 82' lang='grc' dir='ltr'>ἡμεῖς</span> <span class='ocrx_word' id='word_1_19' title='bbox 1508 317 1555 348; x_wconf 92' lang='grc' dir='ltr'>τι</span> <span class='ocrx_word' id='word_1_20' title='bbox 1589 295 1852 362; x_wconf 82' lang='grc' dir='ltr'>ὑπείξομεν</span> <span class='ocrx_word' id='word_1_21' title='bbox 1891 301 1979 350; x_wconf 88' lang='grc' dir='ltr'>τοῦ</span> 
     </span>
     <span class='ocr_line' id='line_1_6' title="bbox 318 379 1976 448; baseline 0.001 -17"><span class='ocrx_word' id='word_1_22' title='bbox 318 381 527 448; x_wconf 85' lang='grc' dir='ltr'>ἀρχαίου</span> <span class='ocrx_word' id='word_1_23' title='bbox 566 381 738 446; x_wconf 93' lang='grc' dir='ltr'>λόγου.</span> <span class='ocrx_word' id='word_1_24' title='bbox 828 382 871 432; x_wconf 84' lang='grc' dir='ltr'>εἰ</span> <span class='ocrx_word' id='word_1_25' title='bbox 901 384 988 431; x_wconf 90' lang='grc' dir='ltr'>τοῦ</span> <span class='ocrx_word' id='word_1_26' title='bbox 1025 382 1117 446; x_wconf 79' lang='grc' dir='ltr'>μὲν</span> <span class='ocrx_word' id='word_1_27' title='bbox 1156 380 1304 444; x_wconf 79' lang='grc' dir='ltr'>πεζοῦ</span> <span class='ocrx_word' id='word_1_28' title='bbox 1341 381 1478 446; x_wconf 82' lang='grc' dir='ltr'>ὑμεῖς</span> <span class='ocrx_word' id='word_1_29' title='bbox 1515 379 1766 447; x_wconf 82' lang='grc' dir='ltr'>ἡγέοισθε,</span> <span class='ocrx_word' id='word_1_30' title='bbox 1798 385 1885 433; x_wconf 92' lang='grc' dir='ltr'>τοῦ</span> <span class='ocrx_word' id='word_1_31' title='bbox 1922 385 1976 436; x_wconf 79' lang='grc' dir='ltr'>δὲ</span> 
     </span>
     <span class='ocr_line' id='line_1_7' title="bbox 318 463 1973 532; baseline 0.002 -18"><span class='ocrx_word' id='word_1_32' title='bbox 318 468 545 515; x_wconf 83' lang='grc' dir='ltr'>ναυτικοῦ</span> <span class='ocrx_word' id='word_1_33' title='bbox 575 464 689 531; x_wconf 84' lang='grc' dir='ltr'>ἐγώ·</span> <span class='ocrx_word' id='word_1_34' title='bbox 736 466 779 516; x_wconf 84' lang='grc' dir='ltr'>εἷ</span> <span class='ocrx_word' id='word_1_35' title='bbox 809 467 861 516; x_wconf 83' lang='grc' dir='ltr'>δὲ</span> <span class='ocrx_word' id='word_1_36' title='bbox 892 466 1004 530; x_wconf 88' lang='grc' dir='ltr'>ὑμῖν</span> <span class='ocrx_word' id='word_1_37' title='bbox 1036 463 1186 529; x_wconf 82' lang='grc' dir='ltr'>ἡδονὴ</span> <span class='ocrx_word' id='word_1_38' title='bbox 1218 469 1305 516; x_wconf 91' lang='grc' dir='ltr'>τοῦ</span> <span class='ocrx_word' id='word_1_39' title='bbox 1342 467 1465 516; x_wconf 83' lang='grc' dir='ltr'>κατὰ</span> <span class='ocrx_word' id='word_1_40' title='bbox 1496 463 1763 516; x_wconf 90' lang='grc' dir='ltr'>θάλασσαν</span> <span class='ocrx_word' id='word_1_41' title='bbox 1791 465 1973 532; x_wconf 88' lang='grc' dir='ltr'>ἡγεμο-</span> 
     </span>
     <span class='ocr_line' id='line_1_8' title="bbox 316 544 1975 617; baseline 0.002 -18"><span class='ocrx_word' id='word_1_42' title='bbox 316 548 491 608; x_wconf 84' lang='grc' dir='ltr'>νεύειν,</span> <span class='ocrx_word' id='word_1_43' title='bbox 525 553 611 599; x_wconf 92' lang='grc' dir='ltr'>τοῦ</span> <span class='ocrx_word' id='word_1_44' title='bbox 650 549 797 612; x_wconf 79' lang='grc' dir='ltr'>πεζοῦ</span> <span class='ocrx_word' id='word_1_45' title='bbox 834 550 932 616; x_wconf 87' lang='grc' dir='ltr'>ἐγὼ</span> <span class='ocrx_word' id='word_1_46' title='bbox 971 549 1119 601; x_wconf 86' lang='grc' dir='ltr'>θέλω.</span> <span class='ocrx_word' id='word_1_47' title='bbox 1209 549 1287 600; x_wconf 89' lang='grc' dir='ltr'>καὶ</span> <span class='ocrx_word' id='word_1_48' title='bbox 1317 544 1347 613; x_wconf 87' lang='grc' dir='ltr'>ἢ</span> <span class='ocrx_word' id='word_1_49' title='bbox 1377 548 1600 600; x_wconf 89' lang='grc' dir='ltr'>τούτοισι</span> <span class='ocrx_word' id='word_1_50' title='bbox 1635 548 1786 614; x_wconf 86' lang='grc' dir='ltr'>ὑμέας</span> <span class='ocrx_word' id='word_1_51' title='bbox 1824 551 1975 617; x_wconf 91' lang='grc' dir='ltr'>χρεόν</span> 
     </span>
     <span class='ocr_line' id='line_1_9' title="bbox 316 629 1975 701; baseline 0.001 -17"><span class='ocrx_word' id='word_1_52' title='bbox 316 635 427 684; x_wconf 90' lang='grc' dir='ltr'>ἐστι</span> <span class='ocrx_word' id='word_1_53' title='bbox 447 632 712 700; x_wconf 84' lang='grc' dir='ltr'>ἀρκέεσθαι</span> <span class='ocrx_word' id='word_1_54' title='bbox 734 629 763 697; x_wconf 82' lang='grc' dir='ltr'>ἢ</span> <span class='ocrx_word' id='word_1_55' title='bbox 785 632 983 686; x_wconf 85' lang='grc' dir='ltr'>ἀπιέναι</span> <span class='ocrx_word' id='word_1_56' title='bbox 1003 632 1279 701; x_wconf 89' lang='grc' dir='ltr'>συμμάχων</span> <span class='ocrx_word' id='word_1_57' title='bbox 1298 637 1501 685; x_wconf 82' lang='grc' dir='ltr'>τοιῶνδε</span> <span class='ocrx_word' id='word_1_58' title='bbox 1520 631 1743 699; x_wconf 84' lang='grc' dir='ltr'>ἐρήμους.</span> <span class='ocrx_word' id='word_1_59' title='bbox 1807 633 1975 686; x_wconf 86' lang='grc' dir='ltr'>Γέλων</span> 
     </span>
     <span class='ocr_line' id='line_1_10' title="bbox 313 716 1974 789; baseline 0.002 -21"><span class='ocrx_word' id='word_1_60' title='bbox 313 720 406 782; x_wconf 79' lang='grc' dir='ltr'>μὲν</span> <span class='ocrx_word' id='word_1_61' title='bbox 435 716 493 781; x_wconf 82' lang='grc' dir='ltr'>δὴ</span> <span class='ocrx_word' id='word_1_62' title='bbox 526 721 678 769; x_wconf 89' lang='grc' dir='ltr'>ταῦτα</span> <span class='ocrx_word' id='word_1_63' title='bbox 714 718 1038 784; x_wconf 86' lang='grc' dir='ltr'>προετείνετο,</span> <span class='ocrx_word' id='word_1_64' title='bbox 1073 717 1275 784; x_wconf 86' lang='grc' dir='ltr'>φθάσας</span> <span class='ocrx_word' id='word_1_65' title='bbox 1307 720 1359 768; x_wconf 79' lang='grc' dir='ltr'>δὲ</span> <span class='ocrx_word' id='word_1_66' title='bbox 1391 719 1417 767; x_wconf 97' lang='lat'><em>6</em></span> <span class='ocrx_word' id='word_1_67' title='bbox 1446 716 1723 782; x_wconf 87' lang='grc' dir='ltr'>Ἀθηναίων</span> <span class='ocrx_word' id='word_1_68' title='bbox 1760 717 1974 789; x_wconf 90' lang='grc' dir='ltr'>ἄγγελος</span> 
     </span>
     <span class='ocr_line' id='line_1_11' title="bbox 314 800 1975 868; baseline 0.001 -16"><span class='ocrx_word' id='word_1_69' title='bbox 314 805 401 853; x_wconf 82' lang='grc' dir='ltr'>τὸν</span> <span class='ocrx_word' id='word_1_70' title='bbox 460 803 860 866; x_wconf 89' lang='grc' dir='ltr'>Λακεδαιμονίων</span> <span class='ocrx_word' id='word_1_71' title='bbox 917 802 1157 868; x_wconf 86' lang='grc' dir='ltr'>ἀμείβετό</span> <span class='ocrx_word' id='word_1_72' title='bbox 1212 823 1298 866; x_wconf 93' lang='grc' dir='ltr'>μιν</span> <span class='ocrx_word' id='word_1_73' title='bbox 1356 802 1563 853; x_wconf 87' lang='grc' dir='ltr'>τοισίδε·</span> <span class='ocrx_word' id='word_1_74' title='bbox 1627 800 1702 852; x_wconf 65' lang='lat'>&#39;³52</span> <span class='ocrx_word' id='word_1_75' title='bbox 1755 807 1975 867; x_wconf 85' lang='grc' dir='ltr'>βασιλεῦ</span> 
     </span>
     <span class='ocr_line' id='line_1_12' title="bbox 316 884 1974 955; baseline 0.001 -19"><span class='ocrx_word' id='word_1_76' title='bbox 316 887 651 952; x_wconf 87' lang='grc' dir='ltr'>Συρηκοσίων,</span> <span class='ocrx_word' id='word_1_77' title='bbox 700 887 787 938; x_wconf 86' lang='grc' dir='ltr'>οὐκ</span> <span class='ocrx_word' id='word_1_78' title='bbox 836 886 1079 953; x_wconf 84' lang='grc' dir='ltr'>ἡγεμόνος</span> <span class='ocrx_word' id='word_1_79' title='bbox 1133 884 1338 951; x_wconf 89' lang='grc' dir='ltr'>δεομένη</span> <span class='ocrx_word' id='word_1_80' title='bbox 1390 885 1420 950; x_wconf 92' lang='grc' dir='ltr'>ἡ</span> <span class='ocrx_word' id='word_1_81' title='bbox 1464 884 1654 939; x_wconf 79' lang='grc' dir='ltr'>Ἑλλὰς</span> <span class='ocrx_word' id='word_1_82' title='bbox 1705 885 1974 955; x_wconf 75' lang='grc' dir='ltr'>ἀπέπεμψε</span> 
     </span>
    </p>
   </div>
   <div class='ocr_carea' id='block_1_5' title="bbox 2000 571 2023 618">
    <p class='ocr_par' dir='ltr' id='par_1_5' title="bbox 2000 571 2023 618">
     <span class='ocr_line' id='line_1_13' title="bbox 2000 571 2023 618; baseline 0 -6"><span class='ocrx_word' id='word_1_83' title='bbox 2000 571 2023 618; x_wconf 81' lang='grc'><strong>5</strong></span> 
     </span>
    </p>
   </div>
   <div class='ocr_carea' id='block_1_6' title="bbox 314 969 2051 1038">
    <p class='ocr_par' dir='ltr' id='par_1_6' title="bbox 314 969 2051 1038">
     <span class='ocr_line' id='line_1_14' title="bbox 314 969 2051 1038; baseline -0.002 -16"><span class='ocrx_word' id='word_1_84' title='bbox 314 969 467 1035; x_wconf 89' lang='grc' dir='ltr'>ἡμέας</span> <span class='ocrx_word' id='word_1_85' title='bbox 498 969 619 1038; x_wconf 87' lang='grc' dir='ltr'>πρὸς</span> <span class='ocrx_word' id='word_1_86' title='bbox 650 973 726 1029; x_wconf 90' lang='grc' dir='ltr'>σέ,</span> <span class='ocrx_word' id='word_1_87' title='bbox 758 971 893 1022; x_wconf 80' lang='grc' dir='ltr'>ἀλλὰ</span> <span class='ocrx_word' id='word_1_88' title='bbox 931 973 1179 1037; x_wconf 85' lang='grc' dir='ltr'>στρατιῆς.</span> <span class='ocrx_word' id='word_1_89' title='bbox 1268 969 1331 1021; x_wconf 85' lang='grc' dir='ltr'>σὺ</span> <span class='ocrx_word' id='word_1_90' title='bbox 1368 972 1421 1021; x_wconf 82' lang='grc' dir='ltr'>δὲ</span> <span class='ocrx_word' id='word_1_91' title='bbox 1457 970 1581 1022; x_wconf 88' lang='grc' dir='ltr'>ὅκως</span> <span class='ocrx_word' id='word_1_92' title='bbox 1614 971 1706 1034; x_wconf 80' lang='grc' dir='ltr'>μὲν</span> <span class='ocrx_word' id='word_1_93' title='bbox 1737 969 1974 1038; x_wconf 80' lang='grc' dir='ltr'>στρατιὴν</span> <span class='ocrx_word' id='word_1_94' title='bbox 2001 990 2051 1019; x_wconf 84' lang='lat'>10</span> 
     </span>
    </p>
   </div>
   <div class='ocr_carea' id='block_1_7' title="bbox 316 1052 1973 1121">
    <p class='ocr_par' dir='ltr' id='par_1_7' title="bbox 316 1052 1973 1121">
     <span class='ocr_line' id='line_1_15' title="bbox 316 1052 1973 1121; baseline 0.001 -15"><span class='ocrx_word' id='word_1_95' title='bbox 316 1053 535 1121; x_wconf 79' lang='grc' dir='ltr'>πέμψεις</span> <span class='ocrx_word' id='word_1_96' title='bbox 563 1053 629 1120; x_wconf 79' lang='grc' dir='ltr'>μὴ</span> <span class='ocrx_word' id='word_1_97' title='bbox 666 1054 934 1121; x_wconf 88' lang='grc' dir='ltr'>ἡγεύμενος</span> <span class='ocrx_word' id='word_1_98' title='bbox 970 1057 1057 1118; x_wconf 89' lang='grc' dir='ltr'>τῆς</span> <span class='ocrx_word' id='word_1_99' title='bbox 1086 1052 1351 1112; x_wconf 86' lang='grc' dir='ltr'>Ἑλλάδος,</span> <span class='ocrx_word' id='word_1_100' title='bbox 1385 1052 1449 1120; x_wconf 18' lang='grc' dir='ltr'>οὗ,</span> <span class='ocrx_word' id='word_1_101' title='bbox 1477 1054 1785 1121; x_wconf 91' lang='grc' dir='ltr'>προφαίνεις,</span> <span class='ocrx_word' id='word_1_102' title='bbox 1819 1054 1884 1108; x_wconf 81' lang='grc' dir='ltr'>ὡς</span> <span class='ocrx_word' id='word_1_103' title='bbox 1918 1057 1973 1107; x_wconf 84' lang='grc' dir='ltr'>δὲ</span> 
     </span>
    </p>
   </div>
   <div class='ocr_carea' id='block_1_8' title="bbox 10 1137 1974 1208">
    <p class='ocr_par' dir='ltr' id='par_1_8' title="bbox 10 1137 1974 1208">
     <span class='ocr_line' id='line_1_16' title="bbox 10 1137 1974 1208; baseline 0.001 -20"><span class='ocrx_word' id='word_1_104' title='bbox 10 1149 213 1208; x_wconf 58' lang='grc' dir='ltr'>ΦΨ·</span> <span class='ocrx_word' id='word_1_105' title='bbox 252 1158 279 1189; x_wconf 89' lang='lat'><strong>2</strong></span> <span class='ocrx_word' id='word_1_106' title='bbox 316 1138 682 1205; x_wconf 90' lang='grc' dir='ltr'>στρατηγήσεις</span> <span class='ocrx_word' id='word_1_107' title='bbox 726 1139 889 1203; x_wconf 84' lang='grc' dir='ltr'>αὐτῆς,</span> <span class='ocrx_word' id='word_1_108' title='bbox 932 1139 1151 1206; x_wconf 61' lang='grc' dir='ltr'>γλίχεαι.</span> <span class='ocrx_word' id='word_1_109' title='bbox 1240 1139 1362 1190; x_wconf 86' lang='grc' dir='ltr'>ὅσον</span> <span class='ocrx_word' id='word_1_110' title='bbox 1405 1137 1497 1203; x_wconf 89' lang='grc' dir='ltr'>μέν</span> <span class='ocrx_word' id='word_1_111' title='bbox 1540 1159 1628 1190; x_wconf 92' lang='grc' dir='ltr'>νυν</span> <span class='ocrx_word' id='word_1_112' title='bbox 1666 1137 1850 1192; x_wconf 87' lang='grc' dir='ltr'>παντὸς</span> <span class='ocrx_word' id='word_1_113' title='bbox 1886 1142 1974 1190; x_wconf 92' lang='grc' dir='ltr'>τοῦ</span> 
     </span>
    </p>
   </div>
   <div class='ocr_carea' id='block_1_9' title="bbox 0 1899 273 1972">
    <p class='ocr_par' dir='ltr' id='par_1_9' title="bbox 0 1899 273 1972">
     <span class='ocr_line' id='line_1_17' title="bbox 0 1899 273 1972; baseline 0 -10"><span class='ocrx_word' id='word_1_114' title='bbox 0 1899 97 1972; x_wconf 62' lang='lat'>5⁸⁸2</span> <span class='ocrx_word' id='word_1_115' title='bbox 247 1919 273 1962; x_wconf 88' lang='lat'>3</span> 
     </span>
    </p>
   </div>
   <div class='ocr_carea' id='block_1_10' title="bbox 0 2154 335 2283">
    <p class='ocr_par' dir='ltr' id='par_1_10' title="bbox 0 2154 335 2283">
     <span class='ocr_line' id='line_1_18' title="bbox 0 2154 335 2283; baseline 0.003 -23"><span class='ocrx_word' id='word_1_116' title='bbox 0 2154 335 2283; x_wconf 56' lang='lat' dir='ltr'>⁵31»ng</span> 
     </span>
    </p>
   </div>
   <div class='ocr_carea' id='block_1_11' title="bbox 178 2407 270 2454">
    <p class='ocr_par' dir='ltr' id='par_1_11' title="bbox 178 2407 270 2454">
     <span class='ocr_line' id='line_1_19' title="bbox 178 2407 270 2454; baseline 0 -1"><span class='ocrx_word' id='word_1_117' title='bbox 178 2407 270 2454; x_wconf 88' lang='lat'>162</span> 
     </span>
    </p>
   </div>
   <div class='ocr_carea' id='block_1_12' title="bbox 283 1220 1973 2550">
    <p class='ocr_par' dir='ltr' id='par_1_12' title="bbox 290 1220 1973 2550">
     <span class='ocr_line' id='line_1_20' title="bbox 296 1220 1973 1289; baseline 0.001 -16"><span class='ocrx_word' id='word_1_118' title='bbox 296 1221 579 1287; x_wconf 72' lang='grc' dir='ltr'>’Ἑλλήνων</span> <span class='ocrx_word' id='word_1_119' title='bbox 637 1227 851 1289; x_wconf 91' lang='grc' dir='ltr'>στρατοῦ</span> <span class='ocrx_word' id='word_1_120' title='bbox 908 1222 1044 1274; x_wconf 86' lang='grc' dir='ltr'>ἐδέου</span> <span class='ocrx_word' id='word_1_121' title='bbox 1101 1221 1356 1289; x_wconf 85' lang='grc' dir='ltr'>ἡγέεσθαι,</span> <span class='ocrx_word' id='word_1_122' title='bbox 1414 1220 1614 1288; x_wconf 79' lang='grc' dir='ltr'>ἐξήρκεε</span> <span class='ocrx_word' id='word_1_123' title='bbox 1669 1222 1787 1287; x_wconf 86' lang='grc' dir='ltr'>ἡμῖν</span> <span class='ocrx_word' id='word_1_124' title='bbox 1837 1227 1973 1274; x_wconf 90' lang='grc' dir='ltr'>τοῖσι</span> 
     </span>
     <span class='ocr_line' id='line_1_21' title="bbox 314 1305 1972 1387; baseline 0.002 -31"><span class='ocrx_word' id='word_1_125' title='bbox 314 1305 627 1371; x_wconf 87' lang='grc' dir='ltr'>Ἀθηναίοισι</span> <span class='ocrx_word' id='word_1_126' title='bbox 647 1307 863 1375; x_wconf 85' lang='grc' dir='ltr'>ἡσυχίην</span> <span class='ocrx_word' id='word_1_127' title='bbox 885 1306 1041 1374; x_wconf 82' lang='grc' dir='ltr'>ἄγειν,</span> <span class='ocrx_word' id='word_1_128' title='bbox 1066 1305 1443 1387; x_wconf 75' lang='grc' dir='ltr'>ἐπισταμένοισι</span> <span class='ocrx_word' id='word_1_129' title='bbox 1467 1306 1532 1359; x_wconf 84' lang='grc' dir='ltr'>ὡς</span> <span class='ocrx_word' id='word_1_130' title='bbox 1555 1307 1581 1356; x_wconf 93' lang='lat'><em>6</em></span> <span class='ocrx_word' id='word_1_131' title='bbox 1605 1305 1784 1359; x_wconf 89' lang='grc' dir='ltr'>Λάκων</span> <span class='ocrx_word' id='word_1_132' title='bbox 1807 1307 1972 1360; x_wconf 79' lang='grc' dir='ltr'>ἱκανός</span> 
     </span>
     <span class='ocr_line' id='line_1_22' title="bbox 312 1389 1970 1459; baseline 0.002 -18"><span class='ocrx_word' id='word_1_133' title='bbox 312 1412 388 1442; x_wconf 90' lang='grc' dir='ltr'>τοι</span> <span class='ocrx_word' id='word_1_134' title='bbox 434 1391 618 1456; x_wconf 88' lang='grc' dir='ltr'>ἔμελλε</span> <span class='ocrx_word' id='word_1_135' title='bbox 668 1391 878 1444; x_wconf 88' lang='grc' dir='ltr'>ἔσεσθαι</span> <span class='ocrx_word' id='word_1_136' title='bbox 930 1392 1008 1443; x_wconf 89' lang='grc' dir='ltr'>καὶ</span> <span class='ocrx_word' id='word_1_137' title='bbox 1050 1392 1172 1459; x_wconf 80' lang='grc' dir='ltr'>ὑπὲρ</span> <span class='ocrx_word' id='word_1_138' title='bbox 1217 1389 1512 1458; x_wconf 90' lang='grc' dir='ltr'>ἀμφοτέρων</span> <span class='ocrx_word' id='word_1_139' title='bbox 1557 1391 1970 1458; x_wconf 89' lang='grc' dir='ltr'>ἀπολογεύμενος·</span> 
     </span>
     <span class='ocr_line' id='line_1_23' title="bbox 296 1474 1967 1543; baseline 0.001 -17"><span class='ocrx_word' id='word_1_140' title='bbox 296 1476 475 1527; x_wconf 82' lang='grc' dir='ltr'>’ἐπείτε</span> <span class='ocrx_word' id='word_1_141' title='bbox 500 1478 553 1527; x_wconf 81' lang='grc' dir='ltr'>δὲ</span> <span class='ocrx_word' id='word_1_142' title='bbox 584 1474 782 1541; x_wconf 84' lang='grc' dir='ltr'>ἁπάσης</span> <span class='ocrx_word' id='word_1_143' title='bbox 813 1475 1213 1541; x_wconf 89' lang='grc' dir='ltr'>ἀπελαυνόμενος</span> <span class='ocrx_word' id='word_1_144' title='bbox 1243 1474 1373 1526; x_wconf 90' lang='grc' dir='ltr'>δέεαι</span> <span class='ocrx_word' id='word_1_145' title='bbox 1403 1477 1490 1539; x_wconf 89' lang='grc' dir='ltr'>τῆς</span> <span class='ocrx_word' id='word_1_146' title='bbox 1521 1477 1748 1539; x_wconf 89' lang='grc' dir='ltr'>ναυτικῆς</span> <span class='ocrx_word' id='word_1_147' title='bbox 1778 1474 1967 1543; x_wconf 83' lang='grc' dir='ltr'>ἄρχειν,</span> 
     </span>
     <span class='ocr_line' id='line_1_24' title="bbox 313 1556 1965 1630; baseline 0.002 -20"><span class='ocrx_word' id='word_1_148' title='bbox 313 1560 439 1610; x_wconf 83' lang='grc' dir='ltr'>οὕτω</span> <span class='ocrx_word' id='word_1_149' title='bbox 485 1560 592 1628; x_wconf 87' lang='grc' dir='ltr'>ἔχει</span> <span class='ocrx_word' id='word_1_150' title='bbox 635 1580 728 1611; x_wconf 89' lang='grc' dir='ltr'>τοι·</span> <span class='ocrx_word' id='word_1_151' title='bbox 787 1559 888 1611; x_wconf 83' lang='grc' dir='ltr'>οὐδ’</span> <span class='ocrx_word' id='word_1_152' title='bbox 931 1556 993 1624; x_wconf 90' lang='grc' dir='ltr'>ἢν</span> <span class='ocrx_word' id='word_1_153' title='bbox 1029 1561 1055 1610; x_wconf 89' lang='grc' dir='ltr'>ὁ</span> <span class='ocrx_word' id='word_1_154' title='bbox 1086 1558 1263 1611; x_wconf 90' lang='grc' dir='ltr'>Λάκων</span> <span class='ocrx_word' id='word_1_155' title='bbox 1307 1560 1421 1630; x_wconf 83' lang='grc' dir='ltr'>ἐπίῃ</span> <span class='ocrx_word' id='word_1_156' title='bbox 1464 1580 1541 1610; x_wconf 93' lang='grc' dir='ltr'>τοι</span> <span class='ocrx_word' id='word_1_157' title='bbox 1583 1558 1756 1628; x_wconf 83' lang='grc' dir='ltr'>ἄρχειν</span> <span class='ocrx_word' id='word_1_158' title='bbox 1801 1559 1965 1624; x_wconf 80' lang='grc' dir='ltr'>αὐτῆς,</span> 
     </span>
     <span class='ocr_line' id='line_1_25' title="bbox 312 1642 1970 1711; baseline 0.001 -16"><span class='ocrx_word' id='word_1_159' title='bbox 312 1644 452 1709; x_wconf 89' lang='grc' dir='ltr'>ἡμεῖς</span> <span class='ocrx_word' id='word_1_160' title='bbox 500 1642 769 1710; x_wconf 89' lang='grc' dir='ltr'>ἐπήσομεν.</span> <span class='ocrx_word' id='word_1_161' title='bbox 855 1643 1066 1711; x_wconf 88' lang='grc' dir='ltr'>ἡμετέρη</span> <span class='ocrx_word' id='word_1_162' title='bbox 1117 1643 1213 1711; x_wconf 92' lang='grc' dir='ltr'>γάρ</span> <span class='ocrx_word' id='word_1_163' title='bbox 1265 1645 1376 1695; x_wconf 89' lang='grc' dir='ltr'>ἐστι</span> <span class='ocrx_word' id='word_1_164' title='bbox 1418 1644 1539 1708; x_wconf 83' lang='grc' dir='ltr'>αὕτη</span> <span class='ocrx_word' id='word_1_165' title='bbox 1583 1665 1643 1711; x_wconf 90' lang='grc' dir='ltr'>γε</span> <span class='ocrx_word' id='word_1_166' title='bbox 1691 1642 1758 1709; x_wconf 75' lang='grc' dir='ltr'>μὴ</span> <span class='ocrx_word' id='word_1_167' title='bbox 1810 1643 1970 1696; x_wconf 83' lang='grc' dir='ltr'>αὐτῶν</span> 
     </span>
     <span class='ocr_line' id='line_1_26' title="bbox 310 1725 1970 1795; baseline 0.001 -16"><span class='ocrx_word' id='word_1_168' title='bbox 310 1728 638 1794; x_wconf 85' lang='grc' dir='ltr'>βουλομένων</span> <span class='ocrx_word' id='word_1_169' title='bbox 688 1730 1107 1794; x_wconf 89' lang='grc' dir='ltr'>Λακεδαιμονίων.</span> <span class='ocrx_word' id='word_1_170' title='bbox 1194 1727 1415 1780; x_wconf 92' lang='grc' dir='ltr'>τούτοισι</span> <span class='ocrx_word' id='word_1_171' title='bbox 1471 1730 1563 1793; x_wconf 79' lang='grc' dir='ltr'>μὲν</span> <span class='ocrx_word' id='word_1_172' title='bbox 1613 1725 1681 1779; x_wconf 70' lang='grc' dir='ltr'>ὧν</span> <span class='ocrx_word' id='word_1_173' title='bbox 1728 1727 1970 1795; x_wconf 88' lang='grc' dir='ltr'>ἡγέεσθαι</span> 
     </span>
     <span class='ocr_line' id='line_1_27' title="bbox 311 1810 1969 1882; baseline -0.001 -18"><span class='ocrx_word' id='word_1_174' title='bbox 311 1812 672 1878; x_wconf 88' lang='grc' dir='ltr'>βουλομένοισι</span> <span class='ocrx_word' id='word_1_175' title='bbox 701 1813 786 1864; x_wconf 86' lang='grc' dir='ltr'>οὑκ</span> <span class='ocrx_word' id='word_1_176' title='bbox 826 1813 1179 1878; x_wconf 89' lang='grc' dir='ltr'>ἀντιτείνομεν,</span> <span class='ocrx_word' id='word_1_177' title='bbox 1210 1812 1350 1882; x_wconf 82' lang='grc' dir='ltr'>ἄλλῳ</span> <span class='ocrx_word' id='word_1_178' title='bbox 1388 1815 1441 1864; x_wconf 82' lang='grc' dir='ltr'>δὲ</span> <span class='ocrx_word' id='word_1_179' title='bbox 1480 1810 1770 1878; x_wconf 92' lang='grc' dir='ltr'>παρήσομεν</span> <span class='ocrx_word' id='word_1_180' title='bbox 1805 1812 1969 1864; x_wconf 86' lang='grc' dir='ltr'>οὐδενὶ</span> 
     </span>
     <span class='ocr_line' id='line_1_28' title="bbox 311 1895 1968 1971; baseline -0.001 -23"><span class='ocrx_word' id='word_1_181' title='bbox 311 1896 619 1964; x_wconf 85' lang='grc' dir='ltr'>ναυαρχέειν.</span> <span class='ocrx_word' id='word_1_182' title='bbox 707 1896 867 1962; x_wconf 90' lang='grc' dir='ltr'>μάτην</span> <span class='ocrx_word' id='word_1_183' title='bbox 890 1899 984 1965; x_wconf 83' lang='grc' dir='ltr'>γὰρ</span> <span class='ocrx_word' id='word_1_184' title='bbox 1015 1896 1077 1948; x_wconf 82' lang='grc' dir='ltr'>ἂν</span> <span class='ocrx_word' id='word_1_185' title='bbox 1100 1899 1193 1948; x_wconf 80' lang='grc' dir='ltr'>ὧδε</span> <span class='ocrx_word' id='word_1_186' title='bbox 1215 1896 1439 1968; x_wconf 48' lang='grc' dir='ltr'>πάραλον</span> <span class='ocrx_word' id='word_1_187' title='bbox 1463 1895 1727 1960; x_wconf 87' lang='grc' dir='ltr'>Ἑλλήνων</span> <span class='ocrx_word' id='word_1_188' title='bbox 1753 1895 1968 1971; x_wconf 72' lang='grc' dir='ltr'>στρατρν</span> 
     </span>
     <span class='ocr_line' id='line_1_29' title="bbox 311 1979 1967 2047; baseline -0.001 -15"><span class='ocrx_word' id='word_1_189' title='bbox 311 1986 555 2034; x_wconf 88' lang='grc' dir='ltr'>πλεῖστον</span> <span class='ocrx_word' id='word_1_190' title='bbox 586 1983 754 2047; x_wconf 85' lang='grc' dir='ltr'>εἴημεν</span> <span class='ocrx_word' id='word_1_191' title='bbox 780 1980 1051 2047; x_wconf 86' lang='grc' dir='ltr'>ἐκτημένοι,</span> <span class='ocrx_word' id='word_1_192' title='bbox 1080 1983 1123 2032; x_wconf 88' lang='grc' dir='ltr'>εἷ</span> <span class='ocrx_word' id='word_1_193' title='bbox 1147 1982 1502 2046; x_wconf 88' lang='grc' dir='ltr'>Συρηκοσίοισι</span> <span class='ocrx_word' id='word_1_194' title='bbox 1526 1980 1692 2033; x_wconf 91' lang='grc' dir='ltr'>ἐόντες</span> <span class='ocrx_word' id='word_1_195' title='bbox 1711 1979 1967 2044; x_wconf 87' lang='grc' dir='ltr'>Ἀθηναῖοι</span> 
     </span>
     <span class='ocr_line' id='line_1_30' title="bbox 312 2064 1964 2133; baseline 0.001 -19"><span class='ocrx_word' id='word_1_196' title='bbox 312 2064 709 2133; x_wconf 92' lang='grc' dir='ltr'>συγχωρήσομεν</span> <span class='ocrx_word' id='word_1_197' title='bbox 739 2069 827 2130; x_wconf 88' lang='grc' dir='ltr'>τῆς</span> <span class='ocrx_word' id='word_1_198' title='bbox 853 2065 1136 2132; x_wconf 88' lang='grc' dir='ltr'>ἡγεμονιης,</span> <span class='ocrx_word' id='word_1_199' title='bbox 1163 2065 1509 2132; x_wconf 91' lang='grc' dir='ltr'>ἀρχαιότατον</span> <span class='ocrx_word' id='word_1_200' title='bbox 1521 2067 1613 2129; x_wconf 82' lang='grc' dir='ltr'>μὲν</span> <span class='ocrx_word' id='word_1_201' title='bbox 1644 2064 1785 2117; x_wconf 86' lang='grc' dir='ltr'>ἔθνος</span> <span class='ocrx_word' id='word_1_202' title='bbox 1815 2085 1964 2130; x_wconf 89' lang='grc' dir='ltr'>παρε-</span> 
     </span>
     <span class='ocr_line' id='line_1_31' title="bbox 283 2146 1968 2261; baseline 0.001 -63.004"><span class='ocrx_word' id='word_1_203' title='bbox 283 2150 530 2261; x_wconf 56' lang='grc' dir='ltr'>Ίχόμενοι,</span> <span class='ocrx_word' id='word_1_204' title='bbox 576 2155 749 2215; x_wconf 88' lang='grc' dir='ltr'>μοῦνοι</span> <span class='ocrx_word' id='word_1_205' title='bbox 796 2152 847 2200; x_wconf 80' lang='grc' dir='ltr'>δὲ</span> <span class='ocrx_word' id='word_1_206' title='bbox 893 2150 1058 2201; x_wconf 88' lang='grc' dir='ltr'>ἐόντες</span> <span class='ocrx_word' id='word_1_207' title='bbox 1102 2148 1159 2199; x_wconf 81' lang='grc' dir='ltr'>οὐ</span> <span class='ocrx_word' id='word_1_208' title='bbox 1200 2148 1504 2216; x_wconf 89' lang='grc' dir='ltr'>μετανάσται</span> <span class='ocrx_word' id='word_1_209' title='bbox 1545 2146 1823 2212; x_wconf 90' lang='grc' dir='ltr'>Ἑλλήνων·</span> <span class='ocrx_word' id='word_1_210' title='bbox 1869 2152 1968 2199; x_wconf 83' lang='grc' dir='ltr'>τῶν</span> 
     </span>
     <span class='ocr_line' id='line_1_32' title="bbox 309 2230 1968 2300; baseline 0.001 -16.018"><span class='ocrx_word' id='word_1_211' title='bbox 309 2255 389 2284; x_wconf 93' lang='grc' dir='ltr'>και</span> <span class='ocrx_word' id='word_1_212' title='bbox 424 2231 648 2300; x_wconf 62' lang='grc' dir='ltr'>“Ὀμηρος</span> <span class='ocrx_word' id='word_1_213' title='bbox 693 2235 719 2284; x_wconf 88' lang='grc' dir='ltr'>ὁ</span> <span class='ocrx_word' id='word_1_214' title='bbox 765 2233 999 2286; x_wconf 87' lang='grc' dir='ltr'>ἐποποιὸς</span> <span class='ocrx_word' id='word_1_215' title='bbox 1051 2232 1203 2298; x_wconf 84' lang='grc' dir='ltr'>ἄνδρα</span> <span class='ocrx_word' id='word_1_216' title='bbox 1253 2231 1459 2298; x_wconf 84' lang='grc' dir='ltr'>ἄριστον</span> <span class='ocrx_word' id='word_1_217' title='bbox 1505 2231 1667 2299; x_wconf 88' lang='grc' dir='ltr'>ἔφησε</span> <span class='ocrx_word' id='word_1_218' title='bbox 1711 2233 1762 2285; x_wconf 90' lang='grc' dir='ltr'>ἐς</span> <span class='ocrx_word' id='word_1_219' title='bbox 1805 2230 1968 2285; x_wconf 83' lang='grc' dir='ltr'>Ἴλιον</span> 
     </span>
     <span class='ocr_line' id='line_1_33' title="bbox 310 2315 1967 2384; baseline 0 -17"><span class='ocrx_word' id='word_1_220' title='bbox 310 2316 578 2369; x_wconf 88' lang='grc' dir='ltr'>ἀπικέσθαι</span> <span class='ocrx_word' id='word_1_221' title='bbox 615 2316 761 2382; x_wconf 80' lang='grc' dir='ltr'>τάξαι</span> <span class='ocrx_word' id='word_1_222' title='bbox 799 2339 853 2369; x_wconf 90' lang='grc' dir='ltr'>τε</span> <span class='ocrx_word' id='word_1_223' title='bbox 893 2317 974 2368; x_wconf 88' lang='grc' dir='ltr'>καὶ</span> <span class='ocrx_word' id='word_1_224' title='bbox 1014 2319 1348 2381; x_wconf 87' lang='grc' dir='ltr'>διακοσμῆσαι</span> <span class='ocrx_word' id='word_1_225' title='bbox 1390 2317 1621 2384; x_wconf 90' lang='grc' dir='ltr'>στρατόν.</span> <span class='ocrx_word' id='word_1_226' title='bbox 1713 2316 1838 2366; x_wconf 83' lang='grc' dir='ltr'>οὕτω</span> <span class='ocrx_word' id='word_1_227' title='bbox 1880 2315 1967 2367; x_wconf 83' lang='grc' dir='ltr'>οὐκ</span> 
     </span>
     <span class='ocr_line' id='line_1_34' title="bbox 309 2398 1966 2467; baseline -0.001 -15"><span class='ocrx_word' id='word_1_228' title='bbox 309 2403 496 2454; x_wconf 84' lang='grc' dir='ltr'>ὄνειδος</span> <span class='ocrx_word' id='word_1_229' title='bbox 540 2401 679 2454; x_wconf 79' lang='grc' dir='ltr'>οὐδὲν</span> <span class='ocrx_word' id='word_1_230' title='bbox 723 2402 840 2467; x_wconf 90' lang='grc' dir='ltr'>ἡμῖν</span> <span class='ocrx_word' id='word_1_231' title='bbox 893 2402 1003 2452; x_wconf 87' lang='grc' dir='ltr'>ἐστι</span> <span class='ocrx_word' id='word_1_232' title='bbox 1045 2399 1214 2467; x_wconf 89' lang='grc' dir='ltr'>λέγειν</span> <span class='ocrx_word' id='word_1_233' title='bbox 1259 2404 1424 2451; x_wconf 89' lang='grc' dir='ltr'>ταῦτα.</span> <span class='ocrx_word' id='word_1_234' title='bbox 1513 2400 1751 2464; x_wconf 86' lang='grc' dir='ltr'>ἀμείβετο</span> <span class='ocrx_word' id='word_1_235' title='bbox 1796 2398 1966 2451; x_wconf 91' lang='grc' dir='ltr'>Γέλων</span> 
     </span>
     <span class='ocr_line' id='line_1_35' title="bbox 308 2482 1966 2550; baseline 0 -14"><span class='ocrx_word' id='word_1_236' title='bbox 308 2486 514 2537; x_wconf 88' lang='grc' dir='ltr'>τοισίδε·</span> <span class='ocrx_word' id='word_1_237' title='bbox 603 2487 754 2540; x_wconf 86' lang='grc' dir='ltr'>Ξεῖνε</span> <span class='ocrx_word' id='word_1_238' title='bbox 781 2484 1030 2550; x_wconf 88' lang='grc' dir='ltr'>Ἀθηναῖε,</span> <span class='ocrx_word' id='word_1_239' title='bbox 1063 2486 1199 2549; x_wconf 90' lang='grc' dir='ltr'>ὑμεῖς</span> <span class='ocrx_word' id='word_1_240' title='bbox 1237 2486 1401 2535; x_wconf 84' lang='grc' dir='ltr'>οἴκατε</span> <span class='ocrx_word' id='word_1_241' title='bbox 1440 2483 1552 2537; x_wconf 82' lang='grc' dir='ltr'>τοὺς</span> <span class='ocrx_word' id='word_1_242' title='bbox 1591 2486 1682 2548; x_wconf 80' lang='grc' dir='ltr'>μὲν</span> <span class='ocrx_word' id='word_1_243' title='bbox 1721 2482 1966 2550; x_wconf 87' lang='grc' dir='ltr'>ἄρχοντας</span> 
     </span>
    </p>
   </div>
   <div class='ocr_carea' id='block_1_13' title="bbox 307 2619 1966 2894">
    <p class='ocr_par' dir='ltr' id='par_1_13' title="bbox 307 2619 1966 2894">
     <span class='ocr_line' id='line_1_36' title="bbox 368 2619 1964 2690; baseline 0.001 -30"><span class='ocrx_word' id='word_1_244' title='bbox 368 2636 386 2660; x_wconf 88' lang='lat'>1</span> <span class='ocrx_word' id='word_1_245' title='bbox 419 2627 525 2670; x_wconf 84' lang='grc' dir='ltr'>νηῶν</span> <span class='ocrx_word' id='word_1_246' title='bbox 543 2622 649 2688; x_wconf 57' lang='grc' dir='ltr'>πολὺ</span> <span class='ocrx_word' id='word_1_247' title='bbox 672 2623 705 2661; x_wconf 94' lang='lat' dir='ltr'>L</span> <span class='ocrx_word' id='word_1_248' title='bbox 803 2635 840 2689; x_wconf 60' lang='lat' dir='ltr'>a2</span> <span class='ocrx_word' id='word_1_249' title='bbox 869 2621 1180 2688; x_wconf 53' lang='grc' dir='ltr'>καταστήσαται</span> <span class='ocrx_word' id='word_1_250' title='bbox 1203 2621 1242 2659; x_wconf 91' lang='lat' dir='ltr'>R</span> <span class='ocrx_word' id='word_1_251' title='bbox 1353 2635 1378 2668; x_wconf 87' lang='lat'><strong>4</strong></span> <span class='ocrx_word' id='word_1_252' title='bbox 1408 2629 1518 2673; x_wconf 80' lang='grc' dir='ltr'>λεγω</span> <span class='ocrx_word' id='word_1_253' title='bbox 1533 2620 1568 2690; x_wconf 55' lang='grc' dir='ltr'>(ἶ</span> <span class='ocrx_word' id='word_1_254' title='bbox 1676 2620 1704 2658; x_wconf 88' lang='grc'><strong>6</strong></span> <span class='ocrx_word' id='word_1_255' title='bbox 1729 2619 1964 2688; x_wconf 59' lang='grc' dir='ltr'>ἀρέσκεσθαι</span> 
     </span>
     <span class='ocr_line' id='line_1_37' title="bbox 308 2675 1966 2783; baseline -0.001 -13"><span class='ocrx_word' id='word_1_256' title='bbox 308 2676 445 2771; x_wconf 48' lang='grc' dir='ltr'>ὲΙῗΟ</span> <span class='ocrx_word' id='word_1_257' title='bbox 461 2677 494 2715; x_wconf 81' lang='grc' dir='ltr'>Ρ</span> <span class='ocrx_word' id='word_1_258' title='bbox 571 2745 621 2770; x_wconf 90' lang='lat'>10</span> <span class='ocrx_word' id='word_1_259' title='bbox 650 2690 726 2771; x_wconf 52' lang='lat'>0:31.</span> <span class='ocrx_word' id='word_1_260' title='bbox 726 2680 747 2717; x_wconf 74' lang='grc' dir='ltr'><em>ὃ</em></span> <span class='ocrx_word' id='word_1_261' title='bbox 747 2675 1412 2783; x_wconf 45' lang='grc' dir='ltr'>,ταάἴηξκογεύμεῗοςτΐὲ5ξὲῐηγΰ</span> <span class='ocrx_word' id='word_1_262' title='bbox 1479 2678 1616 2766; x_wconf 48' lang='lat' dir='ltr'>‘mulii</span> <span class='ocrx_word' id='word_1_263' title='bbox 1635 2675 1808 2782; x_wconf 38' lang='lat' dir='ltr'>§atym</span> <span class='ocrx_word' id='word_1_264' title='bbox 1826 2679 1966 2769; x_wconf 55' lang='grc' dir='ltr'><strong>ἷὶοιέδῦ</strong></span> 
     </span>
     <span class='ocr_line' id='line_1_38' title="bbox 307 2782 1965 2838; baseline -0.001 -13"><span class='ocrx_word' id='word_1_265' title='bbox 307 2786 507 2838; x_wconf 82' lang='grc' dir='ltr'>προφαίνη</span> <span class='ocrx_word' id='word_1_266' title='bbox 529 2785 567 2823; x_wconf 90' lang='lat' dir='ltr'>R</span> <span class='ocrx_word' id='word_1_267' title='bbox 585 2786 614 2824; x_wconf 90' lang='lat' dir='ltr'>S</span> <span class='ocrx_word' id='word_1_268' title='bbox 628 2786 694 2824; x_wconf 83' lang='lat' dir='ltr'>V:</span> <span class='ocrx_word' id='word_1_269' title='bbox 724 2785 956 2837; x_wconf 82' lang='grc' dir='ltr'>ἀποφαίνεις</span> <span class='ocrx_word' id='word_1_270' title='bbox 980 2785 1013 2823; x_wconf 86' lang='grc' dir='ltr'>Ε</span> <span class='ocrx_word' id='word_1_271' title='bbox 1144 2797 1193 2822; x_wconf 87' lang='lat'>12</span> <span class='ocrx_word' id='word_1_272' title='bbox 1223 2783 1514 2836; x_wconf 74' lang='grc' dir='ltr'>στρατηγήσης</span> <span class='ocrx_word' id='word_1_273' title='bbox 1537 2783 1575 2821; x_wconf 86' lang='lat' dir='ltr'>R</span> <span class='ocrx_word' id='word_1_274' title='bbox 1591 2783 1621 2822; x_wconf 89' lang='lat' dir='ltr'>S</span> <span class='ocrx_word' id='word_1_275' title='bbox 1635 2783 1673 2821; x_wconf 94' lang='lat' dir='ltr'>V</span> <span class='ocrx_word' id='word_1_276' title='bbox 1797 2795 1845 2833; x_wconf 88' lang='lat'>13</span> <span class='ocrx_word' id='word_1_277' title='bbox 1877 2782 1965 2824; x_wconf 82' lang='grc' dir='ltr'>ἐδέο</span> 
     </span>
     <span class='ocr_line' id='line_1_39' title="bbox 309 2836 1966 2894; baseline -0.001 -17"><span class='ocrx_word' id='word_1_278' title='bbox 309 2840 497 2879; x_wconf 87' lang='lat' dir='ltr'><strong>Bredow</strong></span> <span class='ocrx_word' id='word_1_279' title='bbox 664 2839 816 2894; x_wconf 81' lang='grc' dir='ltr'>ἐξήρκει</span> <span class='ocrx_word' id='word_1_280' title='bbox 849 2840 882 2878; x_wconf 92' lang='lat' dir='ltr'>L</span> <span class='ocrx_word' id='word_1_281' title='bbox 1105 2850 1154 2888; x_wconf 90' lang='lat'>15</span> <span class='ocrx_word' id='word_1_282' title='bbox 1194 2855 1235 2879; x_wconf 80' lang='grc' dir='ltr'>τι</span> <span class='ocrx_word' id='word_1_283' title='bbox 1266 2838 1421 2888; x_wconf 71' lang='lat' dir='ltr'>RV1‘1)</span> <span class='ocrx_word' id='word_1_284' title='bbox 1644 2839 1694 2875; x_wconf 89' lang='lat'>16</span> <span class='ocrx_word' id='word_1_285' title='bbox 1728 2836 1798 2886; x_wconf 81' lang='grc' dir='ltr'>δέη</span> <span class='ocrx_word' id='word_1_286' title='bbox 1830 2837 1966 2877; x_wconf 88' lang='lat' dir='ltr'>RSV</span> 
     </span>
    </p>
   </div>
   <div class='ocr_carea' id='block_1_14' title="bbox 305 2891 1964 3052">
    <p class='ocr_par' dir='ltr' id='par_1_14' title="bbox 305 2891 1964 3052">
     <span class='ocr_line' id='line_1_40' title="bbox 312 2891 1964 2963; baseline -0.002 -30"><span class='ocrx_word' id='word_1_287' title='bbox 312 2907 360 2943; x_wconf 93' lang='lat'>17</span> <span class='ocrx_word' id='word_1_288' title='bbox 391 2893 514 2944; x_wconf 83' lang='grc' dir='ltr'>ουτω]</span> <span class='ocrx_word' id='word_1_289' title='bbox 535 2897 627 2963; x_wconf 51' lang='lat' dir='ltr'>o&#39;z‘s‘rz</span> <span class='ocrx_word' id='word_1_290' title='bbox 655 2895 694 2933; x_wconf 89' lang='lat' dir='ltr'>R</span> <span class='ocrx_word' id='word_1_291' title='bbox 807 2894 921 2942; x_wconf 83' lang='grc' dir='ltr'>ἐποίη</span> <span class='ocrx_word' id='word_1_292' title='bbox 945 2893 1029 2932; x_wconf 86' lang='lat' dir='ltr'>SV</span> <span class='ocrx_word' id='word_1_293' title='bbox 1136 2894 1185 2933; x_wconf 81' lang='grc' dir='ltr'>τὸ</span> <span class='ocrx_word' id='word_1_294' title='bbox 1208 2892 1242 2930; x_wconf 89' lang='lat' dir='ltr'>C</span> <span class='ocrx_word' id='word_1_295' title='bbox 1385 2893 1434 2930; x_wconf 90' lang='lat'>18</span> <span class='ocrx_word' id='word_1_296' title='bbox 1461 2898 1512 2944; x_wconf 77' lang='grc' dir='ltr'>γε</span> <span class='ocrx_word' id='word_1_297' title='bbox 1533 2904 1613 2931; x_wconf 86' lang='lat' dir='ltr'>om.</span> <span class='ocrx_word' id='word_1_298' title='bbox 1638 2891 1679 2929; x_wconf 86' lang='lat' dir='ltr'>A</span> <span class='ocrx_word' id='word_1_299' title='bbox 1807 2903 1856 2930; x_wconf 82' lang='lat'>21</span> <span class='ocrx_word' id='word_1_300' title='bbox 1885 2892 1964 2943; x_wconf 73' lang='grc' dir='ltr'>’γὰρ</span> 
     </span>
     <span class='ocr_line' id='line_1_41' title="bbox 307 2945 1964 3012; baseline -0.002 -24"><span class='ocrx_word' id='word_1_301' title='bbox 307 2947 387 2988; x_wconf 86' lang='grc' dir='ltr'>ωδέ</span> <span class='ocrx_word' id='word_1_302' title='bbox 402 2965 453 3000; x_wconf 76' lang='grc' dir='ltr'>γε</span> <span class='ocrx_word' id='word_1_303' title='bbox 472 2947 565 3001; x_wconf 84' lang='grc' dir='ltr'>παρ’</span> <span class='ocrx_word' id='word_1_304' title='bbox 585 2950 722 2990; x_wconf 74' lang='grc' dir='ltr'>ἄλλων</span> <span class='ocrx_word' id='word_1_305' title='bbox 745 2948 785 2987; x_wconf 91' lang='lat' dir='ltr'>R</span> <span class='ocrx_word' id='word_1_306' title='bbox 800 2948 830 2986; x_wconf 90' lang='lat' dir='ltr'>S</span> <span class='ocrx_word' id='word_1_307' title='bbox 844 2948 882 2986; x_wconf 96' lang='lat' dir='ltr'>V</span> <span class='ocrx_word' id='word_1_308' title='bbox 1019 2959 1070 2985; x_wconf 85' lang='lat'>22</span> <span class='ocrx_word' id='word_1_309' title='bbox 1100 2945 1340 3012; x_wconf 82' lang='grc' dir='ltr'>κεκτημένοι</span> <span class='ocrx_word' id='word_1_310' title='bbox 1361 2946 1400 2985; x_wconf 91' lang='lat' dir='ltr'><strong>R</strong></span> <span class='ocrx_word' id='word_1_311' title='bbox 1416 2946 1447 2986; x_wconf 92' lang='lat' dir='ltr'>S</span> <span class='ocrx_word' id='word_1_312' title='bbox 1459 2947 1499 2986; x_wconf 95' lang='lat' dir='ltr'>V</span> <span class='ocrx_word' id='word_1_313' title='bbox 1643 2947 1696 2984; x_wconf 86' lang='lat'>28</span> <span class='ocrx_word' id='word_1_314' title='bbox 1725 2949 1877 2987; x_wconf 82' lang='grc' dir='ltr'>τοῖσιδε</span> <span class='ocrx_word' id='word_1_315' title='bbox 1899 2945 1933 2986; x_wconf 80' lang='lat' dir='ltr'>C</span> <span class='ocrx_word' id='word_1_316' title='bbox 1951 2959 1964 2985; x_wconf 86' lang='lat'>.·</span> 
     </span>
     <span class='ocr_line' id='line_1_42' title="bbox 305 3001 1104 3052; baseline -0.004 -9"><span class='ocrx_word' id='word_1_317' title='bbox 305 3006 446 3043; x_wconf 81' lang='grc' dir='ltr'>τοῖσδε</span> <span class='ocrx_word' id='word_1_318' title='bbox 466 3003 554 3041; x_wconf 86' lang='lat' dir='ltr'>rell.</span> <span class='ocrx_word' id='word_1_319' title='bbox 668 3002 744 3052; x_wconf 83' lang='grc' dir='ltr'>μὲν</span> <span class='ocrx_word' id='word_1_320' title='bbox 762 3016 844 3042; x_wconf 85' lang='lat' dir='ltr'>om.</span> <span class='ocrx_word' id='word_1_321' title='bbox 868 3001 907 3040; x_wconf 88' lang='lat' dir='ltr'>A</span> <span class='ocrx_word' id='word_1_322' title='bbox 924 3001 957 3040; x_wconf 84' lang='lat' dir='ltr'>B</span> <span class='ocrx_word' id='word_1_323' title='bbox 973 3001 1007 3041; x_wconf 93' lang='lat' dir='ltr'>C</span> <span class='ocrx_word' id='word_1_324' title='bbox 1022 3002 1056 3040; x_wconf 85' lang='lat' dir='ltr'>E</span> <span class='ocrx_word' id='word_1_325' title='bbox 1070 3001 1104 3039; x_wconf 95' lang='lat' dir='ltr'>P</span> 
     </span>
    </p>
   </div>
   <div class='ocr_carea' id='block_1_15' title="bbox 1998 1411 2045 1451">
    <p class='ocr_par' dir='ltr' id='par_1_15' title="bbox 1998 1411 2045 1451">
     <span class='ocr_line' id='line_1_43' title="bbox 1998 1411 2045 1451; baseline 0 0"><span class='ocrx_word' id='word_1_326' title='bbox 1998 1411 2045 1451; x_wconf 86' lang='lat'>15</span> 
     </span>
    </p>
   </div>
   <div class='ocr_carea' id='block_1_16' title="bbox 1994 1830 2045 1867">
    <p class='ocr_par' dir='ltr' id='par_1_16' title="bbox 1994 1830 2045 1867">
     <span class='ocr_line' id='line_1_44' title="bbox 1994 1830 2045 1867; baseline 0 0"><span class='ocrx_word' id='word_1_327' title='bbox 1994 1830 2045 1867; x_wconf 84' lang='lat'>20</span> 
     </span>
    </p>
   </div>
   <div class='ocr_carea' id='block_1_17' title="bbox 1993 2249 2039 2290">
    <p class='ocr_par' dir='ltr' id='par_1_17' title="bbox 1993 2249 2039 2290">
     <span class='ocr_line' id='line_1_45' title="bbox 1993 2249 2039 2290; baseline 0 0"><span class='ocrx_word' id='word_1_328' title='bbox 1993 2249 2039 2290; x_wconf 82' lang='lat'>25</span> 
     </span>
    </p>
   </div>
   <div class='ocr_carea' id='block_1_18' title="bbox 2051 1118 2085 1135">
    <p class='ocr_par' dir='ltr' id='par_1_18' title="bbox 2051 1118 2085 1135">
     <span class='ocr_line' id='line_1_46' title="bbox 2051 1118 2085 1135; baseline 0 0"><span class='ocrx_word' id='word_1_329' title='bbox 2051 1118 2085 1135; x_wconf 37' lang='grc' dir='ltr'>Χ.</span> 
     </span>
    </p>
   </div>
  </div>
 </body>
</html>
