2034 3328
0 116 22 168 z
40 128 105 180 72
622 77 624 79 V
752 113 1184 164 ΗΡοΔοΤοτ

141 246 319 312 θρόνου
362 246 480 312 πρὶν
519 241 551 311 ἢ
594 246 682 299 τὰς
710 245 875 314 ,θύρας
920 243 1070 296 αὐτὸν
1114 244 1326 310 ἀμεῖψαι
1372 241 1495 295 εἶπε·
1549 240 1624 293 Ὠ
1669 239 1800 307 ξεῖνε

142 330 513 394 Λακεδαιμόνιε,
553 327 706 381 πάλιν
742 329 893 397 χώρει
931 330 1054 393 μηδὲ
1094 327 1226 379 ἔσιθι
1266 329 1318 381 ἐς
1352 325 1409 378 τὸ
1446 327 1566 393 ἱρόν·
1611 326 1669 377 οὐ
1703 328 1798 393 γὰρ

143 412 343 478 θεμιτὸν
379 417 627 478 Δωριεῦσι
661 411 890 480 παριέναι
924 414 1151 464 ἐνθαῦτα.
1225 412 1335 463 ὅδὲ
1372 411 1494 463 εἶπε·
1531 402 1604 460 ⁹52
1634 410 1796 477 γύναι,

78 516 104 557 4
143 496 258 548 ἀλλ’
289 496 346 547 οὐ
379 497 596 562 Δωριεύς
628 499 728 562 εἶμι
761 496 877 548 ἀλλ’
908 496 1128 563 Ἀχαιός.
1200 495 1229 546 ὁ
1255 497 1349 560 μὲν
1385 493 1444 558 δὴ
1479 501 1539 566 τῇ
1571 495 1798 558 κλεηδόνι

143 581 282 631 οὐδὲν
327 581 606 647 χρεώμενος
651 579 949 648 ἐπεχείρησέ
991 601 1046 632 τε
1092 579 1170 631 καὶ
1212 580 1324 630 τότε
1370 577 1524 630 πάλιν
1568 576 1848 642 ἐξέπιπτεέἱ

140 666 265 730 μετὰ
304 668 401 715 τῶν
443 666 859 729 Λακεδαιμονίων·
906 663 1019 716 τοὺς
1055 666 1108 715 δὲ
1145 662 1330 715 ἄλλους
1361 661 1615 726 Ἀθηναῖοι
1657 661 1796 713 κατέ-

142 753 301 812 δησαν
341 747 431 811 την
471 749 552 800 ἐπὶ
590 746 800 817 θανάτῳ,
834 749 888 799 ἐν
924 750 977 799 δὲ
1015 747 1211 799 αὐτοῖσι
1248 746 1328 797 καὶ
1365 747 1676 811 Τιμησίθεον
1711 750 1800 797 τὸν

0 825 138 925 ψ’
145 832 370 898 Δελφόν,
396 836 482 882 τοῦ
511 832 632 934 ἔργα
662 837 843 902 χειρῶν
866 853 919 883 τε
950 832 1029 884 καὶ
1058 830 1278 896 λήματος
1308 829 1470 897 ἔχοιμ’
1494 828 1555 881 ἂν
1583 828 1801 897 μέγιστα

44 932 105 981 73
145 914 424 979 καταλέξαι.
500 915 633 967 οὗτοι
663 915 756 979 μέν
778 936 864 967 νυν
888 914 1140 980 δεδεμένοι
1171 914 1519 977 ἐτελεύτησαν,
1546 912 1801 978 Ἀθηναῖοι

143 1002 195 1051 δὲ
233 1001 358 1064 μετὰ
402 1003 554 1050 ταῦτα
599 998 910 1051 Κλεισθένεα
957 999 1034 1050 καὶ
1079 1001 1140 1050 τὰ
1185 997 1460 1051 ἑπτακόσια
1500 997 1702 1051 ἐπίστια
1739 999 1802 1049 τὰ
1827 1016 1879 1046 10

143 1082 415 1150 διωχθέντα
455 1082 550 1134 ὑπὸ
593 1082 901 1148 Κλεομένεος
940 1080 1385 1149 μεταπεμψάμενοι
1426 1080 1678 1147 πέμπουσι
1708 1082 1798 1149 ἆγ-

141 1166 322 1234 γέλους
358 1168 408 1219 ἐς
446 1166 638 1233 Σάρδις,
674 1169 961 1234 συμμαχίην
996 1167 1298 1232 βουλόμενοι
1337 1163 1645 1230 ποιήσασθαι
1678 1164 1802 1234 πρὸς

145 1250 363 1316 Πέρσας·
408 1249 681 1314 ἠπιστέατο
712 1253 808 1318 γὰρ
839 1252 992 1318 σφίσι
1021 1247 1180 1318 [πρὸς]
1204 1251 1620 1315 Λακεδαιμονίους
1642 1271 1696 1302 τε
1721 1249 1801 1301 καὶ

81 1357 105 1388 2
146 1333 430 1400 Κλεομένεα
465 1337 925 1400 ἐκπεπολεμῶσθαι.
999 1333 1310 1399 ἀπικομένων
1344 1336 1398 1386 δὲ
1433 1338 1533 1385 τῶν
1568 1332 1802 1401 ἀγγέλων

143 1421 194 1473 ἐς
229 1420 319 1472 τὰς
358 1417 537 1486 Σάρδις
577 1420 656 1470 καὶ
695 1420 950 1486 λεγόντων
988 1421 1049 1469 τὰ
1090 1417 1420 1482 ἐντεταλμένα
1458 1417 1876 1486 Ἀρταφρένηςῐ5

144 1505 170 1553 ὁ
220 1501 535 1556 ’Ὑστάσπεος
593 1505 816 1569 Σαρδίων
875 1504 1097 1570 ὕπαρχος
1155 1502 1397 1569 ἐπειρώτα
1446 1503 1579 1556 τίνες
1636 1502 1803 1556 ἐόντες

144 1586 394 1653 ἄνθρωποι
426 1586 503 1637 καὶ
536 1592 620 1637 κοῦ
650 1590 741 1664 γῆς
772 1586 1021 1652 οἰκημένοι
1052 1587 1245 1638 δεοίατο
1275 1585 1519 1653 Περσέων
1549 1586 1804 1654 σύμμαχοι

143 1670 395 1737 γενέσθαι,
430 1671 703 1735 πυθόμενος
734 1674 784 1722 δὲ
817 1671 938 1737 πρὸς
967 1676 1066 1722 τῶν
1095 1669 1327 1737 ἀγγέλων
1357 1670 1675 1738 ἆπεκορύ-φου
1705 1676 1803 1738 σφι

143 1754 276 1806 τάδε·
324 1756 366 1805 εἶ
404 1757 495 1819 μὲν
526 1758 716 1810 διδοῦσι
751 1754 964 1820 βασιλέϊ
997 1756 1192 1823 Δαρείῳ
1222 1753 1474 1858 Ἀθηναῖοι
1511 1757 1607 1821 γῆν
1637 1775 1692 1806 τε
1723 1754 1803 1806 καὶ

143 1840 288 1904 ὕδωρ,
323 1839 349 1887 ὁ
392 1841 445 1890 δὲ
491 1840 779 1906 συμμαχίην
823 1844 921 1905 σφι
965 1838 1322 1897 συνετίθετο,ε
1299 1839 1343 1889 εἰ
1387 1840 1440 1890 δὲ
1481 1837 1549 1903 μὴ
1593 1841 1800 1896 διδοῦσι,
1830 1859 1881 1888 20

0 1945 107 2008 um}
146 1920 575 1973 ἀπαλλάσσεσθαι
605 1922 781 1976 αὐτοὺς
811 1920 1025 1974 ἐκέλευε.
1101 1924 1147 1973 οἱ
1177 1924 1230 1973 δὲ
1262 1921 1472 1988 ἄγγελοι
1509 1921 1804 1989 ἐπὶ-σφέων

0 2013 122 2073 (96,
146 2005 305 2071 αὐτῶν
330 2006 605 2072 βαλόμενοι
627 2007 817 2058 διδόναι
840 2005 1057 2073 ἔφασαν,
1078 2005 1382 2071 βουλόμενοι
1403 2005 1493 2069 τὴν
1517 2006 1804 2073 συμμαχίην

146 2088 471 2153 ποιήσασθαι.
545 2090 680 2142 οὗτοι
700 2092 792 2155 μὲν
817 2089 875 2155 δὴ
899 2089 1203 2155 ἀπελθόντες
1226 2090 1277 2142 ἐς
1307 2088 1398 2153 τὴν
1430 2092 1622 2141 ἑωυτῶν
1646 2089 1804 2142 αἰτίας

145 2172 369 2240 μεγάλας
399 2173 554 2241 εἶχον.

44 2276 108 2324 74
233 2255 519 2322 Κλεομένης
539 2260 588 2309 δὲ
611 2256 939 2322 ἐπιστάμενος
961 2258 1314 2324 περιυβρίσθαι
1337 2257 1484 2309 ἔπεσι
1509 2257 1587 2308 καὶ
1611 2257 1804 2324 ἔργοισι
1831 2277 1878 2318 ²5

146 2339 228 2392 ὑπ’
260 2339 538 2405 Ἀθηναίων
571 2340 813 2407 συνέλεγε
843 2343 898 2392 ἐκ
932 2340 1098 2405 πάσης
1137 2339 1535 2414 Πελοποννήσου
1571 2341 1801 2408 στρατόν,

148 2424 205 2475 οὐ
234 2423 434 2490 φράζων
464 2426 515 2477 ἐς
550 2424 607 2476 τὸ
637 2423 892 2491 συλλέγει,
918 2425 1188 2476 τείσασθαί
1220 2446 1275 2476 τε
1311 2423 1499 2476 ἐθέλων
1533 2424 1620 2477 τὸν
1650 2427 1805 2489 δῆμον

148 2511 235 2560 τὸν
274 2507 551 2572 Ἀθηναίων
593 2509 671 2560 καὶ
712 2507 976 2575 Ἰσαγόρην
1020 2509 1332 2574 βουλόμενος
1374 2508 1611 2575 τύραννον
1655 2528 1800 2560 κατα-

206 2657 224 2682 1
256 2647 386 2685 αὐτῶν
407 2643 442 2683 Β
579 2659 603 2693 4
633 2645 816 2694 κληῒδόνι
838 2644 869 2683 S
1008 2655 1033 2693 5
1062 2645 1127 2685 καὶ
1148 2643 1246 2684 τότε
1267 2656 1348 2682 om.
1375 2643 1455 2682 SV
1582 2644 1609 2682 8
1638 2643 1806 2695 Δελφόν

151 2698 408 2739 palmerius:
442 2699 643 2752 ἀδελφεόν
664 2700 698 2738 L
810 2699 1021 2750 λήμματος
1041 2698 1079 2736 Α
1093 2697 1127 2735 Β
1289 2710 1337 2747 13
1367 2706 1440 2749 σφι
1463 2698 1497 2736 L
1607 2700 1701 2750 πρὸς
1721 2698 1804 2737 del.

151 2753 536 2802 Schweighaeuser
729 2765 779 2804 14
809 2757 949 2794 ἐκπολ.
975 2752 1056 2792 SV
1263 2765 1311 2801 17
1342 2755 1416 2793 κοῦ
1439 2751 1589 2790 Stein:
1620 2754 1677 2800 πῆ
1699 2751 1804 2791 SV:

150 2825 216 2847 ποι
237 2806 325 2845 rell.
348 2821 357 2846 :
387 2811 437 2862 κῇ
459 2807 632 2847 Bekker
817 2819 867 2858 19
896 2808 1096 2857 Ἀθηναῖοι
1116 2818 1199 2846 om.
1221 2805 1304 2845 SV
1492 2819 1546 2844 ρο
1575 2816 1648 2859 σφι
1667 2819 1748 2846 om.
1771 2805 1806 2845 C

151 2865 288 2902 διδῶσι
307 2861 399 2900 VU
511 2874 561 2900 21
595 2862 739 2903 αὐτοὺς
759 2874 842 2901 Om
863 2861 944 2901 SV
1055 2874 1107 2900 22
1137 2860 1389 2911 βαλλόμενοι
1409 2858 1544 2898 ASV
1664 2873 1716 2911 27
1745 2861 1806 2901 τί·

152 2915 299 2956 σασθαί
335 2916 367 2954 L
587 2918 640 2955 28
683 2917 758 2957 τὸν
790 2915 1009 2964 Ἀθηναίων
1041 2915 1191 2954 Stein:
1233 2916 1307 2955 τὸν
1336 2913 1543 2963 Ἀθηναῖον
1571 2914 1683 2955 AB:
1723 2918 1806 2955 τῶν

151 2969 368 3018 Ἀθηναίων
388 2969 478 3009 rell.

1997 1798 2034 1908 3

2025 2088 2034 2111 ³

2027 2117 2034 2133 ε

2010 2286 2034 2316 ²1

2031 2354 2034 2374 ε

2027 2385 2034 2427 ⁴1
