<?xml version="1.0" encoding="UTF-8"?>
<!DOCTYPE html PUBLIC "-//W3C//DTD XHTML 1.0 Transitional//EN"
    "http://www.w3.org/TR/xhtml1/DTD/xhtml1-transitional.dtd">
<html xmlns="http://www.w3.org/1999/xhtml" xml:lang="en" lang="en">
 <head>
  <title>
</title>
<meta http-equiv="Content-Type" content="text/html;charset=utf-8" />
  <meta name='ocr-system' content='tesseract 3.04.00' />
  <meta name='ocr-capabilities' content='ocr_page ocr_carea ocr_par ocr_line ocrx_word'/>
</head>
<body>
  <div class='ocr_page' id='page_1' title='image "./herodotihistoria02herouoft_0166.png"; bbox 0 0 2132 3340; ppageno 0'>
   <div class='ocr_carea' id='block_1_1' title="bbox 95 121 1828 179">
    <p class='ocr_par' dir='ltr' id='par_1_1' title="bbox 95 121 1828 179">
     <span class='ocr_line' id='line_1_1' title="bbox 95 121 1828 179; baseline -0.003 -3"><span class='ocrx_word' id='word_1_1' title='bbox 95 128 206 179; x_wconf 79' lang='lat' dir='ltr'>VII.</span> <span class='ocrx_word' id='word_1_2' title='bbox 237 130 305 176; x_wconf 83' lang='lat'>26</span> <span class='ocrx_word' id='word_1_3' title='bbox 837 138 846 144; x_wconf 86' lang='grc'><em>·</em></span> <span class='ocrx_word' id='word_1_4' title='bbox 962 125 1388 172; x_wconf 72' lang='grc' dir='ltr'>ΙΙΡΟΔΟΤΟὙ</span> <span class='ocrx_word' id='word_1_5' title='bbox 1797 121 1828 137; x_wconf 76' lang='grc'>“’</span> 
     </span>
    </p>
   </div>
   <div class='ocr_carea' id='block_1_2' title="bbox 0 248 2011 581">
    <p class='ocr_par' dir='ltr' id='par_1_2' title="bbox 349 248 2008 330">
     <span class='ocr_line' id='line_1_2' title="bbox 349 248 2008 330; baseline -0.001 -21"><span class='ocrx_word' id='word_1_6' title='bbox 349 262 464 325; x_wconf 89' lang='grc' dir='ltr'>δρον</span> <span class='ocrx_word' id='word_1_7' title='bbox 496 257 692 310; x_wconf 84' lang='grc' dir='ltr'>ἐκδιδοῖ·</span> <span class='ocrx_word' id='word_1_8' title='bbox 761 256 816 308; x_wconf 88' lang='grc' dir='ltr'>ἐν</span> <span class='ocrx_word' id='word_1_9' title='bbox 846 264 906 330; x_wconf 81' lang='grc' dir='ltr'>τῇ</span> <span class='ocrx_word' id='word_1_10' title='bbox 938 256 1016 308; x_wconf 87' lang='grc' dir='ltr'>καὶ</span> <span class='ocrx_word' id='word_1_11' title='bbox 1048 258 1074 306; x_wconf 87' lang='grc' dir='ltr'>ὁ</span> <span class='ocrx_word' id='word_1_12' title='bbox 1104 260 1189 308; x_wconf 80' lang='grc' dir='ltr'>τοῦ</span> <span class='ocrx_word' id='word_1_13' title='bbox 1220 261 1436 321; x_wconf 53' lang='grc' dir='ltr'>ωιληνοΰ</span> <span class='ocrx_word' id='word_1_14' title='bbox 1469 256 1719 323; x_wconf 86' lang='grc' dir='ltr'>Μαρσύεω</span> <span class='ocrx_word' id='word_1_15' title='bbox 1751 248 1905 311; x_wconf 84' lang='grc' dir='ltr'>ἀσκὸς</span> <span class='ocrx_word' id='word_1_16' title='bbox 1934 251 2008 322; x_wconf 82' lang='grc' dir='ltr'>[ἐν</span> 
     </span>
    </p>

    <p class='ocr_par' dir='ltr' id='par_1_3' title="bbox 349 340 2010 415">
     <span class='ocr_line' id='line_1_3' title="bbox 349 340 2010 415; baseline 0 -22"><span class='ocrx_word' id='word_1_17' title='bbox 349 350 409 415; x_wconf 80' lang='grc' dir='ltr'>τῇ</span> <span class='ocrx_word' id='word_1_18' title='bbox 454 340 593 408; x_wconf 82' lang='grc' dir='ltr'>πόλι]</span> <span class='ocrx_word' id='word_1_19' title='bbox 638 340 987 408; x_wconf 80' lang='grc' dir='ltr'>ἀνακρέμαται,</span> <span class='ocrx_word' id='word_1_20' title='bbox 1035 340 1140 393; x_wconf 68' lang='grc' dir='ltr'>τὸν,</span> <span class='ocrx_word' id='word_1_21' title='bbox 1170 341 1267 392; x_wconf 84' lang='grc' dir='ltr'>ὑπὸ</span> <span class='ocrx_word' id='word_1_22' title='bbox 1312 344 1523 408; x_wconf 85' lang='grc' dir='ltr'>Φρυγῶν</span> <span class='ocrx_word' id='word_1_23' title='bbox 1566 340 1720 407; x_wconf 80' lang='grc' dir='ltr'>λόγος</span> <span class='ocrx_word' id='word_1_24' title='bbox 1763 340 1870 408; x_wconf 86' lang='grc' dir='ltr'>ἔχει</span> <span class='ocrx_word' id='word_1_25' title='bbox 1911 340 2010 394; x_wconf 82' lang='grc' dir='ltr'>ὑπὸ</span> 
     </span>
    </p>

    <p class='ocr_par' dir='ltr' id='par_1_4' title="bbox 0 424 2011 581">
     <span class='ocr_line' id='line_1_4' title="bbox 246 424 2009 496; baseline -0.002 -16"><span class='ocrx_word' id='word_1_26' title='bbox 246 444 309 493; x_wconf 85' lang='lat'>27</span> <span class='ocrx_word' id='word_1_27' title='bbox 349 427 674 479; x_wconf 80' lang='grc' dir='ltr'>’Λπόλλωνος</span> <span class='ocrx_word' id='word_1_28' title='bbox 706 425 973 491; x_wconf 85' lang='grc' dir='ltr'>ἐκδαρέντα</span> <span class='ocrx_word' id='word_1_29' title='bbox 1003 427 1457 492; x_wconf 80' lang='grc' dir='ltr'>ἀνακρεμασθῆναι.</span> <span class='ocrx_word' id='word_1_30' title='bbox 1532 424 1587 476; x_wconf 90' lang='grc' dir='ltr'>ἐν</span> <span class='ocrx_word' id='word_1_31' title='bbox 1617 425 1768 496; x_wconf 81' lang='grc' dir='ltr'>ταύτῃ</span> <span class='ocrx_word' id='word_1_32' title='bbox 1798 426 1856 496; x_wconf 82' lang='grc' dir='ltr'>τῇ</span> <span class='ocrx_word' id='word_1_33' title='bbox 1889 425 2009 477; x_wconf 90' lang='grc' dir='ltr'>πόλι</span> 
     </span>
     <span class='ocr_line' id='line_1_5' title="bbox 0 497 2011 581; baseline -0.002 -15"><span class='ocrx_word' id='word_1_34' title='bbox 0 497 717 581; x_wconf 51' lang='grc' dir='ltr'>σαλαὰίῶμὺποκἯ-ήμενος</span> <span class='ocrx_word' id='word_1_35' title='bbox 769 511 966 563; x_wconf 52' lang='grc' dir='ltr'>Πύθιος.</span> <span class='ocrx_word' id='word_1_36' title='bbox 1001 511 1027 561; x_wconf 87' lang='grc' dir='ltr'>ὁ</span> <span class='ocrx_word' id='word_1_37' title='bbox 1061 509 1245 563; x_wconf 77' lang='grc' dir='ltr'>’Ἄτυος</span> <span class='ocrx_word' id='word_1_38' title='bbox 1289 509 1412 576; x_wconf 79' lang='grc' dir='ltr'>ἀνὴρ</span> <span class='ocrx_word' id='word_1_39' title='bbox 1457 508 1617 562; x_wconf 88' lang='grc' dir='ltr'>Λυδὸς</span> <span class='ocrx_word' id='word_1_40' title='bbox 1662 508 1878 574; x_wconf 83' lang='grc' dir='ltr'>ἐξείνισε</span> <span class='ocrx_word' id='word_1_41' title='bbox 1920 509 2011 574; x_wconf 78' lang='grc' dir='ltr'>τὴν</span> 
     </span>
    </p>
   </div>
   <div class='ocr_carea' id='block_1_3' title="bbox 348 593 2056 661">
    <p class='ocr_par' dir='ltr' id='par_1_5' title="bbox 348 593 2056 661">
     <span class='ocr_line' id='line_1_6' title="bbox 348 593 2056 661; baseline 0 -15"><span class='ocrx_word' id='word_1_42' title='bbox 348 594 595 661; x_wconf 80' lang='grc' dir='ltr'>βασιλέος</span> <span class='ocrx_word' id='word_1_43' title='bbox 641 594 879 661; x_wconf 80' lang='grc' dir='ltr'>στρατιὴν</span> <span class='ocrx_word' id='word_1_44' title='bbox 922 599 1094 646; x_wconf 80' lang='grc' dir='ltr'>πᾶσαν</span> <span class='ocrx_word' id='word_1_45' title='bbox 1138 593 1368 659; x_wconf 77' lang='grc' dir='ltr'>ξεινίοισι</span> <span class='ocrx_word' id='word_1_46' title='bbox 1405 595 1695 660; x_wconf 82' lang='grc' dir='ltr'>μεγίστοισι</span> <span class='ocrx_word' id='word_1_47' title='bbox 1737 595 1822 656; x_wconf 37' lang='grc' dir='ltr'>καὶ,</span> <span class='ocrx_word' id='word_1_48' title='bbox 1861 593 2056 656; x_wconf 74' lang='grc' dir='ltr'>αὐτὸν5</span> 
     </span>
    </p>
   </div>
   <div class='ocr_carea' id='block_1_4' title="bbox 351 676 2007 747">
    <p class='ocr_par' dir='ltr' id='par_1_6' title="bbox 351 676 2007 747">
     <span class='ocr_line' id='line_1_7' title="bbox 351 676 2007 747; baseline -0.001 -15"><span class='ocrx_word' id='word_1_49' title='bbox 351 677 562 744; x_wconf 80' lang='grc' dir='ltr'>Ξέρξην,</span> <span class='ocrx_word' id='word_1_50' title='bbox 595 677 826 747; x_wconf 87' lang='grc' dir='ltr'>χρήματά</span> <span class='ocrx_word' id='word_1_51' title='bbox 855 701 910 731; x_wconf 90' lang='grc' dir='ltr'>τε</span> <span class='ocrx_word' id='word_1_52' title='bbox 941 676 1288 746; x_wconf 89' lang='grc' dir='ltr'>ἐπαγγέλλετο</span> <span class='ocrx_word' id='word_1_53' title='bbox 1318 678 1629 743; x_wconf 85' lang='grc' dir='ltr'>βουλόμενος</span> <span class='ocrx_word' id='word_1_54' title='bbox 1659 677 1711 732; x_wconf 91' lang='grc' dir='ltr'>ἐς</span> <span class='ocrx_word' id='word_1_55' title='bbox 1740 676 1826 729; x_wconf 81' lang='grc' dir='ltr'>τὸν</span> <span class='ocrx_word' id='word_1_56' title='bbox 1852 679 2007 730; x_wconf 77' lang='grc' dir='ltr'>,πόλε-</span> 
     </span>
    </p>
   </div>
   <div class='ocr_carea' id='block_1_5' title="bbox 285 760 2081 832">
    <p class='ocr_par' dir='ltr' id='par_1_7' title="bbox 285 760 2081 832">
     <span class='ocr_line' id='line_1_8' title="bbox 285 760 2081 832; baseline -0.004 -14"><span class='ocrx_word' id='word_1_57' title='bbox 285 788 310 819; x_wconf 88' lang='lat'><strong>2</strong></span> <span class='ocrx_word' id='word_1_58' title='bbox 348 786 442 830; x_wconf 91' lang='grc' dir='ltr'>μον</span> <span class='ocrx_word' id='word_1_59' title='bbox 473 761 727 832; x_wconf 81' lang='grc' dir='ltr'>παρέχειν.</span> <span class='ocrx_word' id='word_1_60' title='bbox 816 760 1258 830; x_wconf 81' lang='grc' dir='ltr'>ἐπαγγελλομένου</span> <span class='ocrx_word' id='word_1_61' title='bbox 1288 765 1343 814; x_wconf 78' lang='grc' dir='ltr'>δὲ</span> <span class='ocrx_word' id='word_1_62' title='bbox 1371 761 1603 831; x_wconf 89' lang='grc' dir='ltr'>χρήματα</span> <span class='ocrx_word' id='word_1_63' title='bbox 1633 762 1823 814; x_wconf 88' lang='grc' dir='ltr'>Πυθίου</span> <span class='ocrx_word' id='word_1_64' title='bbox 1853 764 2011 828; x_wconf 81' lang='grc' dir='ltr'>εἴρετο</span> <span class='ocrx_word' id='word_1_65' title='bbox 2070 805 2081 811; x_wconf 89' lang='grc'>-</span> 
     </span>
    </p>
   </div>
   <div class='ocr_carea' id='block_1_6' title="bbox 250 842 2014 1587">
    <p class='ocr_par' dir='ltr' id='par_1_8' title="bbox 250 842 2014 1587">
     <span class='ocr_line' id='line_1_9' title="bbox 351 842 2012 916; baseline 0.001 -16"><span class='ocrx_word' id='word_1_66' title='bbox 351 846 544 916; x_wconf 79' lang='grc' dir='ltr'>Ξέρξης</span> <span class='ocrx_word' id='word_1_67' title='bbox 575 846 817 915; x_wconf 85' lang='grc' dir='ltr'>Περσέων</span> <span class='ocrx_word' id='word_1_68' title='bbox 848 848 961 900; x_wconf 82' lang='grc' dir='ltr'>τοὺς</span> <span class='ocrx_word' id='word_1_69' title='bbox 990 847 1264 913; x_wconf 87' lang='grc' dir='ltr'>παρεόντας</span> <span class='ocrx_word' id='word_1_70' title='bbox 1293 847 1367 900; x_wconf 90' lang='grc' dir='ltr'>τίς</span> <span class='ocrx_word' id='word_1_71' title='bbox 1398 868 1452 898; x_wconf 93' lang='grc' dir='ltr'>τε</span> <span class='ocrx_word' id='word_1_72' title='bbox 1483 846 1578 898; x_wconf 88' lang='grc' dir='ltr'>ἐὼν</span> <span class='ocrx_word' id='word_1_73' title='bbox 1601 848 1790 913; x_wconf 80' lang='grc' dir='ltr'>ἀνδρῶν</span> <span class='ocrx_word' id='word_1_74' title='bbox 1821 842 2012 906; x_wconf 64' lang='grc' dir='ltr'>Πύθιος</span> 
     </span>
     <span class='ocr_line' id='line_1_10' title="bbox 351 928 2012 1000; baseline -0.001 -15"><span class='ocrx_word' id='word_1_75' title='bbox 351 934 431 985; x_wconf 88' lang='grc' dir='ltr'>καὶ</span> <span class='ocrx_word' id='word_1_76' title='bbox 474 933 603 983; x_wconf 91' lang='grc' dir='ltr'>κόσα</span> <span class='ocrx_word' id='word_1_77' title='bbox 637 931 869 1000; x_wconf 89' lang='grc' dir='ltr'>χρήματα</span> <span class='ocrx_word' id='word_1_78' title='bbox 904 929 1172 996; x_wconf 82' lang='grc' dir='ltr'>ἐκτημένος</span> <span class='ocrx_word' id='word_1_79' title='bbox 1209 928 1578 998; x_wconf 84' lang='grc' dir='ltr'>ἐπαγγέλλοιτο</span> <span class='ocrx_word' id='word_1_80' title='bbox 1616 935 1785 982; x_wconf 84' lang='grc' dir='ltr'>ταῦτα.</span> <span class='ocrx_word' id='word_1_81' title='bbox 1873 933 1920 983; x_wconf 87' lang='grc' dir='ltr'>οἱ</span> <span class='ocrx_word' id='word_1_82' title='bbox 1957 933 2012 983; x_wconf 78' lang='grc' dir='ltr'>δὲ</span> 
     </span>
     <span class='ocr_line' id='line_1_11' title="bbox 352 1012 2012 1082; baseline -0.002 -13"><span class='ocrx_word' id='word_1_83' title='bbox 352 1017 511 1069; x_wconf 75' lang='grc' dir='ltr'>εἶπαν·</span> <span class='ocrx_word' id='word_1_84' title='bbox 567 1015 641 1066; x_wconf 62' lang='lat'>⁹52</span> <span class='ocrx_word' id='word_1_85' title='bbox 672 1020 908 1081; x_wconf 80' lang='grc' dir='ltr'>βασιλεῦ,</span> <span class='ocrx_word' id='word_1_86' title='bbox 942 1016 1083 1069; x_wconf 80' lang='grc' dir='ltr'>οὗτός</span> <span class='ocrx_word' id='word_1_87' title='bbox 1119 1015 1231 1067; x_wconf 86' lang='grc' dir='ltr'>ἐστι</span> <span class='ocrx_word' id='word_1_88' title='bbox 1268 1017 1322 1069; x_wconf 85' lang='grc' dir='ltr'>ὅς</span> <span class='ocrx_word' id='word_1_89' title='bbox 1351 1037 1427 1066; x_wconf 89' lang='grc' dir='ltr'>τοι</span> <span class='ocrx_word' id='word_1_90' title='bbox 1457 1014 1543 1067; x_wconf 87' lang='grc' dir='ltr'>τὸν</span> <span class='ocrx_word' id='word_1_91' title='bbox 1574 1012 1766 1081; x_wconf 83' lang='grc' dir='ltr'>πατέρα</span> <span class='ocrx_word' id='word_1_92' title='bbox 1797 1013 2012 1082; x_wconf 82' lang='grc' dir='ltr'>Δαρεῖον</span> 
     </span>
     <span class='ocr_line' id='line_1_12' title="bbox 352 1096 2012 1171; baseline -0.001 -18"><span class='ocrx_word' id='word_1_93' title='bbox 352 1099 639 1168; x_wconf 89' lang='grc' dir='ltr'>ἐδωρήσατο</span> <span class='ocrx_word' id='word_1_94' title='bbox 675 1101 734 1171; x_wconf 84' lang='grc' dir='ltr'>τῇ</span> <span class='ocrx_word' id='word_1_95' title='bbox 772 1102 1095 1169; x_wconf 84' lang='grc' dir='ltr'>πλατανίστῳ</span> <span class='ocrx_word' id='word_1_96' title='bbox 1133 1100 1191 1171; x_wconf 81' lang='grc' dir='ltr'>τῇ</span> <span class='ocrx_word' id='word_1_97' title='bbox 1229 1097 1419 1170; x_wconf 84' lang='grc' dir='ltr'>χρυσέῃ</span> <span class='ocrx_word' id='word_1_98' title='bbox 1459 1100 1538 1151; x_wconf 85' lang='grc' dir='ltr'>καὶ</span> <span class='ocrx_word' id='word_1_99' title='bbox 1573 1100 1633 1170; x_wconf 78' lang='grc' dir='ltr'>τῇ</span> <span class='ocrx_word' id='word_1_100' title='bbox 1671 1096 1895 1169; x_wconf 83' lang='grc' dir='ltr'>ἀμπέλῳ·</span> <span class='ocrx_word' id='word_1_101' title='bbox 1957 1098 2012 1152; x_wconf 81' lang='grc' dir='ltr'>ὃς</span> 
     </span>
     <span class='ocr_line' id='line_1_13' title="bbox 354 1183 2012 1253; baseline -0.001 -17"><span class='ocrx_word' id='word_1_102' title='bbox 354 1186 432 1237; x_wconf 88' lang='grc' dir='ltr'>καὶ</span> <span class='ocrx_word' id='word_1_103' title='bbox 473 1189 558 1237; x_wconf 81' lang='grc' dir='ltr'>νῦν</span> <span class='ocrx_word' id='word_1_104' title='bbox 599 1184 712 1236; x_wconf 89' lang='grc' dir='ltr'>ἐστι</span> <span class='ocrx_word' id='word_1_105' title='bbox 754 1189 947 1251; x_wconf 83' lang='grc' dir='ltr'>πρῶτος</span> <span class='ocrx_word' id='word_1_106' title='bbox 990 1183 1262 1250; x_wconf 85' lang='grc' dir='ltr'>ἀνθρώπων</span> <span class='ocrx_word' id='word_1_107' title='bbox 1305 1185 1503 1253; x_wconf 81' lang='grc' dir='ltr'>πλούτῳ</span> <span class='ocrx_word' id='word_1_108' title='bbox 1548 1187 1646 1234; x_wconf 85' lang='grc' dir='ltr'>τῶν</span> <span class='ocrx_word' id='word_1_109' title='bbox 1688 1183 1829 1248; x_wconf 85' lang='grc' dir='ltr'>ἡμεῖς</span> <span class='ocrx_word' id='word_1_110' title='bbox 1872 1184 2012 1248; x_wconf 82' lang='grc' dir='ltr'>ἴδμεν</span> 
     </span>
     <span class='ocr_line' id='line_1_14' title="bbox 250 1265 2013 1336; baseline -0.001 -14"><span class='ocrx_word' id='word_1_111' title='bbox 250 1279 314 1326; x_wconf 88' lang='lat'>28</span> <span class='ocrx_word' id='word_1_112' title='bbox 351 1271 475 1336; x_wconf 78' lang='grc' dir='ltr'>μετὰ</span> <span class='ocrx_word' id='word_1_113' title='bbox 516 1268 592 1320; x_wconf 89' lang='grc' dir='ltr'>σέ.</span> <span class='ocrx_word' id='word_1_114' title='bbox 681 1267 917 1334; x_wconf 87' lang='grc' dir='ltr'>θωμάσας</span> <span class='ocrx_word' id='word_1_115' title='bbox 958 1271 1009 1319; x_wconf 76' lang='grc' dir='ltr'>δὲ</span> <span class='ocrx_word' id='word_1_116' title='bbox 1053 1271 1152 1319; x_wconf 83' lang='grc' dir='ltr'>τῶν</span> <span class='ocrx_word' id='word_1_117' title='bbox 1198 1267 1356 1319; x_wconf 87' lang='grc' dir='ltr'>ἐπέων</span> <span class='ocrx_word' id='word_1_118' title='bbox 1391 1267 1447 1319; x_wconf 89' lang='grc' dir='ltr'>τὸ</span> <span class='ocrx_word' id='word_1_119' title='bbox 1491 1272 1776 1319; x_wconf 84' lang='grc' dir='ltr'>τελευταῖον</span> <span class='ocrx_word' id='word_1_120' title='bbox 1821 1265 2013 1334; x_wconf 82' lang='grc' dir='ltr'>Ξέρξης</span> 
     </span>
     <span class='ocr_line' id='line_1_15' title="bbox 354 1349 2014 1420; baseline -0.001 -14"><span class='ocrx_word' id='word_1_121' title='bbox 354 1353 499 1407; x_wconf 84' lang='grc' dir='ltr'>αὐτὸς</span> <span class='ocrx_word' id='word_1_122' title='bbox 530 1353 732 1420; x_wconf 88' lang='grc' dir='ltr'>δεύτερα</span> <span class='ocrx_word' id='word_1_123' title='bbox 763 1354 919 1420; x_wconf 84' lang='grc' dir='ltr'>εἴρετο</span> <span class='ocrx_word' id='word_1_124' title='bbox 950 1351 1143 1404; x_wconf 81' lang='grc' dir='ltr'>Πύθιον</span> <span class='ocrx_word' id='word_1_125' title='bbox 1180 1352 1338 1403; x_wconf 87' lang='grc' dir='ltr'>ὁκόσα</span> <span class='ocrx_word' id='word_1_126' title='bbox 1376 1354 1421 1404; x_wconf 84' lang='grc' dir='ltr'>οἱ</span> <span class='ocrx_word' id='word_1_127' title='bbox 1458 1353 1530 1416; x_wconf 86' lang='grc' dir='ltr'>εἴη</span> <span class='ocrx_word' id='word_1_128' title='bbox 1569 1349 1815 1420; x_wconf 88' lang='grc' dir='ltr'>χρήματα.</span> <span class='ocrx_word' id='word_1_129' title='bbox 1902 1352 1929 1402; x_wconf 86' lang='grc' dir='ltr'>ὁ</span> <span class='ocrx_word' id='word_1_130' title='bbox 1958 1353 2014 1404; x_wconf 79' lang='grc' dir='ltr'>δὲ</span> 
     </span>
     <span class='ocr_line' id='line_1_16' title="bbox 355 1434 2011 1503; baseline -0.003 -12"><span class='ocrx_word' id='word_1_131' title='bbox 355 1438 477 1491; x_wconf 81' lang='grc' dir='ltr'>εἶπε·</span> <span class='ocrx_word' id='word_1_132' title='bbox 516 1436 590 1488; x_wconf 45' lang='grc' dir='ltr'>φΩ</span> <span class='ocrx_word' id='word_1_133' title='bbox 621 1441 855 1503; x_wconf 82' lang='grc' dir='ltr'>βασιλεῦ,</span> <span class='ocrx_word' id='word_1_134' title='bbox 889 1437 1001 1490; x_wconf 81' lang='grc' dir='ltr'>οὔτε</span> <span class='ocrx_word' id='word_1_135' title='bbox 1031 1458 1093 1489; x_wconf 89' lang='grc' dir='ltr'>σε</span> <span class='ocrx_word' id='word_1_136' title='bbox 1123 1437 1395 1503; x_wconf 79' lang='grc' dir='ltr'>ἀποκρύψω</span> <span class='ocrx_word' id='word_1_137' title='bbox 1426 1437 1539 1488; x_wconf 82' lang='grc' dir='ltr'>οὔτε</span> <span class='ocrx_word' id='word_1_138' title='bbox 1571 1434 1830 1502; x_wconf 79' lang='grc' dir='ltr'>σκήψομαι</span> <span class='ocrx_word' id='word_1_139' title='bbox 1860 1434 1917 1487; x_wconf 86' lang='grc' dir='ltr'>τὸ</span> <span class='ocrx_word' id='word_1_140' title='bbox 1944 1434 2011 1501; x_wconf 79' lang='grc' dir='ltr'>μὴ</span> 
     </span>
     <span class='ocr_line' id='line_1_17' title="bbox 356 1519 2010 1587; baseline -0.002 -12"><span class='ocrx_word' id='word_1_141' title='bbox 356 1522 536 1575; x_wconf 77' lang='grc' dir='ltr'>εἰδέναι</span> <span class='ocrx_word' id='word_1_142' title='bbox 581 1522 671 1587; x_wconf 80' lang='grc' dir='ltr'>τὴν</span> <span class='ocrx_word' id='word_1_143' title='bbox 717 1524 962 1587; x_wconf 84' lang='grc' dir='ltr'>ἐμεωυτοῦ</span> <span class='ocrx_word' id='word_1_144' title='bbox 1005 1521 1198 1585; x_wconf 84' lang='grc' dir='ltr'>οὐσίην,</span> <span class='ocrx_word' id='word_1_145' title='bbox 1237 1521 1353 1573; x_wconf 90' lang='grc' dir='ltr'>ἀλλ’</span> <span class='ocrx_word' id='word_1_146' title='bbox 1394 1519 1723 1586; x_wconf 89' lang='grc' dir='ltr'>ἐπιστάμενός</span> <span class='ocrx_word' id='word_1_147' title='bbox 1758 1541 1834 1571; x_wconf 93' lang='grc' dir='ltr'>τοι</span> <span class='ocrx_word' id='word_1_148' title='bbox 1869 1520 2010 1587; x_wconf 89' lang='grc' dir='ltr'>ἀτρε-</span> 
     </span>
    </p>
   </div>
   <div class='ocr_carea' id='block_1_7' title="bbox 292 1603 2029 1673">
    <p class='ocr_par' dir='ltr' id='par_1_9' title="bbox 292 1603 2029 1673">
     <span class='ocr_line' id='line_1_18' title="bbox 292 1603 2029 1673; baseline -0.001 -13"><span class='ocrx_word' id='word_1_149' title='bbox 292 1628 317 1660; x_wconf 90' lang='lat'><strong>2</strong></span> <span class='ocrx_word' id='word_1_150' title='bbox 358 1606 478 1661; x_wconf 88' lang='grc' dir='ltr'>κέως</span> <span class='ocrx_word' id='word_1_151' title='bbox 531 1605 801 1671; x_wconf 80' lang='grc' dir='ltr'>καταλέξω.</span> <span class='ocrx_word' id='word_1_152' title='bbox 891 1607 1056 1658; x_wconf 83' lang='grc' dir='ltr'>ἐπείτε</span> <span class='ocrx_word' id='word_1_153' title='bbox 1106 1607 1202 1672; x_wconf 80' lang='grc' dir='ltr'>γὰρ</span> <span class='ocrx_word' id='word_1_154' title='bbox 1252 1604 1469 1673; x_wconf 86' lang='grc' dir='ltr'>τάχιστά</span> <span class='ocrx_word' id='word_1_155' title='bbox 1519 1626 1579 1657; x_wconf 92' lang='grc' dir='ltr'>σε</span> <span class='ocrx_word' id='word_1_156' title='bbox 1631 1604 1879 1669; x_wconf 87' lang='grc' dir='ltr'>ἐπυθόμην</span> <span class='ocrx_word' id='word_1_157' title='bbox 1932 1603 2029 1659; x_wconf 84' lang='grc' dir='ltr'>ἐπὶ.</span> 
     </span>
    </p>
   </div>
   <div class='ocr_carea' id='block_1_8' title="bbox 356 1688 2013 2014">
    <p class='ocr_par' dir='ltr' id='par_1_10' title="bbox 356 1688 2013 2014">
     <span class='ocr_line' id='line_1_19' title="bbox 359 1688 2012 1755; baseline -0.002 -12"><span class='ocrx_word' id='word_1_158' title='bbox 359 1691 627 1744; x_wconf 87' lang='grc' dir='ltr'>θάλασσαν</span> <span class='ocrx_word' id='word_1_159' title='bbox 679 1691 1045 1755; x_wconf 85' lang='grc' dir='ltr'>καταβαίνοντα</span> <span class='ocrx_word' id='word_1_160' title='bbox 1094 1690 1184 1754; x_wconf 75' lang='grc' dir='ltr'>τὴν</span> <span class='ocrx_word' id='word_1_161' title='bbox 1234 1688 1523 1753; x_wconf 83' lang='grc' dir='ltr'>Ἑλληνίδα,</span> <span class='ocrx_word' id='word_1_162' title='bbox 1578 1688 1886 1754; x_wconf 87' lang='grc' dir='ltr'>βουλόμενός</span> <span class='ocrx_word' id='word_1_163' title='bbox 1936 1709 2012 1740; x_wconf 85' lang='grc' dir='ltr'>τοι</span> 
     </span>
     <span class='ocr_line' id='line_1_20' title="bbox 358 1771 2010 1842; baseline -0.004 -13"><span class='ocrx_word' id='word_1_164' title='bbox 358 1780 525 1829; x_wconf 84' lang='grc' dir='ltr'>δοῦναι</span> <span class='ocrx_word' id='word_1_165' title='bbox 556 1778 607 1830; x_wconf 90' lang='grc' dir='ltr'>ἐς</span> <span class='ocrx_word' id='word_1_166' title='bbox 636 1775 723 1827; x_wconf 83' lang='grc' dir='ltr'>τὸν</span> <span class='ocrx_word' id='word_1_167' title='bbox 755 1776 976 1840; x_wconf 90' lang='grc' dir='ltr'>πόλεμον</span> <span class='ocrx_word' id='word_1_168' title='bbox 998 1773 1226 1842; x_wconf 90' lang='grc' dir='ltr'>χρήματα</span> <span class='ocrx_word' id='word_1_169' title='bbox 1257 1771 1513 1839; x_wconf 81' lang='grc' dir='ltr'>ἐξέμαθον,</span> <span class='ocrx_word' id='word_1_170' title='bbox 1542 1772 1620 1824; x_wconf 90' lang='grc' dir='ltr'>καὶ</span> <span class='ocrx_word' id='word_1_171' title='bbox 1644 1773 1785 1838; x_wconf 83' lang='grc' dir='ltr'>εὗρον</span> <span class='ocrx_word' id='word_1_172' title='bbox 1815 1771 2010 1838; x_wconf 83' lang='grc' dir='ltr'>λογιζό-</span> 
     </span>
     <span class='ocr_line' id='line_1_21' title="bbox 356 1854 2013 1927; baseline -0.004 -14"><span class='ocrx_word' id='word_1_173' title='bbox 356 1882 504 1926; x_wconf 90' lang='grc' dir='ltr'>μενος</span> <span class='ocrx_word' id='word_1_174' title='bbox 556 1860 787 1927; x_wconf 89' lang='grc' dir='ltr'>ἀργυρίου</span> <span class='ocrx_word' id='word_1_175' title='bbox 836 1861 928 1925; x_wconf 81' lang='grc' dir='ltr'>μὲν</span> <span class='ocrx_word' id='word_1_176' title='bbox 973 1859 1059 1910; x_wconf 90' lang='grc' dir='ltr'>δύο</span> <span class='ocrx_word' id='word_1_177' title='bbox 1105 1856 1336 1926; x_wconf 85' lang='grc' dir='ltr'>χιλιάδας</span> <span class='ocrx_word' id='word_1_178' title='bbox 1385 1858 1563 1911; x_wconf 88' lang='grc' dir='ltr'>ἐούσας</span> <span class='ocrx_word' id='word_1_179' title='bbox 1611 1877 1696 1922; x_wconf 90' lang='grc' dir='ltr'>μοι</span> <span class='ocrx_word' id='word_1_180' title='bbox 1738 1854 2013 1914; x_wconf 82' lang='grc' dir='ltr'>ταλάντων,</span> 
     </span>
     <span class='ocr_line' id='line_1_22' title="bbox 357 1940 2013 2014; baseline -0.004 -17"><span class='ocrx_word' id='word_1_181' title='bbox 357 1945 568 2014; x_wconf 86' lang='grc' dir='ltr'>χρυσίου</span> <span class='ocrx_word' id='word_1_182' title='bbox 597 1946 651 1996; x_wconf 81' lang='grc' dir='ltr'>δὲ</span> <span class='ocrx_word' id='word_1_183' title='bbox 680 1944 1002 2009; x_wconf 89' lang='grc' dir='ltr'>τετρακοσίας</span> <span class='ocrx_word' id='word_1_184' title='bbox 1036 1942 1272 2009; x_wconf 89' lang='grc' dir='ltr'>μυριάδας</span> <span class='ocrx_word' id='word_1_185' title='bbox 1310 1940 1570 2005; x_wconf 89' lang='grc' dir='ltr'>στατήρων</span> <span class='ocrx_word' id='word_1_186' title='bbox 1603 1944 1873 2007; x_wconf 85' lang='grc' dir='ltr'>Δαρεικῶν,</span> <span class='ocrx_word' id='word_1_187' title='bbox 1906 1941 2013 1992; x_wconf 84' lang='grc' dir='ltr'>ἐπι-</span> 
     </span>
    </p>
   </div>
   <div class='ocr_carea' id='block_1_9' title="bbox 2038 1035 2088 1065">
    <p class='ocr_par' dir='ltr' id='par_1_11' title="bbox 2038 1035 2088 1065">
     <span class='ocr_line' id='line_1_23' title="bbox 2038 1035 2088 1065; baseline 0.02 -1"><span class='ocrx_word' id='word_1_188' title='bbox 2038 1035 2088 1065; x_wconf 83' lang='lat'>10</span> 
     </span>
    </p>
   </div>
   <div class='ocr_carea' id='block_1_10' title="bbox 2043 1455 2087 1497">
    <p class='ocr_par' dir='ltr' id='par_1_12' title="bbox 2043 1455 2087 1497">
     <span class='ocr_line' id='line_1_24' title="bbox 2043 1455 2087 1497; baseline 0 0"><span class='ocrx_word' id='word_1_189' title='bbox 2043 1455 2087 1497; x_wconf 86' lang='lat'>¹5</span> 
     </span>
    </p>
   </div>
   <div class='ocr_carea' id='block_1_11' title="bbox 2041 1873 2092 1901">
    <p class='ocr_par' dir='ltr' id='par_1_13' title="bbox 2041 1873 2092 1901">
     <span class='ocr_line' id='line_1_25' title="bbox 2041 1873 2092 1901; baseline 0 0"><span class='ocrx_word' id='word_1_190' title='bbox 2041 1873 2092 1901; x_wconf 88' lang='lat'>20</span> 
     </span>
    </p>
   </div>
   <div class='ocr_carea' id='block_1_12' title="bbox 293 2021 2119 2097">
    <p class='ocr_par' dir='ltr' id='par_1_14' title="bbox 293 2021 2119 2097">
     <span class='ocr_line' id='line_1_26' title="bbox 293 2021 2119 2097; baseline -0.004 -16"><span class='ocrx_word' id='word_1_191' title='bbox 293 2052 318 2096; x_wconf 89' lang='lat'>3</span> <span class='ocrx_word' id='word_1_192' title='bbox 358 2029 567 2083; x_wconf 90' lang='grc' dir='ltr'>δεούσας</span> <span class='ocrx_word' id='word_1_193' title='bbox 612 2031 737 2081; x_wconf 80' lang='grc' dir='ltr'>ἑπτὰ</span> <span class='ocrx_word' id='word_1_194' title='bbox 780 2027 1035 2097; x_wconf 88' lang='grc' dir='ltr'>χιλιάδων.</span> <span class='ocrx_word' id='word_1_195' title='bbox 1127 2026 1206 2078; x_wconf 86' lang='grc' dir='ltr'>καὶ</span> <span class='ocrx_word' id='word_1_196' title='bbox 1249 2026 1473 2077; x_wconf 89' lang='grc' dir='ltr'>τούτοισί</span> <span class='ocrx_word' id='word_1_197' title='bbox 1512 2046 1571 2076; x_wconf 91' lang='grc' dir='ltr'>σε</span> <span class='ocrx_word' id='word_1_198' title='bbox 1615 2024 1714 2091; x_wconf 86' lang='grc' dir='ltr'>ἐγὼ</span> <span class='ocrx_word' id='word_1_199' title='bbox 1755 2021 2035 2091; x_wconf 45' lang='grc' dir='ltr'>δωρέομαιῂ</span> <span class='ocrx_word' id='word_1_200' title='bbox 2096 2034 2119 2061; x_wconf 79' lang='grc'>-’</span> 
     </span>
    </p>
   </div>
   <div class='ocr_carea' id='block_1_13' title="bbox 250 2105 2019 2518">
    <p class='ocr_par' dir='ltr' id='par_1_15' title="bbox 250 2105 2019 2518">
     <span class='ocr_line' id='line_1_27' title="bbox 358 2105 2017 2182; baseline -0.004 -17"><span class='ocrx_word' id='word_1_201' title='bbox 358 2114 486 2182; x_wconf 78' lang='grc' dir='ltr'>αὐτῷ</span> <span class='ocrx_word' id='word_1_202' title='bbox 519 2112 573 2164; x_wconf 88' lang='grc' dir='ltr'>δέ</span> <span class='ocrx_word' id='word_1_203' title='bbox 600 2134 684 2178; x_wconf 93' lang='grc' dir='ltr'>μοι</span> <span class='ocrx_word' id='word_1_204' title='bbox 713 2112 811 2164; x_wconf 85' lang='grc' dir='ltr'>ἀπὸ</span> <span class='ocrx_word' id='word_1_205' title='bbox 841 2112 1163 2178; x_wconf 90' lang='grc' dir='ltr'>ἀνδραπόδων</span> <span class='ocrx_word' id='word_1_206' title='bbox 1193 2131 1247 2162; x_wconf 91' lang='grc' dir='ltr'>τε</span> <span class='ocrx_word' id='word_1_207' title='bbox 1284 2111 1363 2162; x_wconf 85' lang='grc' dir='ltr'>καὶ</span> <span class='ocrx_word' id='word_1_208' title='bbox 1393 2108 1658 2176; x_wconf 89' lang='grc' dir='ltr'>γεωπέδων</span> <span class='ocrx_word' id='word_1_209' title='bbox 1687 2105 1876 2174; x_wconf 88' lang='grc' dir='ltr'>ἀρκέων</span> <span class='ocrx_word' id='word_1_210' title='bbox 1904 2105 2017 2159; x_wconf 83' lang='grc' dir='ltr'>ἐστὶ</span> 
     </span>
     <span class='ocr_line' id='line_1_28' title="bbox 358 2192 2012 2262; baseline -0.003 -14"><span class='ocrx_word' id='word_1_211' title='bbox 358 2197 487 2262; x_wconf 85' lang='grc' dir='ltr'>βίος.</span> <span class='ocrx_word' id='word_1_212' title='bbox 579 2198 605 2247; x_wconf 89' lang='grc' dir='ltr'>ὁ</span> <span class='ocrx_word' id='word_1_213' title='bbox 647 2199 740 2262; x_wconf 83' lang='grc' dir='ltr'>μὲν</span> <span class='ocrx_word' id='word_1_214' title='bbox 783 2201 934 2247; x_wconf 86' lang='grc' dir='ltr'>ταῦτα</span> <span class='ocrx_word' id='word_1_215' title='bbox 979 2195 1140 2262; x_wconf 85' lang='grc' dir='ltr'>ἔλεγε,</span> <span class='ocrx_word' id='word_1_216' title='bbox 1181 2192 1254 2247; x_wconf 87' lang='grc' dir='ltr'>Ξέ</span> <span class='ocrx_word' id='word_1_217' title='bbox 1285 2192 1374 2258; x_wconf 83' lang='grc' dir='ltr'>ξης</span> <span class='ocrx_word' id='word_1_218' title='bbox 1414 2195 1466 2245; x_wconf 81' lang='grc' dir='ltr'>δὲ</span> <span class='ocrx_word' id='word_1_219' title='bbox 1501 2192 1675 2257; x_wconf 86' lang='grc' dir='ltr'>ἡσθεὶς</span> <span class='ocrx_word' id='word_1_220' title='bbox 1711 2196 1845 2243; x_wconf 87' lang='grc' dir='ltr'>τοῖσι</span> <span class='ocrx_word' id='word_1_221' title='bbox 1885 2192 2012 2258; x_wconf 78' lang='grc' dir='ltr'>εἰρη-</span> 
     </span>
     <span class='ocr_line' id='line_1_29' title="bbox 250 2275 2018 2346; baseline -0.002 -16"><span class='ocrx_word' id='word_1_222' title='bbox 250 2294 320 2342; x_wconf 82' lang='grc'>29</span> <span class='ocrx_word' id='word_1_223' title='bbox 358 2280 558 2346; x_wconf 88' lang='grc' dir='ltr'>μένοισι</span> <span class='ocrx_word' id='word_1_224' title='bbox 590 2281 713 2332; x_wconf 76' lang='grc' dir='ltr'>εἶπε·</span> <span class='ocrx_word' id='word_1_225' title='bbox 763 2282 911 2334; x_wconf 85' lang='grc' dir='ltr'>Ξεῖνε</span> <span class='ocrx_word' id='word_1_226' title='bbox 936 2278 1079 2337; x_wconf 89' lang='grc' dir='ltr'>Λυδέ,</span> <span class='ocrx_word' id='word_1_227' title='bbox 1103 2279 1201 2345; x_wconf 88' lang='grc' dir='ltr'>ἐγὼ</span> <span class='ocrx_word' id='word_1_228' title='bbox 1234 2278 1398 2330; x_wconf 87' lang='grc' dir='ltr'>ἐπείτε</span> <span class='ocrx_word' id='word_1_229' title='bbox 1429 2275 1640 2341; x_wconf 82' lang='grc' dir='ltr'>ἐξῆλθον</span> <span class='ocrx_word' id='word_1_230' title='bbox 1669 2275 1760 2339; x_wconf 78' lang='grc' dir='ltr'>τὴν</span> <span class='ocrx_word' id='word_1_231' title='bbox 1792 2276 2018 2342; x_wconf 89' lang='grc' dir='ltr'>Περσίδα</span> 
     </span>
     <span class='ocr_line' id='line_1_30' title="bbox 360 2358 2019 2433; baseline -0.004 -17"><span class='ocrx_word' id='word_1_232' title='bbox 360 2366 545 2433; x_wconf 84' lang='grc' dir='ltr'>χώρην,</span> <span class='ocrx_word' id='word_1_233' title='bbox 571 2363 732 2416; x_wconf 85' lang='grc' dir='ltr'>οὐδενὶ</span> <span class='ocrx_word' id='word_1_234' title='bbox 763 2365 902 2430; x_wconf 84' lang='grc' dir='ltr'>ἀνδρὶ</span> <span class='ocrx_word' id='word_1_235' title='bbox 934 2362 1198 2428; x_wconf 81' lang='grc' dir='ltr'>συνέμειξα</span> <span class='ocrx_word' id='word_1_236' title='bbox 1221 2364 1271 2415; x_wconf 83' lang='grc' dir='ltr'>ἐς</span> <span class='ocrx_word' id='word_1_237' title='bbox 1301 2362 1413 2412; x_wconf 91' lang='grc' dir='ltr'>τόδε</span> <span class='ocrx_word' id='word_1_238' title='bbox 1444 2362 1582 2413; x_wconf 89' lang='grc' dir='ltr'>ὅστις</span> <span class='ocrx_word' id='word_1_239' title='bbox 1611 2358 1831 2424; x_wconf 88' lang='grc' dir='ltr'>ἠθέλησε</span> <span class='ocrx_word' id='word_1_240' title='bbox 1862 2358 2019 2423; x_wconf 79' lang='grc' dir='ltr'>ξείνια</span> 
     </span>
     <span class='ocr_line' id='line_1_31' title="bbox 361 2441 2019 2518; baseline -0.005 -17"><span class='ocrx_word' id='word_1_241' title='bbox 361 2452 619 2516; x_wconf 87' lang='grc' dir='ltr'>προθεῖναι</span> <span class='ocrx_word' id='word_1_242' title='bbox 662 2453 857 2518; x_wconf 82' lang='grc' dir='ltr'>στρατῷ</span> <span class='ocrx_word' id='word_1_243' title='bbox 903 2451 968 2516; x_wconf 80' lang='grc' dir='ltr'>τῷ</span> <span class='ocrx_word' id='word_1_244' title='bbox 1017 2449 1133 2516; x_wconf 81' lang='grc' dir='ltr'>ἐμῷ,</span> <span class='ocrx_word' id='word_1_245' title='bbox 1176 2445 1287 2497; x_wconf 76' lang='grc' dir='ltr'>οὐδὲ</span> <span class='ocrx_word' id='word_1_246' title='bbox 1331 2446 1470 2498; x_wconf 80' lang='grc' dir='ltr'>ὅστις</span> <span class='ocrx_word' id='word_1_247' title='bbox 1513 2446 1564 2498; x_wconf 86' lang='grc' dir='ltr'>ἐς</span> <span class='ocrx_word' id='word_1_248' title='bbox 1605 2446 1728 2510; x_wconf 82' lang='grc' dir='ltr'>ὄψιν</span> <span class='ocrx_word' id='word_1_249' title='bbox 1766 2442 1856 2507; x_wconf 76' lang='grc' dir='ltr'>τὴν</span> <span class='ocrx_word' id='word_1_250' title='bbox 1897 2441 2019 2508; x_wconf 79' lang='grc' dir='ltr'>ἐμὴν</span> 
     </span>
    </p>
   </div>
   <div class='ocr_carea' id='block_1_14' title="bbox 317 2578 2022 3019">
    <p class='ocr_par' dir='ltr' id='par_1_16' title="bbox 363 2578 2022 2965">
     <span class='ocr_line' id='line_1_32' title="bbox 422 2578 2019 2636; baseline -0.006 -8"><span class='ocrx_word' id='word_1_251' title='bbox 422 2601 438 2627; x_wconf 96' lang='lat'>1</span> <span class='ocrx_word' id='word_1_252' title='bbox 472 2591 493 2628; x_wconf 84' lang='grc' dir='ltr'><em>ὃ</em></span> <span class='ocrx_word' id='word_1_253' title='bbox 513 2600 595 2627; x_wconf 89' lang='lat' dir='ltr'>om.</span> <span class='ocrx_word' id='word_1_254' title='bbox 623 2586 653 2626; x_wconf 87' lang='lat' dir='ltr'>S</span> <span class='ocrx_word' id='word_1_255' title='bbox 668 2586 707 2625; x_wconf 93' lang='lat' dir='ltr'>V</span> <span class='ocrx_word' id='word_1_256' title='bbox 827 2587 1022 2634; x_wconf 78' lang='grc' dir='ltr'>Σειληνοῦ</span> <span class='ocrx_word' id='word_1_257' title='bbox 1045 2584 1084 2622; x_wconf 93' lang='lat' dir='ltr'><strong>R</strong></span> <span class='ocrx_word' id='word_1_258' title='bbox 1103 2583 1132 2623; x_wconf 91' lang='lat' dir='ltr'>S</span> <span class='ocrx_word' id='word_1_259' title='bbox 1148 2583 1187 2622; x_wconf 94' lang='lat' dir='ltr'>V</span> <span class='ocrx_word' id='word_1_260' title='bbox 1311 2581 1502 2636; x_wconf 86' lang='grc' dir='ltr'>Μαρσύου</span> <span class='ocrx_word' id='word_1_261' title='bbox 1521 2580 1560 2619; x_wconf 89' lang='grc' dir='ltr'><strong>Α</strong></span> <span class='ocrx_word' id='word_1_262' title='bbox 1577 2581 1612 2619; x_wconf 92' lang='grc' dir='ltr'>Β</span> <span class='ocrx_word' id='word_1_263' title='bbox 1629 2580 1662 2619; x_wconf 90' lang='lat' dir='ltr'>C</span> <span class='ocrx_word' id='word_1_264' title='bbox 1789 2583 1834 2621; x_wconf 84' lang='grc' dir='ltr'>ἐν</span> <span class='ocrx_word' id='word_1_265' title='bbox 1851 2582 1903 2634; x_wconf 80' lang='grc' dir='ltr'>τῇ</span> <span class='ocrx_word' id='word_1_266' title='bbox 1922 2578 2019 2620; x_wconf 83' lang='grc' dir='ltr'>πόλι</span> 
     </span>
     <span class='ocr_line' id='line_1_33' title="bbox 366 2636 2014 2692; baseline -0.005 -9"><span class='ocrx_word' id='word_1_267' title='bbox 366 2643 466 2692; x_wconf 84' lang='grc' dir='ltr'>(-λει</span> <span class='ocrx_word' id='word_1_268' title='bbox 501 2643 534 2681; x_wconf 93' lang='lat' dir='ltr'>C</span> <span class='ocrx_word' id='word_1_269' title='bbox 554 2641 593 2679; x_wconf 91' lang='lat' dir='ltr'>R</span> <span class='ocrx_word' id='word_1_270' title='bbox 609 2642 666 2691; x_wconf 80' lang='lat' dir='ltr'>V)</span> <span class='ocrx_word' id='word_1_271' title='bbox 703 2640 784 2680; x_wconf 88' lang='lat' dir='ltr'><strong>del.</strong></span> <span class='ocrx_word' id='word_1_272' title='bbox 821 2640 1084 2679; x_wconf 80' lang='lat' dir='ltr'>Valckenaer</span> <span class='ocrx_word' id='word_1_273' title='bbox 1247 2649 1272 2686; x_wconf 89' lang='lat'><strong>3</strong></span> <span class='ocrx_word' id='word_1_274' title='bbox 1316 2636 1435 2678; x_wconf 83' lang='grc' dir='ltr'>πόλει</span> <span class='ocrx_word' id='word_1_275' title='bbox 1477 2636 1511 2674; x_wconf 91' lang='lat' dir='ltr'>C</span> <span class='ocrx_word' id='word_1_276' title='bbox 1530 2636 1567 2674; x_wconf 90' lang='lat' dir='ltr'><strong>R</strong></span> <span class='ocrx_word' id='word_1_277' title='bbox 1584 2636 1622 2673; x_wconf 91' lang='lat' dir='ltr'>V</span> <span class='ocrx_word' id='word_1_278' title='bbox 1727 2655 1730 2657; x_wconf 57' lang='lat'>&gt;</span> <span class='ocrx_word' id='word_1_279' title='bbox 1785 2648 1812 2684; x_wconf 82' lang='lat'>4</span> <span class='ocrx_word' id='word_1_280' title='bbox 1854 2636 2014 2674; x_wconf 77' lang='grc' dir='ltr'>ὑποκαθ.</span> 
     </span>
     <span class='ocr_line' id='line_1_34' title="bbox 364 2687 2016 2748; baseline -0.005 -13"><span class='ocrx_word' id='word_1_281' title='bbox 364 2699 403 2736; x_wconf 92' lang='grc' dir='ltr'>Α</span> <span class='ocrx_word' id='word_1_282' title='bbox 416 2697 451 2735; x_wconf 89' lang='grc' dir='ltr'>Β</span> <span class='ocrx_word' id='word_1_283' title='bbox 467 2696 506 2734; x_wconf 89' lang='lat' dir='ltr'>R</span> <span class='ocrx_word' id='word_1_284' title='bbox 520 2697 557 2734; x_wconf 93' lang='lat' dir='ltr'>V</span> <span class='ocrx_word' id='word_1_285' title='bbox 569 2695 641 2748; x_wconf 86' lang='lat' dir='ltr'>(S)</span> <span class='ocrx_word' id='word_1_286' title='bbox 782 2699 802 2735; x_wconf 85' lang='grc' dir='ltr'><em>ὃ</em></span> <span class='ocrx_word' id='word_1_287' title='bbox 824 2694 990 2745; x_wconf 81' lang='grc' dir='ltr'>”Ατυος]</span> <span class='ocrx_word' id='word_1_288' title='bbox 1018 2691 1179 2746; x_wconf 85' lang='grc' dir='ltr'>Ἀτρέος</span> <span class='ocrx_word' id='word_1_289' title='bbox 1202 2691 1242 2730; x_wconf 90' lang='grc' dir='ltr'><strong>Α</strong></span> <span class='ocrx_word' id='word_1_290' title='bbox 1256 2692 1291 2730; x_wconf 92' lang='grc' dir='ltr'>Β</span> <span class='ocrx_word' id='word_1_291' title='bbox 1306 2691 1340 2731; x_wconf 90' lang='lat' dir='ltr'>C</span> <span class='ocrx_word' id='word_1_292' title='bbox 1363 2691 1468 2743; x_wconf 77' lang='grc' dir='ltr'>&lt;·ως)</span> <span class='ocrx_word' id='word_1_293' title='bbox 1662 2691 1689 2728; x_wconf 88' lang='grc'>6</span> <span class='ocrx_word' id='word_1_294' title='bbox 1718 2688 1862 2742; x_wconf 81' lang='grc' dir='ltr'>Ξέρξεα</span> <span class='ocrx_word' id='word_1_295' title='bbox 1884 2688 1924 2727; x_wconf 88' lang='lat' dir='ltr'><strong>R</strong></span> <span class='ocrx_word' id='word_1_296' title='bbox 1940 2687 1970 2726; x_wconf 84' lang='lat' dir='ltr'>S</span> <span class='ocrx_word' id='word_1_297' title='bbox 1983 2687 2016 2725; x_wconf 91' lang='lat' dir='ltr'>V</span> 
     </span>
     <span class='ocr_line' id='line_1_35' title="bbox 363 2742 2018 2801; baseline -0.007 -9"><span class='ocrx_word' id='word_1_298' title='bbox 363 2765 390 2801; x_wconf 93' lang='lat'>9</span> <span class='ocrx_word' id='word_1_299' title='bbox 428 2750 675 2801; x_wconf 77' lang='grc' dir='ltr'>κεκτημένος</span> <span class='ocrx_word' id='word_1_300' title='bbox 707 2750 739 2787; x_wconf 91' lang='lat' dir='ltr'>L</span> <span class='ocrx_word' id='word_1_301' title='bbox 905 2747 1178 2800; x_wconf 75' lang='grc' dir='ltr'>ἐπαγγέλοιτο</span> <span class='ocrx_word' id='word_1_302' title='bbox 1210 2746 1249 2784; x_wconf 92' lang='lat' dir='ltr'>R</span> <span class='ocrx_word' id='word_1_303' title='bbox 1263 2747 1301 2784; x_wconf 96' lang='lat' dir='ltr'>V</span> <span class='ocrx_word' id='word_1_304' title='bbox 1514 2757 1563 2783; x_wconf 90' lang='lat'>10</span> <span class='ocrx_word' id='word_1_305' title='bbox 1601 2745 1643 2784; x_wconf 80' lang='grc' dir='ltr'>ὅς</span> <span class='ocrx_word' id='word_1_306' title='bbox 1671 2744 1754 2786; x_wconf 62' lang='lat' dir='ltr'>vm]</span> <span class='ocrx_word' id='word_1_307' title='bbox 1786 2744 1898 2783; x_wconf 81' lang='grc' dir='ltr'>ὅστις</span> <span class='ocrx_word' id='word_1_308' title='bbox 1927 2742 1961 2781; x_wconf 90' lang='lat' dir='ltr'>C</span> <span class='ocrx_word' id='word_1_309' title='bbox 1979 2742 2018 2780; x_wconf 91' lang='lat' dir='ltr'><strong>R</strong></span> 
     </span>
     <span class='ocr_line' id='line_1_36' title="bbox 369 2797 2020 2855; baseline -0.004 -12"><span class='ocrx_word' id='word_1_310' title='bbox 369 2819 416 2855; x_wconf 88' lang='lat'>13</span> <span class='ocrx_word' id='word_1_311' title='bbox 444 2807 493 2846; x_wconf 81' lang='grc' dir='ltr'>τὸ</span> <span class='ocrx_word' id='word_1_312' title='bbox 515 2815 605 2846; x_wconf 80' lang='grc' dir='ltr'>τελ.</span> <span class='ocrx_word' id='word_1_313' title='bbox 629 2808 712 2845; x_wconf 81' lang='grc' dir='ltr'>τῶν</span> <span class='ocrx_word' id='word_1_314' title='bbox 734 2803 858 2845; x_wconf 81' lang='grc' dir='ltr'>ἐπέων</span> <span class='ocrx_word' id='word_1_315' title='bbox 881 2805 919 2842; x_wconf 92' lang='lat' dir='ltr'>R</span> <span class='ocrx_word' id='word_1_316' title='bbox 936 2803 1015 2842; x_wconf 89' lang='lat' dir='ltr'>SV</span> <span class='ocrx_word' id='word_1_317' title='bbox 1131 2814 1177 2851; x_wconf 92' lang='lat'>17</span> <span class='ocrx_word' id='word_1_318' title='bbox 1210 2804 1318 2842; x_wconf 85' lang='grc' dir='ltr'>ἐπυθ.</span> <span class='ocrx_word' id='word_1_319' title='bbox 1343 2799 1526 2852; x_wconf 80' lang='grc' dir='ltr'>τάχιστά</span> <span class='ocrx_word' id='word_1_320' title='bbox 1552 2815 1600 2839; x_wconf 86' lang='grc' dir='ltr'>σε</span> <span class='ocrx_word' id='word_1_321' title='bbox 1629 2799 1667 2836; x_wconf 92' lang='lat' dir='ltr'><strong>R</strong></span> <span class='ocrx_word' id='word_1_322' title='bbox 1684 2798 1765 2836; x_wconf 85' lang='lat' dir='ltr'>SV</span> <span class='ocrx_word' id='word_1_323' title='bbox 1878 2809 1927 2847; x_wconf 89' lang='lat'>19</span> <span class='ocrx_word' id='word_1_324' title='bbox 1955 2797 2020 2838; x_wconf 79' lang='grc' dir='ltr'>καὶ</span> 
     </span>
     <span class='ocr_line' id='line_1_37' title="bbox 366 2850 2022 2909; baseline -0.006 -9"><span class='ocrx_word' id='word_1_325' title='bbox 366 2873 445 2900; x_wconf 87' lang='lat' dir='ltr'>om.</span> <span class='ocrx_word' id='word_1_326' title='bbox 465 2860 495 2899; x_wconf 91' lang='lat' dir='ltr'>S</span> <span class='ocrx_word' id='word_1_327' title='bbox 508 2859 547 2898; x_wconf 95' lang='lat' dir='ltr'>V</span> <span class='ocrx_word' id='word_1_328' title='bbox 657 2872 711 2898; x_wconf 88' lang='lat'>20</span> <span class='ocrx_word' id='word_1_329' title='bbox 738 2875 804 2906; x_wconf 87' lang='grc' dir='ltr'>μοι</span> <span class='ocrx_word' id='word_1_330' title='bbox 821 2857 963 2899; x_wconf 84' lang='grc' dir='ltr'>ἐούσας</span> <span class='ocrx_word' id='word_1_331' title='bbox 980 2857 1019 2895; x_wconf 90' lang='lat' dir='ltr'><strong>R</strong></span> <span class='ocrx_word' id='word_1_332' title='bbox 1035 2857 1065 2896; x_wconf 92' lang='lat' dir='ltr'>S</span> <span class='ocrx_word' id='word_1_333' title='bbox 1078 2857 1117 2895; x_wconf 96' lang='lat' dir='ltr'>V</span> <span class='ocrx_word' id='word_1_334' title='bbox 1226 2869 1274 2894; x_wconf 85' lang='lat'>21</span> <span class='ocrx_word' id='word_1_335' title='bbox 1306 2858 1459 2909; x_wconf 84' lang='grc' dir='ltr'>χρυσοῦ</span> <span class='ocrx_word' id='word_1_336' title='bbox 1479 2854 1515 2892; x_wconf 93' lang='grc' dir='ltr'>Α</span> <span class='ocrx_word' id='word_1_337' title='bbox 1531 2853 1565 2891; x_wconf 93' lang='grc' dir='ltr'>Β</span> <span class='ocrx_word' id='word_1_338' title='bbox 1581 2853 1615 2891; x_wconf 93' lang='lat' dir='ltr'>C</span> <span class='ocrx_word' id='word_1_339' title='bbox 1725 2865 1778 2890; x_wconf 82' lang='lat'>22</span> <span class='ocrx_word' id='word_1_340' title='bbox 1803 2850 2022 2903; x_wconf 81' lang='grc' dir='ltr'>χιλιαδέων</span> 
     </span>
     <span class='ocr_line' id='line_1_38' title="bbox 365 2904 2021 2965; baseline -0.006 -12"><span class='ocrx_word' id='word_1_341' title='bbox 365 2914 405 2953; x_wconf 90' lang='grc' dir='ltr'>Α</span> <span class='ocrx_word' id='word_1_342' title='bbox 420 2913 453 2951; x_wconf 90' lang='grc' dir='ltr'>Β</span> <span class='ocrx_word' id='word_1_343' title='bbox 467 2913 500 2953; x_wconf 90' lang='lat' dir='ltr'>C</span> <span class='ocrx_word' id='word_1_344' title='bbox 516 2913 550 2952; x_wconf 89' lang='lat' dir='ltr'>P</span> <span class='ocrx_word' id='word_1_345' title='bbox 659 2912 727 2964; x_wconf 86' lang='grc' dir='ltr'>σε]</span> <span class='ocrx_word' id='word_1_346' title='bbox 748 2929 798 2965; x_wconf 68' lang='grc' dir='ltr'>’γε</span> <span class='ocrx_word' id='word_1_347' title='bbox 822 2912 855 2950; x_wconf 90' lang='grc' dir='ltr'>Β</span> <span class='ocrx_word' id='word_1_348' title='bbox 872 2913 911 2951; x_wconf 86' lang='lat' dir='ltr'><strong>R</strong></span> <span class='ocrx_word' id='word_1_349' title='bbox 927 2911 957 2951; x_wconf 90' lang='lat' dir='ltr'>S</span> <span class='ocrx_word' id='word_1_350' title='bbox 969 2912 1009 2950; x_wconf 94' lang='lat' dir='ltr'>V</span> <span class='ocrx_word' id='word_1_351' title='bbox 1233 2923 1285 2960; x_wconf 85' lang='lat'>23</span> <span class='ocrx_word' id='word_1_352' title='bbox 1313 2908 1519 2962; x_wconf 75' lang='grc' dir='ltr'>γεωπέδων</span> <span class='ocrx_word' id='word_1_353' title='bbox 1541 2908 1579 2946; x_wconf 90' lang='lat' dir='ltr'><strong>R</strong></span> <span class='ocrx_word' id='word_1_354' title='bbox 1599 2921 1608 2946; x_wconf 69' lang='grc' dir='ltr'>ι</span> <span class='ocrx_word' id='word_1_355' title='bbox 1635 2907 1865 2960; x_wconf 81' lang='grc' dir='ltr'>γεωπεδίων</span> <span class='ocrx_word' id='word_1_356' title='bbox 1884 2905 1924 2944; x_wconf 93' lang='grc' dir='ltr'><strong>Α</strong></span> <span class='ocrx_word' id='word_1_357' title='bbox 1938 2905 1973 2944; x_wconf 93' lang='grc' dir='ltr'>Β</span> <span class='ocrx_word' id='word_1_358' title='bbox 1985 2904 2021 2944; x_wconf 91' lang='lat' dir='ltr'>C</span> 
     </span>
    </p>

    <p class='ocr_par' dir='ltr' id='par_1_17' title="bbox 317 2965 1253 3019">
     <span class='ocr_line' id='line_1_39' title="bbox 317 2965 1253 3019; baseline -0.004 -11"><span class='ocrx_word' id='word_1_359' title='bbox 317 2989 320 2993; x_wconf 66' lang='lat'><strong><em>¹</em></strong></span> <span class='ocrx_word' id='word_1_360' title='bbox 367 2970 422 3008; x_wconf 84' lang='lat'>26</span> <span class='ocrx_word' id='word_1_361' title='bbox 450 2968 638 3019; x_wconf 78' lang='grc' dir='ltr'>συνέμιξα</span> <span class='ocrx_word' id='word_1_362' title='bbox 658 2967 692 3005; x_wconf 92' lang='lat' dir='ltr'><strong>L</strong></span> <span class='ocrx_word' id='word_1_363' title='bbox 715 2974 813 3019; x_wconf 56' lang='grc' dir='ltr'>χξυν.</span> <span class='ocrx_word' id='word_1_364' title='bbox 839 2966 894 3018; x_wconf 89' lang='lat' dir='ltr'>C)</span> <span class='ocrx_word' id='word_1_365' title='bbox 1008 2965 1191 3014; x_wconf 83' lang='grc' dir='ltr'>εἶθέλησε</span> <span class='ocrx_word' id='word_1_366' title='bbox 1215 2966 1253 3004; x_wconf 91' lang='lat' dir='ltr'><strong>R</strong></span> 
     </span>
    </p>
   </div>
   <div class='ocr_carea' id='block_1_15' title="bbox 2042 2291 2092 2332">
    <p class='ocr_par' dir='ltr' id='par_1_18' title="bbox 2042 2291 2092 2332">
     <span class='ocr_line' id='line_1_40' title="bbox 2042 2291 2092 2332; baseline 0 0"><span class='ocrx_word' id='word_1_367' title='bbox 2042 2291 2092 2332; x_wconf 90' lang='lat'>25</span> 
     </span>
    </p>
   </div>
  </div>
 </body>
</html>
