2132 3340
93 61 240 113 VIII.
268 79 361 129 105
1017 64 1447 114 ΗΡΟΔΟΤΟΎ

333 217 360 250 2
397 214 497 246 των
526 193 779 262 μεγάλων.
867 196 999 263 παρὰ
1028 197 1125 264 γὰρ
1153 200 1288 248 τοῖσι
1316 194 1631 263 βαρβάροισι
1659 197 1942 263 τιμιώτεροί
1966 199 2066 250 εἰσι

0 306 171 358 „wo-»3
190 279 444 342 νμμ-ιδόἱ
476 278 702 347 εὐνοῦχοι
738 279 938 345 πίστιος
971 281 1135 332 εἵνεκα
1170 278 1462 356 τΐςμπάσης
1494 285 1593 332 τῶν
1624 280 1884 350 ἐνορχέων.
1973 280 2062 334 ἅλ-

394 369 514 417 λους
547 385 603 416 τε
638 363 698 429 δὴ
736 366 763 415 6
806 365 1085 419 Πανιώνιος
1121 363 1330 431 ἐξέταμε
1367 365 1602 425 πολλούς,
1643 364 1732 417 ἅτε
1775 365 2065 431 ποιεύμενος

393 449 446 499 ἐκ
492 447 667 500 τούτου
710 448 801 513 τὴν
849 450 980 514 ζόην,
1025 449 1103 502 καὶ
1151 449 1211 514 δὴ
1261 450 1340 502 καὶ
1385 454 1576 502 τοῦτον.
1665 438 1743 501 καὶ
1779 450 1836 502 οὐ
1872 451 1968 518 γὰρ
2003 451 2065 502 τὰ

395 530 555 585 πάντα
591 533 861 602 ἐδυστύχεε
899 535 926 584 6
955 533 1269 601 Ἑρμότιμος,
1303 533 1588 587 ἀπικνέεται
1626 535 1682 586 ἐκ
1712 539 1812 586 τῶν
1841 534 2064 602 Σαρδίων
2085 555 2110 597 5

392 619 525 684 παρὰ
554 617 779 683 βασιλέα
807 617 914 683 μετ’
940 617 1111 671 ἄλλων
1142 622 1328 686 δώρων,
1352 619 1537 687 χρόνου
1568 620 1622 671 δὲ
1651 619 1909 685 προϊόντος
1938 617 2061 672 πάν-

258 704 355 752 106
392 723 491 754 των
530 707 636 754 τῶν
667 703 920 771 εὐνούχων
961 702 1167 769 ἐτιμήθη
1207 702 1432 769 μάλιστα
1468 704 1602 771 παρὰ
1643 702 1824 775 Ξέρξῃ.
1913 702 1979 758 ὧς
2009 705 2064 756 δὲ

391 786 449 838 τὸ
481 786 765 853 στράτευμα
795 786 852 838 τὸ
885 787 1140 854 Περσικὸν
1176 789 1303 854 ὅρμα
1338 787 1587 853 βασιλεὺς
1617 787 1698 840 ἐπὶ
1728 790 1816 842 τὰς
1847 785 2063 853 Ἀθήνας

393 871 487 923 ἐὼν
534 873 588 923 ἐν
633 871 856 937 Σάρδισι,
903 874 1114 924 ἐνθαῦτα
1163 874 1386 938 καταβὰς
1432 873 1552 923 κατὰ
1597 869 1655 937 δή
1699 892 1748 923 τι
1791 874 1992 939 πρῆγμα
2035 873 2063 923 ὁ

391 954 688 1021 Ἑρμότιμος
731 958 782 1010 ἐς
821 959 916 1023 γῆν
958 959 1046 1022 τῆς
1093 958 1312 1022 Μυσίης,
1355 956 1461 1021 τὴν,
1487 960 1604 1008 Χῖοι
1644 952 1770 1023 [μὲν]
1810 955 2058 1022 νέμονται,
2089 975 2132 1003 10

392 1039 656 1107 Ἀταρνεὺς
706 1043 761 1093 δὲ
816 1040 1060 1101 καλέεται,
1112 1042 1330 1107 εὑρίσκει
1373 1040 1458 1093 τὸν
1505 1040 1785 1093 Πανιώνιον
1830 1042 2056 1093 ἐνθαῦτα.

328 1143 353 1173 2
392 1124 623 1191 ἐπιγνοὺς
654 1127 707 1176 δὲ
738 1125 883 1192 ἔλεγε
916 1125 1038 1192 πρὸς
1078 1125 1226 1178 αὐτὸν
1265 1125 1486 1179 πολλοὺς
1522 1126 1601 1177 καὶ
1631 1126 1830 1192 φιλίους
1858 1125 2057 1192 λόγους,

392 1213 562 1275 πρῶτα
591 1208 683 1274 μέν
715 1211 761 1262 οἱ
793 1208 1083 1277 καταλέγων
1115 1211 1214 1262 ὅσα
1253 1210 1399 1264 αὐτὸς
1431 1209 1492 1261 δι’
1524 1211 1712 1262 ἐκεῖνον
1741 1208 1850 1277 ἔχοι
1878 1208 2056 1277 ἀγαθά,

390 1293 594 1359 δεύτερα
632 1292 688 1346 δέ
726 1296 773 1346 οἱ
814 1295 1212 1363 ὑπισχνεύμενος
1255 1295 1364 1347 ἀντὶ
1408 1294 1597 1346 τούτων
1642 1294 1741 1345 ὅσα
1775 1315 1860 1359 μιν
1896 1295 2059 1361 ἀγαθὰ

390 1377 607 1443 ποιήσει,
645 1374 706 1442 ἢν
750 1379 960 1444 κομίσας
997 1378 1109 1432 τοὺς
1147 1378 1339 1432 οἰκέτας
1377 1378 1511 1450 οἰκέῃ
1552 1379 1731 1450 ἐκείνῃ,
1768 1378 1901 1431 ὥστε
1933 1379 2055 1430 ὑπο·
2084 1393 2132 1436 15

390 1461 660 1528 δεξάμενον
698 1462 915 1528 ἄσμενον
951 1463 1065 1517 τοὺς
1102 1464 1287 1531 λόγους
1319 1462 1406 1515 τὸν
1438 1463 1720 1515 Πανιώνιον
1757 1464 1960 1529 κομίσαι
1994 1464 2057 1515 τᾶ

0 1559 351 1619 *dn-thd3
389 1545 539 1599 τέκνα
571 1548 649 1599 καὶ
679 1547 770 1612 τὴν
799 1552 1023 1614 γυναῖκα.
1094 1547 1158 1602 ὡς
1183 1551 1236 1601 δὲ
1265 1547 1362 1615 ἄρα
1392 1548 1622 1619 πανοικίῃ
1651 1568 1735 1613 μιν
1765 1546 2053 1622 περι-ε’-λαβε,

390 1630 538 1698 ἔλεγε
568 1632 594 1682 6
622 1631 921 1699 Ἑρμότιμος
955 1631 1088 1685 τάδε·
1143 1631 1217 1683 ⁹ss
1247 1631 1446 1684 πάντων
1484 1634 1675 1699 ἀνδρῶν
1710 1630 1801 1697 ἤδη
1831 1631 2057 1698 μάλιστα

389 1715 474 1767 ἀπ’
499 1715 659 1784 ἔργων
679 1715 1031 1769 ἀνοσιωτάτων
1056 1716 1143 1769 τὸν
1166 1718 1286 1783 βίον
1312 1716 1606 1782 κτησάμενε,
1628 1717 1681 1768 τί
1699 1738 1762 1769 σε
1784 1717 1883 1784 ἐγὼ
1907 1715 2057 1768 κακὸν
2123 1744 2126 1745 ’

387 1795 417 1864 ἢ
458 1800 605 1854 αὐτὸς
641 1796 671 1865 ἢ
709 1805 806 1853 τῶν
844 1803 975 1866 ἐμῶν
1013 1823 1087 1855 τις
1129 1800 1391 1869 ἐργάσατο,
1423 1797 1454 1866 ἢ
1493 1803 1554 1853 σὲ
1588 1796 1618 1865 ἢ
1658 1806 1756 1853 τῶν
1791 1801 1897 1853 σῶν
1927 1810 2052 1866 τινα,
2079 1823 2131 1851 20

388 1885 464 1936 ὅτι
506 1907 569 1950 με
613 1885 718 1937 ἀντ’
764 1885 940 1953 ἀνδρὸς
985 1887 1228 1951 ἐποίησας
1271 1885 1328 1937 τὸ
1371 1888 1524 1951 μηδὲν
1568 1885 1719 1946 εἶναις
1765 1884 1959 1939 ἐδόκεές
2001 1906 2055 1938 τε

390 1969 531 2023 θεοὺς
566 1968 748 2034 λήσειν
784 1971 864 2022 οἷα
901 1972 1134 2039 ἐμηχανῶ
1176 1971 1304 2022 τότε·
1358 1972 1410 2022 οἵ
1442 1992 1503 2023 σε
1539 1968 1820 2035 ποιήσαντα
1854 1970 2050 2029 ἀνόσια,

389 2054 522 2124 νόμῳ
575 2055 742 2124 δικαίῳ
794 2055 1083 2123 χρεώμενοι,
1137 2053 1395 2122 ὑπήγαγον
1447 2056 1498 2109 ἐς
1548 2059 1719 2122 χεῖρας
1770 2057 1857 2108 τὰς
1915 2053 2051 2120 ἐμάς,

388 2138 520 2190 ὥστε
558 2160 620 2191 σε
654 2138 722 2204 μὴ
756 2138 1052 2210 μέμψεσθαι
1089 2138 1180 2203 τὴν
1220 2139 1304 2192 ἀπ’
1345 2138 1461 2204 ἐμέο
1497 2160 1573 2190 τοι
1614 2138 1856 2204 ἐσομένην
1893 2139 2047 2202 δίκην.

322 2238 350 2280 4
389 2221 455 2276 ὡς
493 2221 549 2274 δέ
589 2225 635 2275 οἱ
674 2227 829 2275 ταῦτα
875 2223 1119 2283 ὠνείδισε,
1166 2222 1421 2291 ἀχθέντων
1460 2228 1559 2275 τῶν
1602 2224 1791 2275 παίδων
1836 2224 1888 2276 ἐς
1930 2224 2054 2289 ὄψιν
2078 2242 2126 2285 25

388 2305 691 2374 ἠναγκάζετο
744 2308 771 2358 6
819 2308 1100 2362 Πανιώνιος
1154 2312 1252 2360 τῶν
1305 2310 1487 2360 ἑωυτοῦ
1537 2309 1742 2367 παίδων,
1795 2305 2052 2374 τεσσέρων

388 2390 589 2451 ἐόντων,
639 2394 699 2443 τὰ
754 2393 917 2444 αἰδοῖα
967 2390 1290 2458 ἀποτάμνειν,
1340 2392 1735 2459 ἀναγκαζόμενος
1786 2394 1840 2444 δὲ
1890 2392 2052 2444 ἐποίεε

443 2543 471 2570 2
509 2527 660 2572 εἵνεκεν
696 2530 764 2570 R:
805 2547 867 2572 -κε
900 2531 940 2570 V
1051 2529 1248 2584 ἐνορχέων
1282 2531 1343 2571 P:
1388 2531 1509 2583 -χίων
1535 2529 1705 2570 ABC:
1744 2527 1885 2583 -χιέων
1915 2527 2053 2569 RSV

388 2598 415 2634 3
446 2583 633 2637 ἐξὲταμνε
657 2585 747 2623 RV
858 2585 1089 2637 ποιεόμενος
1111 2586 1201 2625 RV
1342 2599 1367 2634 4
1400 2585 1504 2636 ζῶην
1524 2585 1654 2624 CSV
1817 2598 1839 2634 7
1868 2583 2052 2634 μάλιστα

390 2639 559 2690 ἐτιμήθη
579 2642 685 2691 παρὰ
705 2644 878 2688 βασιλεῖ
895 2646 936 2683 Ξ.
963 2639 1100 2679 RSV
1276 2642 1302 2679 8
1334 2641 1444 2692 ὥρμα
1462 2639 1551 2678 ΑΒ
1567 2640 1600 2679 C
1617 2639 1650 2678 Ρ
1825 2652 1853 2688 9
1883 2640 2052 2679 ἐνθαῦτα

390 2695 438 2743 δὴ
461 2695 570 2734 SV:
601 2697 773 2736 ἐνταῦθα
794 2697 828 2736 δὶ
853 2695 892 2734 R
1010 2708 1059 2734 10
1087 2698 1160 2744 τῆς
1183 2695 1339 2743 Μυσίης
1359 2695 1536 2744 Pingel:
1565 2695 1642 2743 τὴν
1659 2693 1817 2742 Μυσίην
1832 2693 1867 2731 L
1975 2690 2051 2743 μὲν

391 2760 473 2788 om.
497 2749 581 2788 RS
596 2749 633 2788 V
826 2763 870 2788 11
904 2749 1116 2803 Ἀταρνέος
1139 2750 1178 2788 R
1194 2750 1275 2789 SV
1465 2762 1513 2786 12
1543 2751 1689 2801 ἔλεγεν
1709 2749 1782 2802 ἄρα
1799 2748 1895 2800 πρὸς
1917 2746 2051 2785 RSV

395 2815 443 2854 15
473 2803 678 2853 ποιήσειεν
698 2803 787 2843 ΑΒ
803 2804 837 2843 C
854 2804 888 2843 P
910 2836 914 2840 .
1037 2803 1301 2855 κομισάμενος
1324 2804 1363 2842 R
1379 2803 1459 2842 SV
1606 2801 1784 2854 οἰκέτας]
1805 2805 1946 2843 παῖδας
1965 2800 1999 2839 C
2013 2801 2050 2843 P

392 2872 445 2897 20
475 2860 578 2909 ἐμῶν
597 2876 660 2900 τις
681 2874 729 2900 σε
750 2858 959 2913 προγόνων
979 2858 1020 2897 Α
1034 2859 1068 2898 Β
1085 2859 1118 2898 C
1133 2859 1166 2897 P
1350 2871 1402 2908 23
1433 2861 1472 2900 ἐς
1492 2871 1573 2898 om.
1597 2857 1636 2895 R
1651 2857 1733 2896 SV
1854 2859 1994 2910 χεῖρας
2014 2854 2049 2894 L

392 2925 543 2953 omnes
766 2926 819 2963 24
848 2914 1075 2966 μέμψεσθαι
1097 2912 1230 2954 Cobet
1249 2919 1292 2953 et
1313 2912 1511 2963 Madvigz
1538 2911 1769 2965 μέμψασθαι
1792 2910 1827 2950 L
1975 2924 2049 2951 τον

392 2964 434 3005 R
449 2964 479 3007 S
492 2966 531 3006 V
697 2978 750 3019 25
779 2965 1020 3021 ὢνείδιζε(ν)
1042 2967 1076 3007 C
1091 2966 1125 3007 P
1372 2987 1374 2989 >
