2132 3340
701 58 1077 108 ΙΣΤΟΡΙΩΝ
1154 58 1201 105 H
1827 59 1940 109 vn.
1967 71 2059 122 133

117 211 261 259 τερον
293 191 508 257 Δαρείου
536 188 830 258 πέμψαντος
862 189 940 242 ἐπ’
964 189 1083 242 αὐτὸ
1111 195 1254 244 τοῦτο
1288 191 1332 242 οἱ
1360 191 1454 256 μὲν
1484 188 1645 241 αὐτῶν
1674 188 1789 244 τοὺς

119 273 375 330 αἰτέοντας
426 277 476 329 ἐς
527 274 582 328 τὸ
640 274 913 342 βάραθρον,
965 277 1011 327 οἱ
1064 275 1106 328 δ’
1160 276 1209 329 ἐς
1261 273 1423 342 φρέαρ
1474 275 1788 340 ἐμβαλόντες

118 358 347 412 ἐκέλευον
377 361 472 426 γῆν
499 381 552 412 τε
593 360 673 412 καὶ
709 361 837 426 ὕδωρ
867 361 921 411 ἐκ
951 360 1139 412 τούτων
1169 357 1343 427 φέρειν
1374 360 1508 426 παρὰ
1542 357 1784 424 βασιλέα.

117 444 304 497 τούτων
345 446 437 509 μὲν
482 444 647 497 εἵνεκα
690 443 777 496 οὐκ
821 443 1020 512 ἔπεμψε
1067 442 1264 509 Ξέρξης
1306 443 1422 497 τοὺς
1469 441 1783 507 αἰτήσοντας.
1824 464 1848 494 2

71 551 93 592 5
117 529 147 580 ὅ
187 550 234 580 τι
285 530 340 580 δὲ
384 532 518 581 τοῖσι
562 527 874 593 Ἀθηναίοισι
920 533 1076 581 ταῦτα
1123 526 1369 592 ποιήσασι
1416 527 1530 581 τοὺς
1578 526 1787 594 κήρυκας

117 611 376 679 συνήνεικε
419 611 722 680 ἀνεθέλητον
737 611 1015 680 ’ψευέσθαα
1060 613 1147 665 οὐκ
1191 613 1295 682 ἔχω
1339 611 1489 671 εἶπαι,
1531 611 1665 677 πλὴν
1710 613 1787 664 ὅτι
1812 602 2132 675 &Quo-u

117 697 294 765 σφέων
332 697 363 763 ἡ
406 697 543 767 χώρη
585 697 665 750 καὶ
708 697 738 763 ἡ
779 698 927 751 πόλις
972 697 1199 762 ἐδηιώθη,
1243 698 1380 749 ἀλλὰ
1419 701 1564 749 τοῦτο
1603 696 1660 747 οὐ
1706 699 1786 748 διὰ

114 781 298 848 ταύτην
327 780 420 847 τὴν
454 783 616 847 αἰτίην
651 780 804 834 δοκέω
841 780 1094 850 γενέσθαι.
1182 785 1317 833 τοῖσι
1352 784 1408 834 δὲ
1441 778 1511 833 ὧν
1542 773 1781 833 Ᾱακεδαι-
1823 797 1913 845 134

112 868 332 933 μονίοισι
387 869 532 932 μῆνις
592 866 882 935 κατέσκηψε
931 867 1224 930 Ταλθυβίου
1274 870 1360 918 τοῦ
1412 864 1784 933 Ἀγαμέμνονος

41 977 90 1006 ιο
116 950 337 1019 κήρυκος.
424 953 479 1003 ἐν
521 953 617 1020 γὰρ
663 950 866 1023 Σπάρτῃ
910 951 1022 1003 ἐστὶ
1064 950 1357 1016 Ταλθυβίου
1410 950 1534 1017 ἱρόν,
1583 951 1683 1003 εἶσὶ
1732 953 1786 1002 δὲ

114 1035 194 1088 καὶ
237 1036 478 1104 ἀπόγονοι
520 1032 849 1103 [Ταλθυβίου]
891 1034 1241 1099 Ταλθυβιάδαι
1295 1035 1602 1100 καλεόμενοι,
1650 1040 1785 1087 τοῖσι

113 1123 164 1173 αἱ
201 1120 455 1188 κηρυκηίαι
492 1122 543 1173 αἱ
585 1121 639 1172 ἐκ
676 1119 907 1187 Σπάρτης
944 1123 1106 1172 πᾶσαι
1139 1119 1290 1187 γέρας
1330 1119 1571 1172 δέδονται.
1658 1122 1783 1186 μετὰ
1822 1137 1847 1167 2

113 1207 166 1257 δὲ
211 1208 364 1257 ταῦτα
405 1209 539 1257 τοῖσι
591 1203 935 1277 Σπαρτιήτῃσι
987 1207 1319 1272 καλλιερῆσαι
1363 1203 1651 1271 θυομένοισι
1697 1204 1783 1256 οὐκ

114 1289 333 1342 ἐδύνατο.
421 1293 565 1342 τοῦτο
617 1289 658 1341 δ’
710 1289 790 1342 ἐπὶ
840 1290 1025 1358 χρόνον
1077 1287 1269 1358 συχνὸν
1321 1287 1382 1353 ἧν
1432 1296 1544 1356 σφι.
1628 1290 1780 1358 ἀχθο-

41 1398 87 1439 15
111 1373 276 1440 μένων
303 1376 358 1426 δὲ
388 1374 468 1426 καὶ
499 1381 733 1447 συμφορῇ
768 1373 1068 1443 χρεωμένων
1100 1375 1523 1440 Λακεδαιμονίων,
1555 1376 1700 1440 ἁλίης
1730 1397 1783 1427 τε

113 1457 360 1513 πολλάκις
390 1458 767 1526 συλλεγομένης
798 1459 877 1510 καὶ
909 1457 1131 1525 κήρυγμα
1160 1459 1354 1511 τοιόνδε
1387 1458 1705 1525 ποιευμένων,
1740 1461 1786 1511 εἴ

111 1564 185 1597 τις
214 1543 454 1609 βούλοιτο
487 1545 887 1609 Λακεδαιμονίων
916 1542 1011 1610 πρὸ
1046 1546 1133 1608 τῆς
1162 1542 1394 1608 Σπάρτης
1430 1545 1780 1616 ἀποθνῄσκειν,

113 1629 365 1697 Σπερχίης
404 1649 459 1680 τε
499 1628 527 1679 ὁ
562 1627 862 1695 Ἀνηρίστου
904 1629 982 1680 καὶ
1024 1631 1207 1682 Βοῦλις
1245 1629 1272 1678 ὁ
1315 1628 1561 1687 Νικόλεω,
1609 1628 1783 1696 ἄνδρες

32 1730 54 1746 ·
114 1715 415 1780 Σπαρτιῆται
446 1712 576 1780 φύσι
605 1734 659 1764 τε
689 1712 955 1780 γεγονότες
986 1711 1038 1764 εὖ
1070 1712 1149 1764 καὶ
1179 1711 1403 1780 χρήμασι
1434 1712 1701 1778 ἀνήκοντες
1731 1716 1783 1768 ἐς

38 1821 89 1851 20
112 1797 174 1849 τὰ
214 1801 399 1863 πρῶτα,
437 1797 696 1849 ἐθελονταὶ
735 1795 989 1849 ὑπέδυσαν
1029 1796 1206 1862 ποινὴν
1244 1798 1432 1850 τείσειν
1474 1797 1642 1870 Ξέρξῃ
1682 1803 1782 1851 τῶν

114 1881 331 1948 Δαρείου
359 1881 581 1949 κηρύκων
610 1885 710 1934 τῶν
742 1883 795 1934 ἐν
818 1880 1022 1953 Σπάρτῃ
1046 1880 1390 1947 ἀπολομένων.
1456 1883 1581 1934 οὕτω
1612 1887 1778 1951 Σπαρ-
1819 1906 1845 1949 3

111 1968 272 2031 τιῆται
312 1966 514 2020 τούτους
554 1966 619 2020 ὡς
659 1965 1086 2032 ἀποθανευμένους
1126 1968 1178 2020 ἐς
1215 1966 1417 2032 Μήδους
1457 1966 1778 2035 ἀπέπεμψαν.

113 2051 232 2116 αὕτη
275 2071 329 2103 τε
372 2050 401 2116 ἡ
445 2050 608 2117 τόλμα
654 2050 841 2103 τούτων
885 2055 984 2103 τῶν
1027 2051 1219 2118 ἀνδρῶν
1263 2052 1488 2117 θώματος
1538 2050 1651 2117 ἀξίη
1699 2053 1780 2104 καὶ
1817 2066 1907 2116 135

111 2135 228 2188 τάδε
265 2134 388 2203 πρὸς
427 2136 649 2187 τούτοισι
688 2137 750 2187 τὰ
789 2135 926 2188 ἔπεα.
1014 2136 1337 2203 πορευόμενοι
1377 2138 1472 2203 γὰρ
1514 2138 1566 2190 ἐς
1609 2141 1779 2189 Σοῦσα

40 2241 91 2284 ²5
112 2218 428 2272 ἀπικνέονται
462 2221 596 2287 παρὰ
630 2218 888 2288 Ὑδάρνεα.
976 2221 1003 2272 ὁ
1044 2222 1097 2272 δὲ
1131 2219 1373 2287 Ὑδάρνης
1407 2219 1469 2285 ἦν
1502 2223 1596 2287 μὲν
1631 2220 1778 2289 γένος

112 2303 331 2371 Πέρσης,
363 2304 641 2373 στρατηγὸς
677 2306 730 2356 δὲ
765 2310 864 2356 τῶν
899 2306 1334 2372 παραθαλασσίων
1369 2306 1641 2373 ἀνθρώπων
1676 2312 1776 2360 τῶν
2110 2372 2120 2383 ¹

111 2390 165 2441 ἐν
194 2396 254 2462 τῇ
277 2387 445 2462 Ἀσίῃ·
495 2390 550 2443 ὅς
581 2395 745 2456 σφεας
778 2387 936 2454 ξείνια
959 2388 1261 2456 προθέμενος
1292 2391 1444 2450 ἱστία,
1471 2389 1692 2456 ξεινίζων
1724 2395 1776 2444 δὲ
1813 2384 2057 2497 ἱαίνὸιέ
2072 2400 2132 2519 ἐξ

166 2539 185 2566 1
217 2525 371 2569 αὐτέων
392 2526 480 2566 ΑΒ
496 2527 529 2566 C
751 2540 775 2567 2
807 2527 1060 2576 ἐσβαλόντες
1085 2527 1175 2566 ΑΒ
1191 2528 1225 2567 C
1391 2528 1394 2531 ”
1446 2541 1472 2579 3
1502 2547 1549 2571 τε
1575 2543 1658 2570 om.
1683 2529 1776 2570 RV

110 2583 245 2676 (Ιρζέμὲειν
268 2585 313 2624 ἐκ
333 2581 491 2652 τούτων
515 2582 605 2621 RV
641 2636 675 2676 P
795 2596 822 2633 4
853 2584 981 2651 εἵνειξε
1003 2582 1042 2621 R
1061 2597 1069 2623 :
1102 2601 1164 2624 -εν
1185 2583 1224 2622 V
1363 2583 1508 2648 Ξέρξης
1529 2587 1600 2626 οὐκ
1621 2585 1773 2638 ἔπεμψε

111 2636 263 2733 εἷπένῖι
281 2691 332 2745 (2)
356 2642 577 2731 ἓπεπεμΐεῐ
591 2638 1002 2741 (il-aaovfliovsorzg‘x
1019 2651 1106 2731 lgm&
1125 2638 1170 2731 ἒ.
1184 2637 1219 2676 B
1235 2637 1268 2676 C
1297 2705 1345 2731 12
1375 2640 1445 2732 ale.
1468 2639 1773 2735 ΞπέιιῃτιΑΑΒΒό

110 2747 287 2788 δίδονται
319 2746 503 2786 PRSV
726 2761 775 2798 14
805 2747 993 2797 ἐδύνατο]
1025 2749 1185 2800 ἐγίνετο
1210 2747 1479 2788 Valckenaer
1628 2750 1663 2790 δ’
1689 2763 1770 2791 om.

113 2801 151 2840 R
168 2802 250 2842 SV
436 2803 486 2854 18
516 2803 720 2857 Σπερχίης
743 2803 781 2841 R
801 2817 810 2842 :
841 2803 1034 2856 Σπερθίης
1058 2803 1146 2842 rell.
1172 2802 1236 2854 (it.
1264 2803 1393 2853 infra)
1413 2818 1422 2843 t
1452 2803 1628 2858 Σπέρχις
1650 2804 1768 2844 Suid.

111 2869 144 2898 s.
162 2871 201 2898 ν.
425 2869 475 2908 19
504 2857 623 2910 φύσει
655 2858 689 2898 L
705 2857 779 2911 [C]
1004 2870 1058 2897 20
1090 2858 1221 2898 τίσειν
1251 2857 1287 2896 R
1305 2858 1335 2897 S
1350 2859 1386 2897 V
1405 2874 1414 2898 :
1448 2862 1559 2900 τῖσαι
1585 2859 1624 2897 Α
1639 2859 1673 2897 Β
1688 2860 1721 2898 C
1738 2859 1781 2899 P-

110 2915 190 2951 τῶν
223 2911 403 2951 Reiske:
447 2914 561 2964 τῶ(ι)
592 2913 627 2952 L
821 2927 871 2963 24
913 2912 1039 2954 τάσδε
1074 2912 1112 2950 R
1311 2915 1365 2951 26
1403 2913 1473 2954 alt,
1506 2918 1587 2956 τῶν
1616 2927 1700 2954 om.
1733 2914 1770 2954 B

111 2977 162 3014 27
194 2965 301 3016 ξένια
322 2965 361 3003 R
375 2966 414 3005 V
525 2968 658 3009 εἱστία
679 2968 713 3007 C
728 2967 761 3007 P
775 2968 813 3007 R
