<?xml version="1.0" encoding="UTF-8"?>
<!DOCTYPE html PUBLIC "-//W3C//DTD XHTML 1.0 Transitional//EN"
    "http://www.w3.org/TR/xhtml1/DTD/xhtml1-transitional.dtd">
<html xmlns="http://www.w3.org/1999/xhtml" xml:lang="en" lang="en">
 <head>
  <title>
</title>
<meta http-equiv="Content-Type" content="text/html;charset=utf-8" />
  <meta name='ocr-system' content='tesseract 3.04.00' />
  <meta name='ocr-capabilities' content='ocr_page ocr_carea ocr_par ocr_line ocrx_word'/>
</head>
<body>
  <div class='ocr_page' id='page_1' title='image "./herodotihistoria02herouoft_0116.png"; bbox 0 0 2132 3340; ppageno 0'>
   <div class='ocr_carea' id='block_1_1' title="bbox 36 88 210 148">
    <p class='ocr_par' dir='ltr' id='par_1_1' title="bbox 36 88 210 148">
     <span class='ocr_line' id='line_1_1' title="bbox 36 88 210 148; baseline 0.006 -12"><span class='ocrx_word' id='word_1_1' title='bbox 36 88 121 136; x_wconf 89' lang='lat' dir='ltr'>V·1.</span> <span class='ocrx_word' id='word_1_2' title='bbox 147 90 210 148; x_wconf 86' lang='lat'>85</span> 
     </span>
    </p>
   </div>
   <div class='ocr_carea' id='block_1_2' title="bbox 0 305 211 456">
    <p class='ocr_par' dir='ltr' id='par_1_2' title="bbox 0 305 211 456">
     <span class='ocr_line' id='line_1_2' title="bbox 141 305 211 353; baseline 0 0"><span class='ocrx_word' id='word_1_3' title='bbox 141 305 211 353; x_wconf 89' lang='lat'>86</span> 
     </span>
     <span class='ocr_line' id='line_1_3' title="bbox 0 385 185 456; baseline 0 -6"><span class='ocrx_word' id='word_1_4' title='bbox 0 385 185 456; x_wconf 45' lang='lat' dir='ltr'>mom</span> 
     </span>
    </p>
   </div>
   <div class='ocr_carea' id='block_1_3' title="bbox 866 85 1298 134">
    <p class='ocr_par' dir='ltr' id='par_1_3' title="bbox 866 85 1298 134">
     <span class='ocr_line' id='line_1_4' title="bbox 866 85 1298 134; baseline 0.002 -1"><span class='ocrx_word' id='word_1_5' title='bbox 866 85 1298 134; x_wconf 78' lang='grc' dir='ltr'>ΗΡΟΔΟΤΟΎ</span> 
     </span>
    </p>
   </div>
   <div class='ocr_carea' id='block_1_4' title="bbox 249 182 2001 291">
    <p class='ocr_par' dir='ltr' id='par_1_4' title="bbox 249 182 2001 291">
     <span class='ocr_line' id='line_1_5' title="bbox 249 182 2001 291; baseline 0.002 -24"><span class='ocrx_word' id='word_1_6' title='bbox 249 219 553 284; x_wconf 83' lang='grc' dir='ltr'>Λευτυχίδεα</span> <span class='ocrx_word' id='word_1_7' title='bbox 591 217 642 269; x_wconf 89' lang='grc' dir='ltr'>ἐς</span> <span class='ocrx_word' id='word_1_8' title='bbox 678 213 893 280; x_wconf 91' lang='grc' dir='ltr'>Ἀθήνας</span> <span class='ocrx_word' id='word_1_9' title='bbox 929 216 1199 267; x_wconf 83' lang='grc' dir='ltr'>ἀποδοῦναι</span> <span class='ocrx_word' id='word_1_10' title='bbox 1235 214 1534 288; x_wconf 80' lang='grc' dir='ltr'>Αἰγινήτῃσι</span> <span class='ocrx_word' id='word_1_11' title='bbox 1568 215 1682 270; x_wconf 89' lang='grc' dir='ltr'>τοὺς</span> <span class='ocrx_word' id='word_1_12' title='bbox 1715 182 2001 291; x_wconf 48' lang='grc' dir='ltr'>ἄνδραςχ</span> 
     </span>
    </p>
   </div>
   <div class='ocr_carea' id='block_1_5' title="bbox 249 299 1922 1211">
    <p class='ocr_par' dir='ltr' id='par_1_5' title="bbox 249 299 1922 1211">
     <span class='ocr_line' id='line_1_6' title="bbox 251 299 1914 368; baseline 0.001 -16"><span class='ocrx_word' id='word_1_13' title='bbox 251 300 316 354; x_wconf 79' lang='grc' dir='ltr'>ὡς</span> <span class='ocrx_word' id='word_1_14' title='bbox 355 302 410 352; x_wconf 81' lang='grc' dir='ltr'>δὲ</span> <span class='ocrx_word' id='word_1_15' title='bbox 448 301 746 366; x_wconf 89' lang='grc' dir='ltr'>ἀπικόμενος</span> <span class='ocrx_word' id='word_1_16' title='bbox 783 301 1088 368; x_wconf 88' lang='grc' dir='ltr'>Λευτυχίδης</span> <span class='ocrx_word' id='word_1_17' title='bbox 1125 301 1175 353; x_wconf 88' lang='grc' dir='ltr'>ἐς</span> <span class='ocrx_word' id='word_1_18' title='bbox 1210 301 1298 354; x_wconf 80' lang='grc' dir='ltr'>τὰς</span> <span class='ocrx_word' id='word_1_19' title='bbox 1334 299 1549 366; x_wconf 91' lang='grc' dir='ltr'>Ἀθήνας</span> <span class='ocrx_word' id='word_1_20' title='bbox 1585 301 1790 354; x_wconf 83' lang='grc' dir='ltr'>ἀπαίτεε</span> <span class='ocrx_word' id='word_1_21' title='bbox 1823 300 1914 365; x_wconf 79' lang='grc' dir='ltr'>τὴν</span> 
     </span>
     <span class='ocr_line' id='line_1_7' title="bbox 251 379 1910 453; baseline -0.001 -16"><span class='ocrx_word' id='word_1_22' title='bbox 251 382 555 452; x_wconf 90' lang='grc' dir='ltr'>παραθήκην,</span> <span class='ocrx_word' id='word_1_23' title='bbox 593 387 640 436; x_wconf 88' lang='grc' dir='ltr'>οἱ</span> <span class='ocrx_word' id='word_1_24' title='bbox 675 379 755 451; x_wconf 86' lang='grc' dir='ltr'>[δ’]</span> <span class='ocrx_word' id='word_1_25' title='bbox 793 383 1052 450; x_wconf 84' lang='grc' dir='ltr'>Ἀθηναῖοι</span> <span class='ocrx_word' id='word_1_26' title='bbox 1087 382 1378 453; x_wconf 84' lang='grc' dir='ltr'>προφάσιας</span> <span class='ocrx_word' id='word_1_27' title='bbox 1420 386 1588 453; x_wconf 47' lang='grc' dir='ltr'>εἷλκον</span> <span class='ocrx_word' id='word_1_28' title='bbox 1628 384 1686 438; x_wconf 84' lang='grc' dir='ltr'>οὐ</span> <span class='ocrx_word' id='word_1_29' title='bbox 1723 385 1910 451; x_wconf 87' lang='grc' dir='ltr'>βουλό-</span> 
     </span>
     <span class='ocr_line' id='line_1_8' title="bbox 249 464 1922 536; baseline -0.001 -14"><span class='ocrx_word' id='word_1_30' title='bbox 249 490 389 535; x_wconf 90' lang='grc' dir='ltr'>μενοι</span> <span class='ocrx_word' id='word_1_31' title='bbox 419 470 701 527; x_wconf 82' lang='grc' dir='ltr'>ἀποδοῦναι,</span> <span class='ocrx_word' id='word_1_32' title='bbox 736 467 923 536; x_wconf 83' lang='grc' dir='ltr'>φάντες</span> <span class='ocrx_word' id='word_1_33' title='bbox 952 469 1039 520; x_wconf 91' lang='grc' dir='ltr'>δύο</span> <span class='ocrx_word' id='word_1_34' title='bbox 1070 468 1235 536; x_wconf 90' lang='grc' dir='ltr'>σφέας</span> <span class='ocrx_word' id='word_1_35' title='bbox 1266 469 1440 524; x_wconf 80' lang='grc' dir='ltr'>ἐόντας</span> <span class='ocrx_word' id='word_1_36' title='bbox 1469 468 1721 536; x_wconf 85' lang='grc' dir='ltr'>βασιλέας</span> <span class='ocrx_word' id='word_1_37' title='bbox 1755 464 1922 536; x_wconf 55' lang='grc' dir='ltr'>παραζ</span> 
     </span>
     <span class='ocr_line' id='line_1_9' title="bbox 250 551 1913 624; baseline 0.001 -20"><span class='ocrx_word' id='word_1_38' title='bbox 250 552 428 605; x_wconf 87' lang='grc' dir='ltr'>θέσθαι</span> <span class='ocrx_word' id='word_1_39' title='bbox 458 552 539 605; x_wconf 87' lang='grc' dir='ltr'>καὶ</span> <span class='ocrx_word' id='word_1_40' title='bbox 562 552 617 604; x_wconf 87' lang='grc' dir='ltr'>οὗ</span> <span class='ocrx_word' id='word_1_41' title='bbox 642 556 859 605; x_wconf 83' lang='grc' dir='ltr'>δικαιοῦν</span> <span class='ocrx_word' id='word_1_42' title='bbox 881 559 949 624; x_wconf 81' lang='grc' dir='ltr'>τῷ</span> <span class='ocrx_word' id='word_1_43' title='bbox 981 551 1132 624; x_wconf 79' lang='grc' dir='ltr'>ἑτέρῳ</span> <span class='ocrx_word' id='word_1_44' title='bbox 1162 552 1280 606; x_wconf 87' lang='grc' dir='ltr'>ἄνευ</span> <span class='ocrx_word' id='word_1_45' title='bbox 1302 557 1388 606; x_wconf 81' lang='grc' dir='ltr'>τοῦ</span> <span class='ocrx_word' id='word_1_46' title='bbox 1418 553 1586 621; x_wconf 81' lang='grc' dir='ltr'>ἑτέρου</span> <span class='ocrx_word' id='word_1_47' title='bbox 1609 554 1913 607; x_wconf 89' lang='grc' dir='ltr'>ἀποδιδόναι·</span> 
     </span>
     <span class='ocr_line' id='line_1_10' title="bbox 252 636 1912 705; baseline 0.002 -17"><span class='ocrx_word' id='word_1_48' title='bbox 252 638 309 690; x_wconf 87' lang='grc' dir='ltr'>οὐ</span> <span class='ocrx_word' id='word_1_49' title='bbox 332 636 570 705; x_wconf 87' lang='grc' dir='ltr'>φαμένων</span> <span class='ocrx_word' id='word_1_50' title='bbox 600 640 655 690; x_wconf 81' lang='grc' dir='ltr'>δὲ</span> <span class='ocrx_word' id='word_1_51' title='bbox 685 638 969 691; x_wconf 80' lang='grc' dir='ltr'>ἀποδώσειν</span> <span class='ocrx_word' id='word_1_52' title='bbox 999 642 1099 690; x_wconf 82' lang='grc' dir='ltr'>τῶν</span> <span class='ocrx_word' id='word_1_53' title='bbox 1122 637 1402 704; x_wconf 89' lang='grc' dir='ltr'>Ἀθηναίων</span> <span class='ocrx_word' id='word_1_54' title='bbox 1433 637 1578 704; x_wconf 82' lang='grc' dir='ltr'>ἔλεξέ</span> <span class='ocrx_word' id='word_1_55' title='bbox 1608 643 1707 705; x_wconf 91' lang='grc' dir='ltr'>σφι</span> <span class='ocrx_word' id='word_1_56' title='bbox 1728 640 1912 691; x_wconf 79' lang='grc' dir='ltr'>Λευτυ-</span> 
     </span>
     <span class='ocr_line' id='line_1_11' title="bbox 251 720 1914 791; baseline 0.001 -17"><span class='ocrx_word' id='word_1_57' title='bbox 251 723 394 791; x_wconf 87' lang='grc' dir='ltr'>χίδης</span> <span class='ocrx_word' id='word_1_58' title='bbox 436 720 568 774; x_wconf 88' lang='grc' dir='ltr'>τάδε·</span> <span class='ocrx_word' id='word_1_59' title='bbox 607 721 682 773; x_wconf 70' lang='grc' dir='ltr'>”Ὠ</span> <span class='ocrx_word' id='word_1_60' title='bbox 722 722 994 788; x_wconf 86' lang='grc' dir='ltr'>Ἀθηναῖοι,</span> <span class='ocrx_word' id='word_1_61' title='bbox 1042 721 1234 776; x_wconf 85' lang='grc' dir='ltr'>ποιέετε</span> <span class='ocrx_word' id='word_1_62' title='bbox 1275 725 1368 788; x_wconf 80' lang='grc' dir='ltr'>μὲν</span> <span class='ocrx_word' id='word_1_63' title='bbox 1411 723 1616 791; x_wconf 86' lang='grc' dir='ltr'>ὁκότερα</span> <span class='ocrx_word' id='word_1_64' title='bbox 1658 723 1914 788; x_wconf 87' lang='grc' dir='ltr'>βούλεσθε</span> 
     </span>
     <span class='ocr_line' id='line_1_12' title="bbox 252 806 1913 874; baseline 0.001 -16"><span class='ocrx_word' id='word_1_65' title='bbox 252 806 406 859; x_wconf 78' lang='grc' dir='ltr'>αὐτοί·</span> <span class='ocrx_word' id='word_1_66' title='bbox 455 807 535 859; x_wconf 89' lang='grc' dir='ltr'>καὶ</span> <span class='ocrx_word' id='word_1_67' title='bbox 564 808 658 874; x_wconf 78' lang='grc' dir='ltr'>γὰρ</span> <span class='ocrx_word' id='word_1_68' title='bbox 684 807 1003 860; x_wconf 89' lang='grc' dir='ltr'>ἀποδιδόντες</span> <span class='ocrx_word' id='word_1_69' title='bbox 1033 806 1226 860; x_wconf 90' lang='grc' dir='ltr'>ποιέετε</span> <span class='ocrx_word' id='word_1_70' title='bbox 1253 807 1371 859; x_wconf 86' lang='grc' dir='ltr'>ὅσια</span> <span class='ocrx_word' id='word_1_71' title='bbox 1401 807 1481 859; x_wconf 90' lang='grc' dir='ltr'>καὶ</span> <span class='ocrx_word' id='word_1_72' title='bbox 1508 806 1575 873; x_wconf 78' lang='grc' dir='ltr'>μὴ</span> <span class='ocrx_word' id='word_1_73' title='bbox 1599 807 1913 860; x_wconf 85' lang='grc' dir='ltr'>ἀποδιδόντες</span> 
     </span>
     <span class='ocr_line' id='line_1_13' title="bbox 251 890 1913 965; baseline 0 -22"><span class='ocrx_word' id='word_1_74' title='bbox 251 893 312 942; x_wconf 79' lang='grc' dir='ltr'>τὰ</span> <span class='ocrx_word' id='word_1_75' title='bbox 330 892 531 943; x_wconf 82' lang='grc' dir='ltr'>ἐναντία</span> <span class='ocrx_word' id='word_1_76' title='bbox 548 892 751 944; x_wconf 88' lang='grc' dir='ltr'>τούτων·</span> <span class='ocrx_word' id='word_1_77' title='bbox 798 892 963 944; x_wconf 83' lang='grc' dir='ltr'>ὁκοῖον</span> <span class='ocrx_word' id='word_1_78' title='bbox 980 891 1151 957; x_wconf 87' lang='grc' dir='ltr'>μέντοι</span> <span class='ocrx_word' id='word_1_79' title='bbox 1169 913 1217 943; x_wconf 92' lang='grc' dir='ltr'>τι</span> <span class='ocrx_word' id='word_1_80' title='bbox 1234 893 1289 944; x_wconf 91' lang='grc' dir='ltr'>ἐν</span> <span class='ocrx_word' id='word_1_81' title='bbox 1307 899 1367 965; x_wconf 86' lang='grc' dir='ltr'>τῇ</span> <span class='ocrx_word' id='word_1_82' title='bbox 1387 890 1590 964; x_wconf 86' lang='grc' dir='ltr'>Σπάρτῃ</span> <span class='ocrx_word' id='word_1_83' title='bbox 1610 891 1913 960; x_wconf 86' lang='grc' dir='ltr'>συνηνείχθη</span> 
     </span>
     <span class='ocr_line' id='line_1_14' title="bbox 252 963 1914 1043; baseline -0.001 -15"><span class='ocrx_word' id='word_1_84' title='bbox 252 974 487 1043; x_wconf 90' lang='grc' dir='ltr'>γενέσθαι</span> <span class='ocrx_word' id='word_1_85' title='bbox 526 977 638 1042; x_wconf 91' lang='grc' dir='ltr'>περὶ</span> <span class='ocrx_word' id='word_1_86' title='bbox 677 973 980 1043; x_wconf 89' lang='grc' dir='ltr'>παραθήκης,</span> <span class='ocrx_word' id='word_1_87' title='bbox 1018 976 1269 1042; x_wconf 87' lang='grc' dir='ltr'>βούλομαι</span> <span class='ocrx_word' id='word_1_88' title='bbox 1306 977 1421 1042; x_wconf 84' lang='grc' dir='ltr'>ὑμῖν</span> <span class='ocrx_word' id='word_1_89' title='bbox 1462 963 1628 1029; x_wconf 41' lang='grc' dir='ltr'>εἶπαι..</span> <span class='ocrx_word' id='word_1_90' title='bbox 1698 973 1914 1043; x_wconf 87' lang='grc' dir='ltr'>λέγομεν</span> 
     </span>
     <span class='ocr_line' id='line_1_15' title="bbox 250 1059 1913 1134; baseline 0 -22"><span class='ocrx_word' id='word_1_91' title='bbox 250 1060 391 1125; x_wconf 85' lang='grc' dir='ltr'>ἡμεῖς</span> <span class='ocrx_word' id='word_1_92' title='bbox 413 1062 461 1112; x_wconf 79' lang='grc' dir='ltr'>οἱ</span> <span class='ocrx_word' id='word_1_93' title='bbox 484 1063 788 1127; x_wconf 88' lang='grc' dir='ltr'>Σπαρτιῆται</span> <span class='ocrx_word' id='word_1_94' title='bbox 810 1059 1049 1128; x_wconf 84' lang='grc' dir='ltr'>γενέσθαι</span> <span class='ocrx_word' id='word_1_95' title='bbox 1077 1062 1130 1112; x_wconf 88' lang='grc' dir='ltr'>ἐν</span> <span class='ocrx_word' id='word_1_96' title='bbox 1154 1068 1215 1134; x_wconf 81' lang='grc' dir='ltr'>τῇ</span> <span class='ocrx_word' id='word_1_97' title='bbox 1238 1061 1568 1126; x_wconf 90' lang='grc' dir='ltr'>Λακεδαίμονι</span> <span class='ocrx_word' id='word_1_98' title='bbox 1600 1061 1722 1112; x_wconf 80' lang='grc' dir='ltr'>κατὰ</span> <span class='ocrx_word' id='word_1_99' title='bbox 1743 1060 1913 1127; x_wconf 82' lang='grc' dir='ltr'>τρίτην</span> 
     </span>
     <span class='ocr_line' id='line_1_16' title="bbox 251 1142 1914 1211; baseline 0 -15"><span class='ocrx_word' id='word_1_100' title='bbox 251 1143 429 1211; x_wconf 80' lang='grc' dir='ltr'>γενεὴν</span> <span class='ocrx_word' id='word_1_101' title='bbox 458 1144 548 1209; x_wconf 82' lang='grc' dir='ltr'>τὴν</span> <span class='ocrx_word' id='word_1_102' title='bbox 580 1144 663 1197; x_wconf 90' lang='grc' dir='ltr'>ἀπ’</span> <span class='ocrx_word' id='word_1_103' title='bbox 688 1144 804 1211; x_wconf 83' lang='grc' dir='ltr'>ἐμέο</span> <span class='ocrx_word' id='word_1_104' title='bbox 829 1149 1051 1197; x_wconf 84' lang='grc' dir='ltr'>Γλαῦκον</span> <span class='ocrx_word' id='word_1_105' title='bbox 1075 1145 1364 1199; x_wconf 87' lang='grc' dir='ltr'>Ἐπικύδεος</span> <span class='ocrx_word' id='word_1_106' title='bbox 1393 1148 1560 1197; x_wconf 85' lang='grc' dir='ltr'>παῖδα.</span> <span class='ocrx_word' id='word_1_107' title='bbox 1626 1148 1798 1197; x_wconf 84' lang='grc' dir='ltr'>τοῦτον</span> <span class='ocrx_word' id='word_1_108' title='bbox 1825 1142 1914 1196; x_wconf 86' lang='grc' dir='ltr'>τὸν</span> 
     </span>
    </p>
   </div>
   <div class='ocr_carea' id='block_1_6' title="bbox 216 1220 1912 1296">
    <p class='ocr_par' dir='ltr' id='par_1_6' title="bbox 216 1220 1912 1296">
     <span class='ocr_line' id='line_1_17' title="bbox 216 1220 1912 1296; baseline 0.001 -17"><span class='ocrx_word' id='word_1_109' title='bbox 216 1220 232 1231; x_wconf 46' lang='lat'>⁹</span> <span class='ocrx_word' id='word_1_110' title='bbox 250 1227 405 1296; x_wconf 86' lang='grc' dir='ltr'>ἄνδρα</span> <span class='ocrx_word' id='word_1_111' title='bbox 435 1231 602 1296; x_wconf 79' lang='grc' dir='ltr'>φαμὲν</span> <span class='ocrx_word' id='word_1_112' title='bbox 631 1229 693 1281; x_wconf 91' lang='grc' dir='ltr'>τά</span> <span class='ocrx_word' id='word_1_113' title='bbox 721 1250 776 1282; x_wconf 90' lang='grc' dir='ltr'>τε</span> <span class='ocrx_word' id='word_1_114' title='bbox 810 1229 944 1281; x_wconf 85' lang='grc' dir='ltr'>ἄλλα</span> <span class='ocrx_word' id='word_1_115' title='bbox 974 1228 1138 1282; x_wconf 87' lang='grc' dir='ltr'>πάντα</span> <span class='ocrx_word' id='word_1_116' title='bbox 1167 1227 1414 1296; x_wconf 86' lang='grc' dir='ltr'>περιήκειν</span> <span class='ocrx_word' id='word_1_117' title='bbox 1444 1231 1505 1280; x_wconf 81' lang='grc' dir='ltr'>τὰ</span> <span class='ocrx_word' id='word_1_118' title='bbox 1533 1234 1704 1296; x_wconf 80' lang='grc' dir='ltr'>πρῶτα</span> <span class='ocrx_word' id='word_1_119' title='bbox 1739 1228 1819 1281; x_wconf 90' lang='grc' dir='ltr'>καὶ</span> <span class='ocrx_word' id='word_1_120' title='bbox 1854 1227 1912 1293; x_wconf 79' lang='grc' dir='ltr'>δὴ</span> 
     </span>
    </p>
   </div>
   <div class='ocr_carea' id='block_1_7' title="bbox 251 1312 1913 1467">
    <p class='ocr_par' dir='ltr' id='par_1_7' title="bbox 251 1312 1913 1467">
     <span class='ocr_line' id='line_1_18' title="bbox 254 1312 1910 1381; baseline 0 -17"><span class='ocrx_word' id='word_1_121' title='bbox 254 1313 332 1365; x_wconf 87' lang='grc' dir='ltr'>καὶ</span> <span class='ocrx_word' id='word_1_122' title='bbox 363 1314 559 1365; x_wconf 88' lang='grc' dir='ltr'>ἀκούειν</span> <span class='ocrx_word' id='word_1_123' title='bbox 583 1312 764 1381; x_wconf 82' lang='grc' dir='ltr'>ἄριστα</span> <span class='ocrx_word' id='word_1_124' title='bbox 793 1314 1110 1379; x_wconf 86' lang='grc' dir='ltr'>δικαιοσύνης</span> <span class='ocrx_word' id='word_1_125' title='bbox 1139 1313 1250 1381; x_wconf 88' lang='grc' dir='ltr'>πέρι</span> <span class='ocrx_word' id='word_1_126' title='bbox 1282 1313 1483 1366; x_wconf 88' lang='grc' dir='ltr'>πάντων</span> <span class='ocrx_word' id='word_1_127' title='bbox 1505 1315 1619 1365; x_wconf 86' lang='grc' dir='ltr'>ὅσοι</span> <span class='ocrx_word' id='word_1_128' title='bbox 1641 1312 1730 1378; x_wconf 80' lang='grc' dir='ltr'>τὴν</span> <span class='ocrx_word' id='word_1_129' title='bbox 1753 1315 1910 1365; x_wconf 89' lang='grc' dir='ltr'>Λακε-</span> 
     </span>
     <span class='ocr_line' id='line_1_19' title="bbox 251 1395 1913 1467; baseline 0.001 -19"><span class='ocrx_word' id='word_1_130' title='bbox 251 1398 460 1463; x_wconf 88' lang='grc' dir='ltr'>δαίμονα</span> <span class='ocrx_word' id='word_1_131' title='bbox 489 1403 663 1450; x_wconf 86' lang='grc' dir='ltr'>τοῦτον</span> <span class='ocrx_word' id='word_1_132' title='bbox 692 1398 780 1450; x_wconf 90' lang='grc' dir='ltr'>τὸν</span> <span class='ocrx_word' id='word_1_133' title='bbox 810 1399 994 1466; x_wconf 92' lang='grc' dir='ltr'>χρόνον</span> <span class='ocrx_word' id='word_1_134' title='bbox 1024 1400 1200 1451; x_wconf 82' lang='grc' dir='ltr'>οἴκεον.</span> <span class='ocrx_word' id='word_1_135' title='bbox 1290 1401 1669 1467; x_wconf 86' lang='grc' dir='ltr'>συνενειχθῆναι</span> <span class='ocrx_word' id='word_1_136' title='bbox 1698 1395 1752 1449; x_wconf 90' lang='grc' dir='ltr'>δέ</span> <span class='ocrx_word' id='word_1_137' title='bbox 1780 1399 1828 1449; x_wconf 81' lang='grc' dir='ltr'>οἱ</span> <span class='ocrx_word' id='word_1_138' title='bbox 1859 1399 1913 1449; x_wconf 91' lang='grc' dir='ltr'>ἐν</span> 
     </span>
    </p>
   </div>
   <div class='ocr_carea' id='block_1_8' title="bbox 169 1480 1914 1551">
    <p class='ocr_par' dir='ltr' id='par_1_8' title="bbox 169 1480 1914 1551">
     <span class='ocr_line' id='line_1_20' title="bbox 169 1480 1914 1551; baseline 0 -18"><span class='ocrx_word' id='word_1_139' title='bbox 169 1519 181 1528; x_wconf 82' lang='lat'><strong>·</strong></span> <span class='ocrx_word' id='word_1_140' title='bbox 250 1483 414 1551; x_wconf 82' lang='grc' dir='ltr'>χρόνῳ</span> <span class='ocrx_word' id='word_1_141' title='bbox 448 1482 712 1551; x_wconf 60' lang='grc' dir='ltr'>ἱκνευμένῳ</span> <span class='ocrx_word' id='word_1_142' title='bbox 743 1481 861 1534; x_wconf 87' lang='grc' dir='ltr'>τάδε</span> <span class='ocrx_word' id='word_1_143' title='bbox 890 1482 1120 1549; x_wconf 87' lang='grc' dir='ltr'>λέγομεν,</span> <span class='ocrx_word' id='word_1_144' title='bbox 1145 1481 1299 1550; x_wconf 85' lang='grc' dir='ltr'>ἄνδρα</span> <span class='ocrx_word' id='word_1_145' title='bbox 1330 1480 1588 1547; x_wconf 85' lang='grc' dir='ltr'>Μιλήσιον</span> <span class='ocrx_word' id='word_1_146' title='bbox 1613 1482 1914 1547; x_wconf 91' lang='grc' dir='ltr'>ἀπικόμενον</span> 
     </span>
    </p>
   </div>
   <div class='ocr_carea' id='block_1_9' title="bbox 250 1565 1915 2475">
    <p class='ocr_par' dir='ltr' id='par_1_9' title="bbox 250 1565 1915 2475">
     <span class='ocr_line' id='line_1_21' title="bbox 251 1565 1913 1634; baseline -0.001 -16"><span class='ocrx_word' id='word_1_147' title='bbox 251 1568 303 1620; x_wconf 89' lang='grc' dir='ltr'>ἐς</span> <span class='ocrx_word' id='word_1_148' title='bbox 339 1565 573 1633; x_wconf 89' lang='grc' dir='ltr'>Σπάρτην</span> <span class='ocrx_word' id='word_1_149' title='bbox 610 1567 895 1632; x_wconf 86' lang='grc' dir='ltr'>βούλεσθαί</span> <span class='ocrx_word' id='word_1_150' title='bbox 930 1569 977 1619; x_wconf 82' lang='grc' dir='ltr'>οἱ</span> <span class='ocrx_word' id='word_1_151' title='bbox 1018 1569 1184 1619; x_wconf 84' lang='grc' dir='ltr'>ἐλθεῖν</span> <span class='ocrx_word' id='word_1_152' title='bbox 1221 1569 1272 1620; x_wconf 89' lang='grc' dir='ltr'>ἐς</span> <span class='ocrx_word' id='word_1_153' title='bbox 1307 1566 1505 1634; x_wconf 86' lang='grc' dir='ltr'>λόγους,</span> <span class='ocrx_word' id='word_1_154' title='bbox 1542 1566 1913 1634; x_wconf 84' lang='grc' dir='ltr'>προϊσχόμενον</span> 
     </span>
     <span class='ocr_line' id='line_1_22' title="bbox 250 1649 1910 1716; baseline -0.001 -14"><span class='ocrx_word' id='word_1_155' title='bbox 250 1649 431 1702; x_wconf 88' lang='grc' dir='ltr'>τοιάδε·</span> <span class='ocrx_word' id='word_1_156' title='bbox 500 1652 615 1716; x_wconf 82' lang='grc' dir='ltr'>Εἰμὶ</span> <span class='ocrx_word' id='word_1_157' title='bbox 672 1654 763 1715; x_wconf 81' lang='grc' dir='ltr'>μὲν</span> <span class='ocrx_word' id='word_1_158' title='bbox 811 1649 1083 1716; x_wconf 88' lang='grc' dir='ltr'>Μιλήσιος,</span> <span class='ocrx_word' id='word_1_159' title='bbox 1137 1651 1239 1716; x_wconf 90' lang='grc' dir='ltr'>ἥκω</span> <span class='ocrx_word' id='word_1_160' title='bbox 1297 1653 1351 1703; x_wconf 81' lang='grc' dir='ltr'>δὲ</span> <span class='ocrx_word' id='word_1_161' title='bbox 1401 1654 1488 1716; x_wconf 87' lang='grc' dir='ltr'>τῆς</span> <span class='ocrx_word' id='word_1_162' title='bbox 1539 1654 1649 1716; x_wconf 89' lang='grc' dir='ltr'>σῆς,</span> <span class='ocrx_word' id='word_1_163' title='bbox 1703 1654 1910 1710; x_wconf 85' lang='grc' dir='ltr'>Γλαῦκε,</span> 
     </span>
     <span class='ocr_line' id='line_1_23' title="bbox 251 1734 1914 1803; baseline 0 -17"><span class='ocrx_word' id='word_1_164' title='bbox 251 1735 566 1800; x_wconf 90' lang='grc' dir='ltr'>δικαιοσύνης</span> <span class='ocrx_word' id='word_1_165' title='bbox 596 1736 905 1801; x_wconf 87' lang='grc' dir='ltr'>βουλόμενος</span> <span class='ocrx_word' id='word_1_166' title='bbox 936 1736 1236 1789; x_wconf 86' lang='grc' dir='ltr'>ἀπολαῦσαι.</span> <span class='ocrx_word' id='word_1_167' title='bbox 1308 1735 1374 1790; x_wconf 81' lang='grc' dir='ltr'>ὣς</span> <span class='ocrx_word' id='word_1_168' title='bbox 1403 1737 1498 1803; x_wconf 82' lang='grc' dir='ltr'>γὰρ</span> <span class='ocrx_word' id='word_1_169' title='bbox 1529 1734 1587 1800; x_wconf 85' lang='grc' dir='ltr'>δὴ</span> <span class='ocrx_word' id='word_1_170' title='bbox 1619 1735 1713 1787; x_wconf 81' lang='grc' dir='ltr'>ἀνὰ</span> <span class='ocrx_word' id='word_1_171' title='bbox 1743 1738 1914 1786; x_wconf 78' lang='grc' dir='ltr'>πᾶσαν</span> 
     </span>
     <span class='ocr_line' id='line_1_24' title="bbox 250 1818 1914 1887; baseline -0.001 -15"><span class='ocrx_word' id='word_1_172' title='bbox 250 1822 342 1884; x_wconf 83' lang='grc' dir='ltr'>μὲν</span> <span class='ocrx_word' id='word_1_173' title='bbox 381 1819 471 1884; x_wconf 82' lang='grc' dir='ltr'>τὴν</span> <span class='ocrx_word' id='word_1_174' title='bbox 509 1818 674 1884; x_wconf 84' lang='grc' dir='ltr'>ἄλλην</span> <span class='ocrx_word' id='word_1_175' title='bbox 713 1818 954 1879; x_wconf 89' lang='grc' dir='ltr'>Ἑλλάδα,</span> <span class='ocrx_word' id='word_1_176' title='bbox 999 1822 1053 1872; x_wconf 94' lang='grc' dir='ltr'>ἐν</span> <span class='ocrx_word' id='word_1_177' title='bbox 1093 1823 1147 1873; x_wconf 81' lang='grc' dir='ltr'>δὲ</span> <span class='ocrx_word' id='word_1_178' title='bbox 1189 1820 1269 1872; x_wconf 86' lang='grc' dir='ltr'>καὶ</span> <span class='ocrx_word' id='word_1_179' title='bbox 1308 1820 1421 1887; x_wconf 88' lang='grc' dir='ltr'>περὶ</span> <span class='ocrx_word' id='word_1_180' title='bbox 1460 1819 1652 1884; x_wconf 89' lang='grc' dir='ltr'>Ἰωνίην</span> <span class='ocrx_word' id='word_1_181' title='bbox 1692 1821 1779 1883; x_wconf 88' lang='grc' dir='ltr'>τῆς</span> <span class='ocrx_word' id='word_1_182' title='bbox 1819 1821 1914 1882; x_wconf 87' lang='grc' dir='ltr'>σῆς</span> 
     </span>
     <span class='ocr_line' id='line_1_25' title="bbox 251 1900 1914 1974; baseline -0.001 -19"><span class='ocrx_word' id='word_1_183' title='bbox 251 1904 566 1969; x_wconf 90' lang='grc' dir='ltr'>δικαιοσύνης</span> <span class='ocrx_word' id='word_1_184' title='bbox 602 1903 662 1968; x_wconf 84' lang='grc' dir='ltr'>ἦν</span> <span class='ocrx_word' id='word_1_185' title='bbox 698 1905 851 1971; x_wconf 88' lang='grc' dir='ltr'>λόγος</span> <span class='ocrx_word' id='word_1_186' title='bbox 888 1905 1095 1964; x_wconf 86' lang='grc' dir='ltr'>πολλός,</span> <span class='ocrx_word' id='word_1_187' title='bbox 1131 1905 1357 1974; x_wconf 80' lang='grc' dir='ltr'>ἐμεωυτῷ</span> <span class='ocrx_word' id='word_1_188' title='bbox 1396 1903 1576 1971; x_wconf 91' lang='grc' dir='ltr'>λόγους</span> <span class='ocrx_word' id='word_1_189' title='bbox 1612 1904 1802 1955; x_wconf 90' lang='grc' dir='ltr'>ἐδίδουν</span> <span class='ocrx_word' id='word_1_190' title='bbox 1834 1900 1914 1954; x_wconf 84' lang='grc' dir='ltr'>καὶ</span> 
     </span>
     <span class='ocr_line' id='line_1_26' title="bbox 251 1987 1914 2054; baseline 0.001 -16"><span class='ocrx_word' id='word_1_191' title='bbox 251 1988 328 2039; x_wconf 87' lang='grc' dir='ltr'>ὅτι</span> <span class='ocrx_word' id='word_1_192' title='bbox 357 1989 664 2042; x_wconf 89' lang='grc' dir='ltr'>ἐπικίνδυνός</span> <span class='ocrx_word' id='word_1_193' title='bbox 696 1990 804 2040; x_wconf 87' lang='grc' dir='ltr'>ἐστι</span> <span class='ocrx_word' id='word_1_194' title='bbox 836 1989 937 2040; x_wconf 83' lang='grc' dir='ltr'>αἰεί</span> <span class='ocrx_word' id='word_1_195' title='bbox 963 2010 1074 2040; x_wconf 87' lang='grc' dir='ltr'>κοτε</span> <span class='ocrx_word' id='word_1_196' title='bbox 1103 1989 1133 2054; x_wconf 86' lang='grc' dir='ltr'>ἡ</span> <span class='ocrx_word' id='word_1_197' title='bbox 1165 1988 1343 2054; x_wconf 87' lang='grc' dir='ltr'>Ἰωνίη,</span> <span class='ocrx_word' id='word_1_198' title='bbox 1376 1988 1406 2053; x_wconf 84' lang='grc' dir='ltr'>ἡ</span> <span class='ocrx_word' id='word_1_199' title='bbox 1437 1991 1491 2040; x_wconf 85' lang='grc' dir='ltr'>δὲ</span> <span class='ocrx_word' id='word_1_200' title='bbox 1523 1987 1914 2052; x_wconf 88' lang='grc' dir='ltr'>Πελοπόννησος</span> 
     </span>
     <span class='ocr_line' id='line_1_27' title="bbox 253 2069 1914 2142; baseline 0.001 -19"><span class='ocrx_word' id='word_1_201' title='bbox 253 2071 527 2139; x_wconf 89' lang='grc' dir='ltr'>ἀσφαλέως</span> <span class='ocrx_word' id='word_1_202' title='bbox 565 2071 811 2139; x_wconf 80' lang='grc' dir='ltr'>ἱδρυμένη,</span> <span class='ocrx_word' id='word_1_203' title='bbox 847 2072 924 2124; x_wconf 91' lang='grc' dir='ltr'>καὶ</span> <span class='ocrx_word' id='word_1_204' title='bbox 955 2073 1079 2125; x_wconf 90' lang='grc' dir='ltr'>διότι</span> <span class='ocrx_word' id='word_1_205' title='bbox 1114 2071 1344 2142; x_wconf 90' lang='grc' dir='ltr'>χρήματα</span> <span class='ocrx_word' id='word_1_206' title='bbox 1372 2073 1561 2137; x_wconf 82' lang='grc' dir='ltr'>οὐδαμᾶ</span> <span class='ocrx_word' id='word_1_207' title='bbox 1591 2070 1703 2125; x_wconf 87' lang='grc' dir='ltr'>τοὺς</span> <span class='ocrx_word' id='word_1_208' title='bbox 1738 2069 1914 2124; x_wconf 81' lang='grc' dir='ltr'>αὐτοὺς</span> 
     </span>
     <span class='ocr_line' id='line_1_28' title="bbox 254 2155 1910 2226; baseline -0.002 -18"><span class='ocrx_word' id='word_1_209' title='bbox 254 2157 363 2208; x_wconf 85' lang='grc' dir='ltr'>ἔστι</span> <span class='ocrx_word' id='word_1_210' title='bbox 394 2157 511 2223; x_wconf 79' lang='grc' dir='ltr'>ὁρᾶν</span> <span class='ocrx_word' id='word_1_211' title='bbox 537 2157 760 2226; x_wconf 85' lang='grc' dir='ltr'>ἔχοντας.</span> <span class='ocrx_word' id='word_1_212' title='bbox 827 2156 980 2209; x_wconf 86' lang='grc' dir='ltr'>ταῦτά</span> <span class='ocrx_word' id='word_1_213' title='bbox 1008 2178 1063 2209; x_wconf 93' lang='grc' dir='ltr'>τε</span> <span class='ocrx_word' id='word_1_214' title='bbox 1093 2155 1162 2209; x_wconf 69' lang='grc' dir='ltr'>ὧν</span> <span class='ocrx_word' id='word_1_215' title='bbox 1192 2155 1530 2225; x_wconf 84' lang='grc' dir='ltr'>ἐπιλεγομένῳ</span> <span class='ocrx_word' id='word_1_216' title='bbox 1563 2155 1641 2207; x_wconf 88' lang='grc' dir='ltr'>καὶ</span> <span class='ocrx_word' id='word_1_217' title='bbox 1669 2161 1910 2220; x_wconf 87' lang='grc' dir='ltr'>βουλευο-</span> 
     </span>
     <span class='ocr_line' id='line_1_29' title="bbox 252 2238 1914 2310; baseline -0.001 -18"><span class='ocrx_word' id='word_1_218' title='bbox 252 2239 383 2310; x_wconf 90' lang='grc' dir='ltr'>μένῳ</span> <span class='ocrx_word' id='word_1_219' title='bbox 414 2240 554 2305; x_wconf 82' lang='grc' dir='ltr'>ἔδοξέ</span> <span class='ocrx_word' id='word_1_220' title='bbox 582 2262 666 2305; x_wconf 94' lang='grc' dir='ltr'>μοι</span> <span class='ocrx_word' id='word_1_221' title='bbox 695 2243 757 2292; x_wconf 78' lang='grc' dir='ltr'>τὰ</span> <span class='ocrx_word' id='word_1_222' title='bbox 786 2241 971 2305; x_wconf 86' lang='grc' dir='ltr'>ἡμίσεα</span> <span class='ocrx_word' id='word_1_223' title='bbox 993 2240 1159 2305; x_wconf 88' lang='grc' dir='ltr'>πάσης</span> <span class='ocrx_word' id='word_1_224' title='bbox 1180 2244 1268 2304; x_wconf 88' lang='grc' dir='ltr'>τῆς</span> <span class='ocrx_word' id='word_1_225' title='bbox 1297 2241 1470 2304; x_wconf 83' lang='grc' dir='ltr'>οὐσίης</span> <span class='ocrx_word' id='word_1_226' title='bbox 1500 2238 1914 2306; x_wconf 82' lang='grc' dir='ltr'>ἐξαργυρώσαντα</span> 
     </span>
     <span class='ocr_line' id='line_1_30' title="bbox 254 2322 1914 2394; baseline -0.001 -19"><span class='ocrx_word' id='word_1_227' title='bbox 254 2323 432 2376; x_wconf 86' lang='grc' dir='ltr'>θέσθαι</span> <span class='ocrx_word' id='word_1_228' title='bbox 454 2327 587 2390; x_wconf 83' lang='grc' dir='ltr'>παρὰ</span> <span class='ocrx_word' id='word_1_229' title='bbox 610 2324 687 2383; x_wconf 88' lang='grc' dir='ltr'>σέ,</span> <span class='ocrx_word' id='word_1_230' title='bbox 715 2325 767 2376; x_wconf 76' lang='grc' dir='ltr'>εὖ</span> <span class='ocrx_word' id='word_1_231' title='bbox 791 2323 1162 2394; x_wconf 80' lang='grc' dir='ltr'>ἐξεπισταμένῳ</span> <span class='ocrx_word' id='word_1_232' title='bbox 1193 2324 1258 2377; x_wconf 86' lang='grc' dir='ltr'>ὥς</span> <span class='ocrx_word' id='word_1_233' title='bbox 1287 2345 1372 2389; x_wconf 92' lang='grc' dir='ltr'>μοι</span> <span class='ocrx_word' id='word_1_234' title='bbox 1396 2325 1594 2389; x_wconf 91' lang='grc' dir='ltr'>κείμενα</span> <span class='ocrx_word' id='word_1_235' title='bbox 1616 2322 1760 2375; x_wconf 88' lang='grc' dir='ltr'>ἔσται</span> <span class='ocrx_word' id='word_1_236' title='bbox 1781 2324 1914 2390; x_wconf 81' lang='grc' dir='ltr'>παρὰ</span> 
     </span>
     <span class='ocr_line' id='line_1_31' title="bbox 255 2401 1915 2475; baseline -0.002 -16"><span class='ocrx_word' id='word_1_237' title='bbox 255 2408 338 2460; x_wconf 84' lang='grc' dir='ltr'>σοὶ</span> <span class='ocrx_word' id='word_1_238' title='bbox 373 2410 487 2460; x_wconf 90' lang='grc' dir='ltr'>σόα.</span> <span class='ocrx_word' id='word_1_239' title='bbox 577 2408 642 2460; x_wconf 85' lang='grc' dir='ltr'>σὺ</span> <span class='ocrx_word' id='word_1_240' title='bbox 677 2407 735 2473; x_wconf 87' lang='grc' dir='ltr'>δή</span> <span class='ocrx_word' id='word_1_241' title='bbox 770 2429 855 2474; x_wconf 92' lang='grc' dir='ltr'>μοι</span> <span class='ocrx_word' id='word_1_242' title='bbox 892 2408 973 2460; x_wconf 89' lang='grc' dir='ltr'>καὶ</span> <span class='ocrx_word' id='word_1_243' title='bbox 1008 2410 1070 2459; x_wconf 79' lang='grc' dir='ltr'>τὰ</span> <span class='ocrx_word' id='word_1_244' title='bbox 1106 2406 1338 2475; x_wconf 88' lang='grc' dir='ltr'>χρήματα</span> <span class='ocrx_word' id='word_1_245' title='bbox 1376 2406 1515 2472; x_wconf 81' lang='grc' dir='ltr'>δέξαι</span> <span class='ocrx_word' id='word_1_246' title='bbox 1556 2407 1635 2458; x_wconf 86' lang='grc' dir='ltr'>καὶ</span> <span class='ocrx_word' id='word_1_247' title='bbox 1668 2405 1785 2458; x_wconf 89' lang='grc' dir='ltr'>τάδε</span> <span class='ocrx_word' id='word_1_248' title='bbox 1819 2401 1915 2473; x_wconf 83' lang='grc' dir='ltr'>[τά]</span> 
     </span>
    </p>
   </div>
   <div class='ocr_carea' id='block_1_10' title="bbox 255 2542 1917 2921">
    <p class='ocr_par' dir='ltr' id='par_1_10' title="bbox 255 2542 1917 2921">
     <span class='ocr_line' id='line_1_32' title="bbox 311 2542 1915 2599; baseline 0 -15"><span class='ocrx_word' id='word_1_249' title='bbox 311 2559 336 2584; x_wconf 90' lang='grc'>2</span> <span class='ocrx_word' id='word_1_250' title='bbox 366 2550 387 2586; x_wconf 86' lang='grc' dir='ltr'><em>ὃ</em></span> <span class='ocrx_word' id='word_1_251' title='bbox 405 2553 521 2587; x_wconf 87' lang='grc' dir='ltr'>Λευτ.</span> <span class='ocrx_word' id='word_1_252' title='bbox 545 2546 584 2584; x_wconf 90' lang='lat' dir='ltr'><strong>R</strong></span> <span class='ocrx_word' id='word_1_253' title='bbox 599 2546 629 2585; x_wconf 91' lang='lat' dir='ltr'>S</span> <span class='ocrx_word' id='word_1_254' title='bbox 644 2545 681 2584; x_wconf 96' lang='lat' dir='ltr'>V</span> <span class='ocrx_word' id='word_1_255' title='bbox 858 2558 883 2595; x_wconf 88' lang='lat'><strong>3</strong></span> <span class='ocrx_word' id='word_1_256' title='bbox 914 2545 1250 2599; x_wconf 82' lang='grc' dir='ltr'>παρακαταθήκην</span> <span class='ocrx_word' id='word_1_257' title='bbox 1270 2544 1310 2584; x_wconf 92' lang='grc' dir='ltr'><strong>Α</strong></span> <span class='ocrx_word' id='word_1_258' title='bbox 1323 2544 1358 2583; x_wconf 90' lang='grc' dir='ltr'>Β</span> <span class='ocrx_word' id='word_1_259' title='bbox 1375 2544 1408 2583; x_wconf 93' lang='lat' dir='ltr'>C</span> <span class='ocrx_word' id='word_1_260' title='bbox 1426 2544 1459 2582; x_wconf 93' lang='lat' dir='ltr'>P</span> <span class='ocrx_word' id='word_1_261' title='bbox 1570 2542 1606 2585; x_wconf 85' lang='grc' dir='ltr'>δ’</span> <span class='ocrx_word' id='word_1_262' title='bbox 1625 2557 1706 2583; x_wconf 90' lang='lat' dir='ltr'>om.</span> <span class='ocrx_word' id='word_1_263' title='bbox 1733 2543 1767 2582; x_wconf 94' lang='lat' dir='ltr'>P</span> <span class='ocrx_word' id='word_1_264' title='bbox 1780 2543 1820 2582; x_wconf 93' lang='lat' dir='ltr'><strong>R</strong></span> <span class='ocrx_word' id='word_1_265' title='bbox 1833 2543 1915 2584; x_wconf 90' lang='lat' dir='ltr'>SV</span> 
     </span>
     <span class='ocr_line' id='line_1_33' title="bbox 255 2596 1913 2650; baseline -0.002 -8"><span class='ocrx_word' id='word_1_266' title='bbox 255 2613 281 2650; x_wconf 89' lang='lat'>5</span> <span class='ocrx_word' id='word_1_267' title='bbox 310 2601 462 2642; x_wconf 84' lang='grc' dir='ltr'>δίκαιον</span> <span class='ocrx_word' id='word_1_268' title='bbox 484 2600 524 2638; x_wconf 89' lang='lat' dir='ltr'>R</span> <span class='ocrx_word' id='word_1_269' title='bbox 539 2601 620 2640; x_wconf 88' lang='lat' dir='ltr'>SV</span> <span class='ocrx_word' id='word_1_270' title='bbox 757 2601 784 2638; x_wconf 92' lang='lat'>8</span> <span class='ocrx_word' id='word_1_271' title='bbox 813 2599 971 2641; x_wconf 86' lang='grc' dir='ltr'>ποιέετε</span> <span class='ocrx_word' id='word_1_272' title='bbox 988 2629 998 2639; x_wconf 92' lang='grc'>.</span> <span class='ocrx_word' id='word_1_273' title='bbox 1017 2630 1026 2639; x_wconf 92' lang='grc'>.</span> <span class='ocrx_word' id='word_1_274' title='bbox 1047 2629 1057 2639; x_wconf 95' lang='grc'>.</span> <span class='ocrx_word' id='word_1_275' title='bbox 1079 2599 1337 2641; x_wconf 84' lang='grc' dir='ltr'>ἀποδιδόντες</span> <span class='ocrx_word' id='word_1_276' title='bbox 1356 2612 1437 2638; x_wconf 91' lang='lat' dir='ltr'>om.</span> <span class='ocrx_word' id='word_1_277' title='bbox 1465 2599 1504 2637; x_wconf 90' lang='lat' dir='ltr'>R</span> <span class='ocrx_word' id='word_1_278' title='bbox 1518 2598 1599 2637; x_wconf 93' lang='lat' dir='ltr'>SV</span> <span class='ocrx_word' id='word_1_279' title='bbox 1726 2611 1754 2647; x_wconf 95' lang='lat'>9</span> <span class='ocrx_word' id='word_1_280' title='bbox 1779 2596 1855 2648; x_wconf 86' lang='grc' dir='ltr'>μέν</span> <span class='ocrx_word' id='word_1_281' title='bbox 1877 2597 1913 2638; x_wconf 91' lang='lat' dir='ltr'>C</span> 
     </span>
     <span class='ocr_line' id='line_1_34' title="bbox 261 2653 1914 2708; baseline -0.002 -14"><span class='ocrx_word' id='word_1_282' title='bbox 261 2669 310 2695; x_wconf 88' lang='lat'>10</span> <span class='ocrx_word' id='word_1_283' title='bbox 351 2656 686 2708; x_wconf 78' lang='grc' dir='ltr'>παρακαταθήκης</span> <span class='ocrx_word' id='word_1_284' title='bbox 715 2653 755 2692; x_wconf 93' lang='grc' dir='ltr'>Α</span> <span class='ocrx_word' id='word_1_285' title='bbox 773 2655 856 2693; x_wconf 92' lang='lat' dir='ltr'>BC</span> <span class='ocrx_word' id='word_1_286' title='bbox 874 2654 908 2693; x_wconf 92' lang='lat' dir='ltr'>P</span> <span class='ocrx_word' id='word_1_287' title='bbox 1076 2666 1123 2702; x_wconf 87' lang='lat'>14</span> <span class='ocrx_word' id='word_1_288' title='bbox 1156 2655 1220 2695; x_wconf 81' lang='grc' dir='ltr'>καὶ</span> <span class='ocrx_word' id='word_1_289' title='bbox 1249 2667 1331 2694; x_wconf 89' lang='lat' dir='ltr'>om.</span> <span class='ocrx_word' id='word_1_290' title='bbox 1366 2653 1456 2693; x_wconf 91' lang='lat' dir='ltr'>RV</span> <span class='ocrx_word' id='word_1_291' title='bbox 1485 2653 1604 2693; x_wconf 84' lang='lat' dir='ltr'>Stob.</span> <span class='ocrx_word' id='word_1_292' title='bbox 1638 2653 1728 2692; x_wconf 82' lang='lat' dir='ltr'>flor.</span> <span class='ocrx_word' id='word_1_293' title='bbox 1762 2665 1830 2701; x_wconf 81' lang='lat'>27,</span> <span class='ocrx_word' id='word_1_294' title='bbox 1865 2665 1914 2701; x_wconf 89' lang='lat'>14</span> 
     </span>
     <span class='ocr_line' id='line_1_35' title="bbox 256 2706 1913 2763; baseline -0.004 -13"><span class='ocrx_word' id='word_1_295' title='bbox 256 2711 342 2763; x_wconf 79' lang='grc' dir='ltr'>περὶ</span> <span class='ocrx_word' id='word_1_296' title='bbox 363 2711 397 2749; x_wconf 91' lang='lat' dir='ltr'>C</span> <span class='ocrx_word' id='word_1_297' title='bbox 413 2711 452 2749; x_wconf 92' lang='lat' dir='ltr'>R</span> <span class='ocrx_word' id='word_1_298' title='bbox 465 2711 504 2748; x_wconf 95' lang='lat' dir='ltr'>V</span> <span class='ocrx_word' id='word_1_299' title='bbox 691 2721 738 2759; x_wconf 89' lang='lat'>15</span> <span class='ocrx_word' id='word_1_300' title='bbox 770 2714 978 2761; x_wconf 85' lang='grc' dir='ltr'>συνενεχθ.</span> <span class='ocrx_word' id='word_1_301' title='bbox 1003 2708 1042 2747; x_wconf 89' lang='grc' dir='ltr'>Α</span> <span class='ocrx_word' id='word_1_302' title='bbox 1056 2709 1091 2747; x_wconf 92' lang='grc' dir='ltr'>Β</span> <span class='ocrx_word' id='word_1_303' title='bbox 1116 2709 1235 2748; x_wconf 88' lang='lat' dir='ltr'>Stob.</span> <span class='ocrx_word' id='word_1_304' title='bbox 1428 2709 1476 2747; x_wconf 88' lang='lat'>16</span> <span class='ocrx_word' id='word_1_305' title='bbox 1505 2706 1740 2759; x_wconf 80' lang='grc' dir='ltr'>ἱκνευομένῳ</span> <span class='ocrx_word' id='word_1_306' title='bbox 1760 2706 1800 2744; x_wconf 91' lang='grc' dir='ltr'><strong>Α</strong></span> <span class='ocrx_word' id='word_1_307' title='bbox 1813 2706 1846 2745; x_wconf 92' lang='lat' dir='ltr'>C</span> <span class='ocrx_word' id='word_1_308' title='bbox 1859 2706 1913 2745; x_wconf 84' lang='grc' dir='ltr'>Β1</span> 
     </span>
     <span class='ocr_line' id='line_1_36' title="bbox 259 2760 1914 2814; baseline -0.004 -10"><span class='ocrx_word' id='word_1_309' title='bbox 259 2776 305 2814; x_wconf 93' lang='lat'>17</span> <span class='ocrx_word' id='word_1_310' title='bbox 336 2767 371 2805; x_wconf 81' lang='grc' dir='ltr'>οἱ</span> <span class='ocrx_word' id='word_1_311' title='bbox 395 2778 478 2804; x_wconf 90' lang='lat' dir='ltr'>om.</span> <span class='ocrx_word' id='word_1_312' title='bbox 504 2765 542 2803; x_wconf 92' lang='lat' dir='ltr'><strong>A</strong></span> <span class='ocrx_word' id='word_1_313' title='bbox 557 2765 591 2803; x_wconf 91' lang='lat' dir='ltr'>B</span> <span class='ocrx_word' id='word_1_314' title='bbox 608 2765 641 2803; x_wconf 92' lang='lat' dir='ltr'>C</span> <span class='ocrx_word' id='word_1_315' title='bbox 834 2776 882 2814; x_wconf 93' lang='lat'>19</span> <span class='ocrx_word' id='word_1_316' title='bbox 912 2768 988 2805; x_wconf 82' lang='grc' dir='ltr'>δικ.</span> <span class='ocrx_word' id='word_1_317' title='bbox 1013 2769 1131 2811; x_wconf 84' lang='grc' dir='ltr'>βουλ.</span> <span class='ocrx_word' id='word_1_318' title='bbox 1156 2763 1242 2802; x_wconf 87' lang='lat' dir='ltr'>PR</span> <span class='ocrx_word' id='word_1_319' title='bbox 1257 2763 1337 2803; x_wconf 90' lang='lat' dir='ltr'>SV</span> <span class='ocrx_word' id='word_1_320' title='bbox 1358 2763 1502 2803; x_wconf 88' lang='lat' dir='ltr'>Stob.:</span> <span class='ocrx_word' id='word_1_321' title='bbox 1534 2767 1650 2810; x_wconf 86' lang='grc' dir='ltr'>βουλ.</span> <span class='ocrx_word' id='word_1_322' title='bbox 1676 2764 1754 2802; x_wconf 83' lang='grc' dir='ltr'>δικ.</span> <span class='ocrx_word' id='word_1_323' title='bbox 1773 2760 1814 2799; x_wconf 92' lang='grc' dir='ltr'><strong>Α</strong></span> <span class='ocrx_word' id='word_1_324' title='bbox 1829 2761 1863 2799; x_wconf 91' lang='grc' dir='ltr'>Β</span> <span class='ocrx_word' id='word_1_325' title='bbox 1879 2761 1914 2799; x_wconf 91' lang='lat' dir='ltr'>C</span> 
     </span>
     <span class='ocr_line' id='line_1_37' title="bbox 256 2814 1917 2867; baseline -0.001 -10"><span class='ocrx_word' id='word_1_326' title='bbox 256 2832 311 2857; x_wconf 89' lang='lat'>20</span> <span class='ocrx_word' id='word_1_327' title='bbox 338 2821 403 2859; x_wconf 82' lang='grc' dir='ltr'>καὶ</span> <span class='ocrx_word' id='word_1_328' title='bbox 423 2833 505 2859; x_wconf 86' lang='lat' dir='ltr'>om.</span> <span class='ocrx_word' id='word_1_329' title='bbox 531 2819 565 2858; x_wconf 92' lang='lat' dir='ltr'>C</span> <span class='ocrx_word' id='word_1_330' title='bbox 786 2832 838 2858; x_wconf 86' lang='lat'>22</span> <span class='ocrx_word' id='word_1_331' title='bbox 869 2819 930 2859; x_wconf 83' lang='grc' dir='ltr'>ἀεί</span> <span class='ocrx_word' id='word_1_332' title='bbox 950 2819 987 2857; x_wconf 90' lang='grc' dir='ltr'>Α</span> <span class='ocrx_word' id='word_1_333' title='bbox 1002 2819 1037 2856; x_wconf 90' lang='grc' dir='ltr'>Β</span> <span class='ocrx_word' id='word_1_334' title='bbox 1054 2818 1093 2856; x_wconf 93' lang='lat' dir='ltr'>R</span> <span class='ocrx_word' id='word_1_335' title='bbox 1107 2818 1144 2857; x_wconf 95' lang='lat' dir='ltr'>V</span> <span class='ocrx_word' id='word_1_336' title='bbox 1345 2830 1397 2867; x_wconf 87' lang='lat'>23</span> <span class='ocrx_word' id='word_1_337' title='bbox 1427 2817 1489 2858; x_wconf 86' lang='grc' dir='ltr'>ὅτι</span> <span class='ocrx_word' id='word_1_338' title='bbox 1511 2816 1592 2855; x_wconf 91' lang='lat' dir='ltr'>SV</span> <span class='ocrx_word' id='word_1_339' title='bbox 1781 2817 1836 2854; x_wconf 85' lang='lat'>26</span> <span class='ocrx_word' id='word_1_340' title='bbox 1865 2814 1917 2856; x_wconf 86' lang='grc' dir='ltr'>σε’</span> 
     </span>
     <span class='ocr_line' id='line_1_38' title="bbox 257 2869 1914 2921; baseline -0.002 -9"><span class='ocrx_word' id='word_1_341' title='bbox 257 2873 297 2912; x_wconf 89' lang='lat' dir='ltr'>R</span> <span class='ocrx_word' id='word_1_342' title='bbox 315 2873 346 2911; x_wconf 87' lang='lat' dir='ltr'>S</span> <span class='ocrx_word' id='word_1_343' title='bbox 362 2873 399 2911; x_wconf 95' lang='lat' dir='ltr'>V</span> <span class='ocrx_word' id='word_1_344' title='bbox 432 2874 551 2913; x_wconf 87' lang='lat' dir='ltr'>Stob.</span> <span class='ocrx_word' id='word_1_345' title='bbox 569 2886 577 2910; x_wconf 76' lang='grc' dir='ltr'>ε</span> <span class='ocrx_word' id='word_1_346' title='bbox 625 2874 690 2914; x_wconf 86' lang='grc' dir='ltr'>σοί</span> <span class='ocrx_word' id='word_1_347' title='bbox 724 2874 814 2913; x_wconf 82' lang='lat' dir='ltr'>rell.</span> <span class='ocrx_word' id='word_1_348' title='bbox 934 2872 1187 2919; x_wconf 84' lang='grc' dir='ltr'>ἐπισταμένω</span> <span class='ocrx_word' id='word_1_349' title='bbox 1222 2873 1261 2910; x_wconf 90' lang='lat' dir='ltr'>R</span> <span class='ocrx_word' id='word_1_350' title='bbox 1280 2872 1310 2912; x_wconf 92' lang='lat' dir='ltr'>S</span> <span class='ocrx_word' id='word_1_351' title='bbox 1325 2873 1364 2910; x_wconf 95' lang='lat' dir='ltr'>V</span> <span class='ocrx_word' id='word_1_352' title='bbox 1474 2870 1590 2911; x_wconf 79' lang='grc' dir='ltr'>ἔσται</span> <span class='ocrx_word' id='word_1_353' title='bbox 1623 2870 1785 2921; x_wconf 85' lang='grc' dir='ltr'>κείμενα</span> <span class='ocrx_word' id='word_1_354' title='bbox 1820 2870 1859 2909; x_wconf 88' lang='lat' dir='ltr'>R</span> <span class='ocrx_word' id='word_1_355' title='bbox 1875 2869 1914 2908; x_wconf 93' lang='lat' dir='ltr'>V</span> 
     </span>
    </p>
   </div>
   <div class='ocr_carea' id='block_1_11' title="bbox 256 2924 1828 2978">
    <p class='ocr_par' dir='ltr' id='par_1_11' title="bbox 256 2924 1828 2978">
     <span class='ocr_line' id='line_1_39' title="bbox 256 2924 1828 2978; baseline -0.001 -13"><span class='ocrx_word' id='word_1_356' title='bbox 256 2940 308 2978; x_wconf 88' lang='lat'>27</span> <span class='ocrx_word' id='word_1_357' title='bbox 338 2927 571 2968; x_wconf 60' lang='lat' dir='ltr'>‹riuzCPS</span> <span class='ocrx_word' id='word_1_358' title='bbox 681 2926 828 2968; x_wconf 55' lang='lat' dir='ltr'>&amp;SV</span> <span class='ocrx_word' id='word_1_359' title='bbox 937 2926 1281 2977; x_wconf 57' lang='lat' dir='ltr'>pocomRSV</span> <span class='ocrx_word' id='word_1_360' title='bbox 1372 2926 1443 2965; x_wconf 85' lang='lat' dir='ltr'><strong>alt.</strong></span> <span class='ocrx_word' id='word_1_361' title='bbox 1465 2924 1777 2966; x_wconf 65' lang='lat' dir='ltr'>T&amp;om.RSV</span> <span class='ocrx_word' id='word_1_362' title='bbox 1823 2932 1828 2937; x_wconf 91' lang='lat'>&#39;</span> 
     </span>
    </p>
   </div>
   <div class='ocr_carea' id='block_1_12' title="bbox 1938 575 1962 616">
    <p class='ocr_par' dir='ltr' id='par_1_12' title="bbox 1938 575 1962 616">
     <span class='ocr_line' id='line_1_40' title="bbox 1938 575 1962 616; baseline 0 0"><span class='ocrx_word' id='word_1_363' title='bbox 1938 575 1962 616; x_wconf 88' lang='grc'><strong>5</strong></span> 
     </span>
    </p>
   </div>
   <div class='ocr_carea' id='block_1_13' title="bbox 1943 995 2067 1034">
    <p class='ocr_par' dir='ltr' id='par_1_13' title="bbox 1943 995 2067 1034">
     <span class='ocr_line' id='line_1_41' title="bbox 1943 995 2067 1034; baseline 0 -9"><span class='ocrx_word' id='word_1_364' title='bbox 1943 995 2067 1034; x_wconf 54' lang='grc' dir='ltr'>ιο,</span> 
     </span>
    </p>
   </div>
   <div class='ocr_carea' id='block_1_14' title="bbox 1941 1399 1988 1458">
    <p class='ocr_par' dir='ltr' id='par_1_14' title="bbox 1941 1399 1988 1458">
     <span class='ocr_line' id='line_1_42' title="bbox 1941 1399 1988 1458; baseline 0 0"><span class='ocrx_word' id='word_1_365' title='bbox 1941 1399 1988 1458; x_wconf 76' lang='lat'>15&#39;</span> 
     </span>
    </p>
   </div>
   <div class='ocr_carea' id='block_1_15' title="bbox 1940 1837 1991 1867">
    <p class='ocr_par' dir='ltr' id='par_1_15' title="bbox 1940 1837 1991 1867">
     <span class='ocr_line' id='line_1_43' title="bbox 1940 1837 1991 1867; baseline 0.039 -2"><span class='ocrx_word' id='word_1_366' title='bbox 1940 1837 1991 1867; x_wconf 86' lang='lat'>20</span> 
     </span>
    </p>
   </div>
   <div class='ocr_carea' id='block_1_16' title="bbox 1940 2258 1988 2299">
    <p class='ocr_par' dir='ltr' id='par_1_16' title="bbox 1940 2258 1988 2299">
     <span class='ocr_line' id='line_1_44' title="bbox 1940 2258 1988 2299; baseline 0 0"><span class='ocrx_word' id='word_1_367' title='bbox 1940 2258 1988 2299; x_wconf 82' lang='lat'>²5</span> 
     </span>
    </p>
   </div>
  </div>
 </body>
</html>
