2132 3340
715 107 1090 155 ΙΣΤΟΡΙΩΝ
1154 107 1173 154 Ι
1432 105 1460 125 ‘⁸

192 238 392 292 Ἐπείτε
421 240 475 291 δὲ
506 236 883 306 κατεργάσαντο
913 236 1234 302 οῑ“Ελληνες
1265 237 1381 293 τοὺς
1405 236 1641 297 πολλούς,
1669 237 1784 292 τοὺς

106 327 197 391 μὲν
226 322 554 393 μαχομένους,
587 323 701 378 τοὺς
731 326 784 376 δὲ
818 323 896 375 καὶ
928 323 1208 392 φεύγοντας
1237 328 1337 376 τῶν
1366 321 1662 391 βαρβάρων,
1696 325 1783 377 τὰς

107 408 222 464 νέας
258 408 543 474 ἐνέπρησαν
581 408 659 460 καὶ
700 407 756 459 τὸ
796 413 964 477 τεῖχος
1004 407 1153 469 ἅπαν,
1179 407 1465 476 ,τῂν-ληίην
1503 405 1778 475 προεξαγα-

107 493 283 561 γόντες
331 495 380 547 ἐς
428 492 515 545 τὸν
565 494 813 560 αἰγιαλόν,
868 493 947 545 καὶ
994 492 1274 561 θησαυρούς
1325 513 1462 546 τινας
1516 491 1784 561 χρημάτων

59 601 82 642 5
107 578 267 645 εὗρον·
315 576 660 645 ἐμπρήσαντες
704 580 757 630 δὲ
797 582 853 629 τὸ
895 582 1063 646 τεῖχος
1105 579 1184 630 καὶ
1225 578 1312 632 τὰς
1353 577 1466 630 νέας
1511 576 1782 630 ἀπέπλεον.

107 663 398 728 ἀπικόμενοι
457 665 510 714 δὲ
564 664 613 716 ἐς
664 661 833 728 Σάμον
885 665 930 715 οἱ
974 661 1231 727 “Ελληνες
1285 661 1784 797 ἐβουλεύοντοςπερὶ

107 745 414 815 ἀναστ-Ξὶσιος
459 750 546 812 τῆς
582 746 787 812 Ἰωνίης,
834 747 913 799 καὶ
958 735 1080 819 ὅκῃ(
1093 746 1244 816 χρεὸν
1286 724 1492 812 εἵηδτῆς
1534 745 1626 797 Ἑλ

108 853 168 883 κα
230 832 386 884 ικίσαι
414 835 502 897 τῆς
533 831 671 884 αὐτοὶ
704 831 963 899 ἐγκρατέες
994 830 1142 896 ἦσαν,
1168 831 1258 896 τὴν
1284 834 1338 884 δὲ
1361 830 1555 896 Ἰωνίην
1586 832 1785 884 ἀπεῖναι

105 937 242 968 τοισι
272 916 600 983 βαρβάροισι·
647 917 862 969 ἀδύνατα
893 918 988 989 γὰρ
1020 917 1256 983 ἐφαίνετό
1287 923 1386 984 σφι
1417 915 1542 969 εἶναι
1572 916 1784 971 ἑωυτούς

33 1026 83 1055 10
106 1021 161 1053 τε
190 1000 373 1052 Ἰώνων
403 992 746 1138 πρῖκατῆσθαι
778 1000 1112 1069 φρουρέοντας
1149 1001 1236 1053 τὸν
1267 1000 1430 1053 πάντα
1464 1002 1667 1068 χρόνον,
1704 1001 1794 1053 καῖ

107 1088 302 1138 ἑωυτῶν
347 1084 412 1151 μὴ
502 1085 850 1151 ροκατημένων
895 1084 1074 1140 Ἴωνας
1104 1072 1359 1155 (οὐδεμίαν
1413 1076 1611 1169 ἐλπίδιῇ
1643 1086 1783 1153 εἶχον

106 1171 374 1238 χαίροντας
390 1169 543 1260 ἑπρὸς
593 1176 691 1222 τῶν
740 1169 984 1237 Περσέων
1036 1168 1365 1238 ἀπαλλάξειν.
1455 1174 1575 1237 πρὸς
1628 1174 1783 1222 ταῦτα

108 1249 540 1319 Πελοποννησίων
575 1257 668 1320 μὲν
690 1252 834 1329 (τοῖσι
871 1256 925 1307 ἐν
985 1240 1276 1340 ἐῖἧέῗχέοῦσὲ
1304 1256 1471 1307 ἐδόκεε
1507 1259 1605 1307 τῶν
1639 1259 1778 1320 μηδι-

108 1337 305 1391 σάντων
328 1338 513 1391 ἐθνέων
536 1344 635 1392 τῶν
657 1338 974 1404 Ἑλληνικῶν
1004 1341 1064 1391 τὰ
1097 1340 1309 1408 ἐμπόρια
1341 1338 1782 1404 ἐξαναστήσαντας

34 1426 274 1490 ι5·δοῦναι
303 1422 393 1488 τὴν
423 1424 593 1491 χώρην
607 1423 755 1476 Ἴωσι
786 1426 1059 1489 ἐνοικῆσαι,
1086 1423 1402 1489 Ἀθηναίοισι
1426 1426 1479 1476 δὲ
1504 1424 1590 1476 οὐκ
1614 1425 1782 1478 ἐδόκεε

106 1507 266 1575 ἀρχὴν
314 1508 508 1572 Ἰωνίην
554 1507 792 1575 γενέσθαι
841 1508 1124 1561 ἀνάστατον
1171 1510 1285 1562 οὐδὲ
1334 1511 1781 1580 Πελοποννησίους

78 1592 218 1666 (περὶ
254 1597 353 1644 τῶν
389 1592 651 1660 σφετέρων
688 1593 979 1645 ἀποικιέωνλ
993 1593 1274 1659 βουλεύειν·
1303 1595 1696 1668 «ἀντιτεινόντων
1727 1597 1781 1647 δὲ

105 1666 595 1754 τούτων>προθύμως
641 1676 778 1742 εἶξαν
819 1680 866 1729 οἱ
906 1677 1330 1743 Πελοποννήσιοι.
1422 1670 1501 1731 καὶ
1548 1679 1674 1730 οὕτω
1721 1678 1778 1744 δὴ

107 1762 320 1826 Σαμίους
341 1782 397 1813 τε
421 1761 499 1812 καὶ
518 1763 671 1816 Χίους
696 1762 774 1813 καὶ
794 1764 1050 1828 Λεσβίους
1075 1763 1153 1814 καὶ
1172 1762 1286 1816 τοὺς
1306 1762 1490 1817 ἄλλους
1513 1764 1777 1828 νησιώτας,

33 1872 82 1899 20
106 1845 152 1896 οἳ
183 1844 361 1913 ἔτυχον
392 1837 862 1914 συστρατευόμενοι(
868 1841 1280 1911 τοῖσι“Ελλησι>
1294 1849 1344 1900 ἐς
1375 1847 1431 1898 τὸ
1463 1848 1780 1915 συμμαχικὸν

106 1928 422 1995 ἐποιήσαντο,
464 1932 606 1982 πίστι
641 1953 696 1983 τε
734 1932 1108 1997 καταλαβόντες
1150 1932 1230 1983 καὶ
1271 1933 1485 1999 ὁρκίοισι
1525 1932 1779 1998 ἐμμενέειν

105 2035 161 2067 τε
192 2014 271 2066 καὶ
300 2014 366 2080 μὴ
391 2014 793 2080 ἀποστήσεσθαι.
859 2016 1062 2070 τούτους
1085 2018 1139 2068 δὲ
1164 2018 1536 2082 καταλαβόντες
1568 2018 1780 2084 ὁρκίοισι

105 2097 288 2151 ἔπλεον
317 2101 405 2153 τὰς
434 2100 656 2167 γεφύρας
686 2101 945 2155 λύσοντες·
992 2100 1065 2153 ἔτι
1096 2102 1190 2168 γὰρ
1224 2102 1421 2153 ἐδόκεον
1453 2101 1779 2167 ἐντεταμένας

107 2182 351 2249 εὑρήσειν.
439 2184 574 2255 οὗτοι
608 2187 701 2250 μὲν
732 2184 789 2250 δὴ
823 2185 900 2237 ἐπ’
931 2184 1319 2250 Ἑλλησπόντου
1350 2186 1548 2238 ἔπλεον·
1595 2191 1694 2238 τῶν
1725 2188 1778 2238 δὲ

32 2293 50 2321 2
57 2293 79 2334 5
105 2268 470 2335 ἀποφυγόντων
494 2268 844 2344 βαρβάρωνές
867 2271 928 2321 τὰ
951 2269 1076 2337 ἄκρα
1097 2291 1150 2321 τε
1175 2273 1261 2334 τῆς
1284 2263 1774 2336 Μυκάλης>κατειλη-

105 2351 308 2412 θέντων,
363 2354 548 2405 ἐόντων
607 2354 664 2406 οὐ
722 2359 946 2414 πολλῶν,
1002 2355 1193 2422 ἐγίνετο
1254 2353 1437 2421 ruffio—&L
1479 2356 1530 2409 ἐς
1578 2354 1774 2422 Σάρδις.

104 2435 447 2503 πορευομένων
478 2440 531 2489 δὲ
569 2437 674 2489 κατ’
706 2438 820 2490 ὁδὸν
852 2440 1126 2503 Μασίστης
1162 2439 1189 2489 ὁ
1227 2439 1443 2506 Δαρείου
1479 2440 1777 2508 παρατυχὼν

162 2586 184 2622 7
216 2573 348 2626 ὅπη<ι)
370 2573 410 2612 Α
424 2573 458 2612 Β
475 2574 508 2613 C
524 2574 562 2613 R
579 2575 608 2613 S
622 2574 661 2613 V
678 2590 686 2614 :
717 2575 804 2616 ὅποι
828 2574 862 2613 Ρ
1055 2575 1081 2613 8
1111 2577 1352 2624 κατοικῆσαι
1370 2575 1410 2614 R
1426 2576 1455 2617 S
1468 2577 1507 2615 V
1617 2577 1775 2629 ἀφεῖναι

105 2627 146 2666 Α
162 2628 195 2666 Β
212 2630 245 2668 C
263 2629 296 2667 P
437 2644 464 2680 9
495 2629 671 2671 ἀδύνατα
693 2631 729 2669 R
749 2630 778 2669 S
799 2647 805 2670 :
839 2629 1034 2671 ἀδύνατον
1054 2630 1094 2668 A
1110 2630 1144 2668 B
1160 2630 1193 2668 C
1210 2630 1243 2668 Ρ
1257 2630 1334 2683 [V]
1496 2645 1546 2671 10
1575 2631 1777 2685 φρουρέων

108 2681 147 2720 R
161 2683 199 2720 V
355 2697 402 2732 14
436 2683 609 2734 ἐμπόλια
628 2684 665 2722 Α
682 2685 716 2723 Β
732 2685 765 2724 C
881 2685 1246 2734 ἐπαναστήσαντας
1269 2684 1307 2723 R
1324 2685 1354 2725 S
1367 2684 1405 2723 V
1566 2689 1616 2725 16
1645 2694 1774 2727 Πελο-

106 2738 345 2786 ποννησίους
369 2738 784 2787 Schweighaeuser:
817 2740 958 2780 -σίοισι
985 2739 1017 2776 L
1191 2753 1237 2788 17
1269 2740 1466 2782 ἆποικέων
1487 2742 1545 2780 C:
1585 2743 1776 2782 ἆποικιων

108 2790 147 2829 R
163 2792 193 2831 S
207 2792 245 2830 V
439 2805 494 2832 20
523 2794 833 2847 στρατευόμενοι
858 2795 895 2833 R
913 2795 942 2833 S
957 2794 993 2833 V
1189 2808 1237 2832 21
1271 2795 1408 2835 πίστει
1431 2796 1464 2834 C
1482 2797 1519 2835 R
1539 2811 1548 2834 :
1578 2797 1716 2837 πίστις
1737 2794 1775 2833 V

106 2863 152 2887 τε
175 2860 257 2886 om.
282 2846 321 2885 A
337 2846 370 2884 B
385 2847 419 2886 C
533 2847 719 2899 ἐμμένειν
742 2849 781 2886 R
798 2850 827 2887 S
841 2849 902 2889 V:
936 2852 1122 2899 ἐμμενεῖν
1143 2849 1231 2887 rell.
1252 2862 1260 2886 z
1290 2848 1333 2899 <ἧ
1354 2849 1447 2904 μὲν)
1464 2854 1555 2902 ε’μμ.
1574 2851 1774 2901 Krucgcr

107 2914 159 2939 22
189 2902 542 2953 ἀπονοστήσεσθαι
565 2904 596 2941 S
610 2904 646 2942 V
686 2947 689 2949 .
812 2917 863 2953 24
883 2903 1204 2952 ’Ἑλλήσποντον
1227 2903 1257 2942 S
1275 2904 1353 2956 [VJ
1536 2917 1588 2956 25
1617 2923 1664 2947 τε
1686 2919 1767 2945 om.

106 2955 193 2995 AB
210 2957 243 2995 C
259 2957 292 2996 P
457 2959 511 2996 26
541 2957 707 3010 ἐγένετο
733 2958 771 2996 R
883 2959 1024 3011 Σάρδις
1049 2959 1088 2998 R
1110 2971 1283 3009 quoque

607 3063 644 3128 ς,
673 3062 789 3121 M»,
816 3094 832 3108 ι
855 3076 929 3117 (οι
959 3068 1312 3151 λελ-μμώω

656 3152 686 3200 5³
712 3160 892 3214 *3⁴¹9AE
914 3182 1112 3213 :eze-1212

1008 3244 1011 3247 ,
1056 3202 1063 3241 ἱ

1824 109 1911 156 ΙΧ.
1939 105 2038 160 106

1822 242 1922 290 106

1825 683 1850 715 2

1668 746 1784 800 άδος
1796 755 1981 826 φεμ-μ
1997 759 2132 792 *Μ

1803 1247 1805 1253 ¹
1821 1187 1848 1232 3

1815 1335 2132 1405 κήκ-»θῶν

1816 2204 1907 2254 107
