2132 3340
781 93 1155 142 ΙΣΤΟΡΙΩΝ
1216 93 1266 141 Θ

178 226 324 278 σαίου
353 227 523 278 πεδίου
552 224 857 291 οἰκεομένην.
925 227 971 278 οἱ
1001 227 1055 277 δὲ
1078 223 1336 292 βάρβαροι
1364 223 1455 289 τὴν
1486 223 1653 292 χώρην
1677 225 1848 297 πᾶσαν

177 309 456 377 ἐπέδραμον
485 310 576 375 τὴν
606 310 824 362 Φωκίδα·
872 309 1140 362 Θεσσαλοὶ
1165 311 1260 376 γὰρ
1284 310 1410 361 οὕτω
1435 307 1559 376 ἦγον
1583 307 1669 360 τὸν
1693 328 1845 374 στρα-

175 396 278 447 τόν·
326 395 483 446 ὁκόσα
517 393 847 463 δὲ-ἐπέσχον,
882 393 1046 447 πάντα
1082 393 1372 462 ἐπέφλεγον
1410 394 1489 446 καὶ
1526 393 1732 459 ἔκειρον,
1769 393 1848 444 καὶ

178 482 230 534 ἐς
258 481 344 533 τὰς
376 480 521 534 πόλις
552 479 764 534 ἐνιέντες
792 484 888 546 πῦρ
926 479 1004 531 καὶ
1039 481 1089 532 ἐς
1119 481 1180 530 τὰ
1212 478 1307 545 ἱρά.
1397 478 1722 545 πορευόμενοι
1752 479 1846 544 γὰρ

129 587 152 626 5
176 564 326 636 ταύτῃ
357 566 490 632 παρὰ
518 564 603 617 τὸν
634 563 873 631 Κηφισὸν
910 563 1133 630 ποταμὸν
1169 548 1382 628 ἐδηίουν’
1400 562 1579 621 πάντα,
1614 562 1693 613 καὶ
1725 563 1848 613 κατὰ

176 651 268 715 μὲν
299 648 517 701 ἔκαυσαν
551 648 751 716 Δρυμὸν
782 649 952 708 πόλιν,”
985 650 1108 700 κατὰ
1139 651 1193 701 δὲ
1218 647 1484 715 Χαράδραν
1508 647 1588 698 καὶ
1613 645 1846 714 ’Έρωχον

178 735 258 786 καὶ
286 734 570 800 Τεθρώνιον
609 735 687 785 καὶ
723 733 1029 800 Ἀμφίκαιαν
1068 732 1146 784 καὶ
1184 731 1365 784 Νέωνα
1403 733 1482 784 καὶ
1524 730 1737 785 Πεδιέας
1769 731 1849 782 καὶ

175 817 383 885 Τριτέας
429 818 508 869 καὶ
552 816 819 884 Ἐλάτειαν
860 818 941 869 καὶ
981 816 1261 883 Ὑάμπολιν
1306 817 1385 869 καὶ
1428 816 1849 884 Παραποταμίους

178 903 255 955 καὶ
277 901 461 968 Ἀβας,
495 902 616 954 ἔνθα
652 901 713 967 ἦν
750 902 855 966 ἱρὸν
887 902 1215 956 ’Λπόλλωνος
1254 901 1516 962 πλούσιον,
1551 901 1855 966 θησαυροῖσί

102 1006 152 1036 10
175 1009 230 1040 τε
262 987 340 1039 καὶ
371 985 659 1053 ἀναθήμασι
677 992 922 1040 πολλοῖσι
947 986 1428 1053 κατεσκευασμένον·
1475 985 1536 1051 ἧν
1560 988 1612 1038 δὲ
1638 985 1715 1037 καὶ
1735 986 1850 1037 τότε

178 1071 257 1124 καὶ
293 1076 379 1124 νῦν
416 1071 526 1123 ἔστι
561 1070 869 1140 χρηστήριον
910 1071 1098 1125 αὐτόθι·
1146 1072 1224 1123 καὶ
1267 1076 1412 1123 τοῦτο
1448 1070 1505 1122 τὸ
1543 1070 1649 1138 ἱρὸν
1690 1068 1847 1134 συλή-

177 1163 357 1211 σαντες
388 1155 687 1223 ἐνέπρησαν.
765 1158 850 1209 καί
875 1178 1013 1210 τινας
1044 1156 1302 1209 διώκοντες
1334 1157 1470 1208 εἶλον
1501 1161 1601 1207 τῶν
1633 1154 1851 1207 Φωκέων

176 1240 298 1309 πρὸς
329 1245 462 1293 τοῖσι
493 1243 649 1308 ὄρεσι,
686 1241 764 1293 καὶ
795 1239 1032 1309 γυναῖκάς
1062 1262 1199 1294 τινας
1233 1239 1522 1308 διέφθειραν
1552 1241 1850 1307 μισγόμενοι

175 1324 270 1379 ὑπὸ
290 1324 523 1390 πλήθεος.
568 1327 990 1393 Παραποταμίους
1010 1328 1063 1378 δὲ
1085 1326 1510 1392 παραμειβόμενοι
1530 1327 1576 1376 οἱ
1594 1323 1851 1391 βάρβαροι

103 1426 150 1467 15
176 1411 410 1463 ἀπίκοντο
431 1412 481 1464 ἐς
501 1410 783 1465 Πανοπέας.
833 1412 1060 1463 ἐνθεῦτεν
1082 1408 1848 1476 δὲῆδηδιακρινομένηὴστρατιὴ

176 1494 336 1547 αὐτῶν
357 1495 603 1563 ἐσχίζετο.
671 1495 728 1546 τὸ
746 1497 837 1560 μὲν
858 1500 1102 1547 πλεῖστον
1123 1495 1200 1546 καὶ
1224 1495 1564 1546 δυνατώτατον
1587 1499 1673 1545 τοῦ
1697 1515 1847 1561 στρα-

176 1584 263 1631 τοῦ
301 1578 402 1645 ἅμα
440 1580 569 1650 αὐτῷ
613 1578 777 1652 Ξέρξῃ
817 1580 1150 1646 πορευόμενον
1182 1579 1257 1632 ἐπ’
1291 1577 1505 1643 Ἀθήνας
1538 1577 1762 1643 ἐσέβαλε
1799 1580 1850 1631 ἐς

179 1665 436 1723 Βοιωτούς,
451 1665 501 1718 ἐς
520 1668 615 1731 γῆν
635 1664 722 1727 τὴν
743 1664 1099 1733 Ὀρχομενίων.
1136 1668 1367 1715 Βοιωτῶν
1392 1666 1443 1716 δὲ
1466 1667 1563 1716 πᾶν
1582 1663 1638 1714 τὸ
1658 1667 1850 1727 πλῆθος

177 1746 388 1814 ἐμήδιζε,
414 1751 502 1803 τὰς
526 1752 578 1802 δὲ
603 1749 750 1803 πόλις
774 1748 935 1800 αὐτῶν
958 1748 1132 1815 ἄνδρες
1158 1749 1444 1801 Μακεδόνες
1476 1746 1849 1814 διατεταγμένοι

104 1849 154 1878 20
177 1828 383 1902 ἔσῳζον,
417 1833 512 1886 ὑπὸ
543 1831 878 1899 Ἀλεξάνδρου
911 1832 1338 1900 ἀποπεμφθέντες.
1415 1832 1600 1902 ἔσῳζον
1632 1836 1684 1884 δὲ
1715 1833 1846 1904 τῇδε,

177 1920 331 1982 δῆλον
353 1918 658 1983 βουλόμενοι
682 1917 868 1970 ποιέειν
894 1917 1060 1989 Ξέρξῃ
1084 1919 1161 1980 ὅτι
1190 1920 1250 1969 τὰ
1276 1916 1464 1982 Μήδων
1493 1917 1696 1968 Βοιωτοὶ
1722 1924 1846 1984 φρο-

176 2000 351 2054 νέοιεν.
403 2002 537 2054 οὗτοι
554 2004 646 2068 μὲν
667 2002 723 2067 δὴ
742 2007 841 2054 τῶν
860 2001 1138 2069 βαρβάρων
1157 2002 1308 2075 ταύτῃ
1329 2001 1616 2069 ἐτράποντο,
1627 2001 1777 2053 ἄλλοι
1797 2004 1848 2053 δὲ

177 2085 336 2138 αὐτῶν
347 2086 594 2153 ἡγεμόνας
614 2086 817 2155 ἔχοντες
837 2086 1045 2153 ὁρμέατο
1065 2087 1145 2140 ἐπὶ
1163 2092 1217 2138 τό
1240 2086 1344 2154 ἱρὸν
1364 2086 1420 2138 τὸ
1440 2089 1494 2138 ἐν
1509 2091 1782 2153 Δελφοῖσι,
1796 2088 1850 2137 ἐν

178 2169 311 2242 δεξιῇ
336 2170 422 2222 τὸν
444 2170 754 2238 Παρνησσὸν
773 2170 1093 2238 ἀπέργοντες.
1170 2173 1267 2223 ὅσα
1287 2174 1339 2223 δὲ
1368 2171 1445 2222 καὶ
1470 2171 1604 2222 οὗτοι
1628 2170 1850 2238 ἐπέσχον

103 2268 152 2310 25
177 2257 264 2318 τῆς
283 2257 524 2314 Φωκίδος,
547 2254 708 2307 πάντα
729 2256 1081 2323 ἐσιναμώρεον·
1127 2256 1206 2308 καὶ
1225 2258 1320 2324 γὰρ
1339 2261 1438 2308 τῶν
1459 2254 1739 2308 Πανοπέων
1759 2255 1850 2319 τὴν

177 2339 327 2392 πόλιν
357 2339 637 2406 ἐνέπρησαν
676 2341 754 2392 καὶ
787 2342 1022 2393 Δαυλίων
1061 2341 1139 2392 καὶ
1172 2340 1463 2393 Αἰολιδέων.
1554 2341 1848 2407 ἐπορεύοντο

177 2426 230 2476 δὲ
259 2424 409 2497 ταύτῃ
446 2424 848 2493 ἀποσχισθέντες
883 2426 971 2489 τῆς
1007 2424 1166 2490 ἄλλης
1204 2429 1440 2492 στρατιῆς
1475 2428 1629 2477 τῶνδε
1666 2425 1845 2484 εἵνεκα,

236 2576 252 2601 1
296 2561 483 2613 κειμένην
514 2563 571 2603 C:
615 2562 830 2612 οἰκημένην
866 2563 985 2603 Stein
1209 2578 1234 2613 4
1269 2562 1407 2604 πόλεις
1439 2563 1497 2602 C:
1538 2562 1681 2604 πόλιας
1713 2562 1751 2600 R
1767 2562 1849 2602 SV

178 2619 239 2658 καὶ
276 2618 370 2659 ι’στᾶ
407 2617 470 2668 ἱρά
505 2618 538 2655 Β
559 2632 567 2656 :
610 2619 674 2658 καὶ
709 2617 858 2671 έστερα
889 2618 926 2656 R
942 2618 980 2656 V
998 2632 1007 2656 ε
1052 2617 1264 2659 κατέκαιον
1300 2619 1330 2657 S
1498 2630 1522 2666 5
1562 2619 1668 2670 παρὰ
1696 2630 1777 2656 om.
1813 2618 1847 2655 C

179 2673 391 2721 Κηφισσὸν
411 2672 444 2710 C
462 2672 495 2710 P
509 2673 548 2710 R
563 2673 592 2711 S
606 2672 644 2710 V
767 2675 794 2710 6
824 2672 983 2724 Δρύμον
1003 2671 1043 2710 Α
1058 2672 1091 2710 Β
1106 2673 1139 2711 C
1154 2673 1188 2711 P
1289 2671 1523 2726 Χοράνδραν
1546 2672 1578 2710 C
1599 2687 1607 2711 ε
1638 2671 1849 2724 Χαράδρην

179 2726 212 2765 Ρ
227 2727 265 2771 R
283 2727 359 2778 [V]
515 2740 536 2776 7
567 2727 775 2779 Τεθρόνιον
796 2727 834 2765 R
852 2728 881 2765 S
895 2728 956 2768 V:
989 2727 1155 2781 Θρόνιον
1180 2728 1294 2766 [nst.
1316 2728 1360 2766 ΙΙ.
1380 2729 1459 2776 278
1572 2727 1788 2779 Ἀμφίκαια
1807 2727 1845 2765 R

177 2783 203 2820 8
234 2789 411 2835 Παρποτ.
436 2782 474 2820 R
490 2782 570 2820 VS
597 2782 684 2833 <hic
708 2784 751 2820 it.
781 2782 847 2831 14)
1023 2796 1073 2822 10
1102 2799 1275 2823 κατασκ.
1303 2782 1342 2820 R
1498 2795 1510 2819 1
1527 2795 1540 2819 t
1576 2782 1635 2822 ἔτι
1658 2781 1698 2820 Α
1714 2782 1747 2819 Β
1764 2782 1797 2820 C
1813 2782 1846 2820 P

178 2845 297 2877 συλλ.
319 2837 357 2875 R
373 2837 402 2874 S
418 2837 456 2875 V
572 2849 619 2875 12
649 2842 730 2877 τῶν
750 2842 832 2876 om.
851 2837 887 2875 Λ
904 2838 938 2875 Β
955 2837 988 2876 C
1107 2850 1154 2887 13
1186 2837 1407 2890 διέφθειρον
1430 2837 1469 2875 R
1485 2837 1515 2875 S
1529 2836 1566 2874 V
1682 2850 1728 2886 17
1762 2835 1846 2883 e'w']

179 2894 218 2932 ἐς
241 2891 278 2929 R
294 2892 375 2931 SV
544 2893 591 2930 18
619 2893 717 2945 τὴν]
740 2897 822 2933 τῶν
846 2893 876 2930 P
894 2892 931 2930 R
948 2893 1029 2931 SV
1131 2891 1135 2895 ’
1210 2905 1259 2942 19
1288 2892 1427 2934 πόλεις
1451 2892 1514 2939 C:
1544 2891 1688 2933 πόλιας
1711 2892 1846 2931 RSV

178 2960 232 2986 20
264 2950 361 3001 τῇδε
387 2960 470 2987 om.
500 2947 539 2986 R
557 2947 642 2986 SV
822 2961 872 2998 24
908 2949 1120 3000 Παρνησὸν
1148 2947 1186 2986 Α
1206 2947 1239 2986 Β
1259 2948 1292 2986 C
1472 2949 1526 2985 26
1560 2948 1759 2989 Αἰολίδων
1787 2947 1846 2985 P:

176 3002 371 3044 Αιλειιέων
390 3002 655 3042 Valckenaer
822 3017 872 3052 27
910 3003 1063 3053 ταύτην
1083 3002 1123 3041 Α
1137 3003 1171 3042 Β
1188 3003 1221 3042 C
1335 3004 1488 3044 εἵνεκεν
1510 3003 1548 3041 R
1565 3003 1594 3042 S
1610 3003 1647 3041 V

1888 91 2026 139 v111.
2055 103 2121 157 32

1883 476 1990 539 33'

1887 1343 1962 1402 34,

1886 2010 1951 2059 35
