2132 3340
55 107 255 168 VLm2

167 253 258 301 ηε

169 837 258 886 133

168 2004 258 2053 134

0 2323 248 2387 ubviust‘no

909 102 1337 151 HPOAOTOT

381 237 523 288 Μετὰ
558 238 612 288 δὲ
649 235 707 288 τὸ
742 237 797 287 ἐν
835 238 1107 302 Μαραθῶνι
1141 239 1310 301 τρῶμα
1345 234 1614 302 γενόμενον
1652 232 1948 299 Μιλτιάδης,

296 320 375 371 καὶ
417 320 658 385 πρότερον
703 318 999 384 εὐδοκιμέων
1050 321 1182 386 παρὰ
1225 318 1553 385 Ἀθηναίοισι,
1599 319 1711 370 τότε
1753 322 1949 383 μᾶλλον

293 399 483 466 αὔξετο.
572 401 781 467 αἰτήσας
811 405 865 455 δὲ
893 402 1008 456 νέας
1039 401 1381 468 ἐβδομήκοντα
1411 403 1490 454 καὶ
1520 401 1756 469 στρατιήν
1786 422 1842 454 τε
1871 403 1950 454 καὶ

293 485 521 554 χρήματα
550 486 856 550 Ἀθηναίους,
891 488 947 539 οὐ
978 485 1179 553 φράσας
1203 493 1302 553 σφι
1325 486 1401 538 ἐπ’
1424 484 1484 550 ἣν
1508 486 1949 552 ἐπιστρατεύσεται

292 570 476 637 χώρην,
509 571 644 621 ἀλλὰ
675 572 776 637 φὰς
805 570 981 624 αὐτοὺς
1015 575 1392 622 καταπλουτιεῖν
1421 569 1483 635 ἤν
1513 572 1559 621 οἱ
1589 570 1819 622 ἕπωνται·
1869 569 1949 620 ἐπὶ
1973 589 1996 629 5
2055 581 2062 586 “

292 655 387 720 γὰρ
427 654 595 721 χώρην
631 654 861 718 τοιαύτην
902 653 959 718 δή
1005 675 1117 706 τινα
1161 652 1295 718 ἄξειν
1331 654 1447 705 ὅθεν
1481 652 1673 721 χρυσὸν
1709 651 1950 706 εὐπετέως

294 737 517 805 ἄφθονον
553 739 793 789 οἴσονται·
854 737 1019 804 λέγων
1053 742 1256 789 τοιαῦτα
1290 739 1422 789 αἴτεε
1456 739 1545 790 τὰς
1578 735 1709 790 νέας.
1796 735 1946 801 Ἀθη-

294 826 425 873 ναῖοι
456 824 509 873 δὲ
536 822 757 872 τούτοισι
786 820 1080 888 ἐπαρθέντες
1109 820 1408 888 παρέδοσαν.
1496 821 1808 888 παραλαβὼν
1839 822 1892 872 δὲ
1923 821 1950 870 ὁ

296 903 575 969 Μιλτιάδης
611 905 700 969 τὴν
732 904 970 971 στρατιὴν
1006 906 1156 957 ἔπλεε
1192 904 1273 957 ἐπὶ
1308 903 1497 972 Πάρον,
1530 904 1788 972 πρόφασιν
1817 902 1950 972 ἔχων

294 988 359 1041 ὡς
399 990 445 1040 οἱ
479 988 664 1055 Πάριοι
707 988 930 1056 ὑπῆρξαν
974 990 1204 1056 πρότεροι
1248 989 1628 1056 στρατευόμενοι
1669 985 1855 1054 τριήρεϊ
1898 989 1950 1042 ἐς
1977 1012 2027 1040 10

295 1075 583 1138 Μαραθῶνα
612 1071 712 1137 ἅμα
734 1077 800 1142 τῷ
837 1072 1028 1144 Πέρσῃ.
1115 1077 1258 1124 τοῦτο
1286 1075 1378 1138 μὲν
1408 1073 1465 1137 δὴ
1497 1073 1766 1140 πρόσχημα
1794 1071 1949 1137 λόγου

292 1154 370 1219 ἧν,
391 1155 513 1222 ἀτάρ
536 1155 646 1207 τινα
677 1157 755 1208 καὶ
780 1156 983 1223 ἔγκοτον
1007 1157 1114 1224 εἶχε
1136 1162 1270 1208 τοῖσι
1296 1157 1532 1223 Παρίοισι
1554 1158 1633 1208 διὰ
1654 1156 1952 1222 Λυσαγόρεα

292 1238 378 1291 τὸν
427 1241 659 1299 Τεισίεω,
713 1241 860 1291 ἐόντα
907 1239 1052 1306 γένος
1097 1239 1303 1306 Πάριον,
1350 1241 1660 1306 διαβαλόντα
1704 1260 1788 1304 μιν
1827 1243 1949 1304 πρὸς

291 1321 534 1389 ’Ὑδάρνεα
579 1322 664 1375 τὸν
716 1322 940 1390 Πέρσην.
1029 1324 1327 1389 ἀπικόμενος
1377 1327 1431 1376 δὲ
1482 1325 1532 1377 ἐς
1582 1322 1673 1387 τὴν
1722 1323 1871 1376 ἔπλεε
1923 1323 1950 1372 ὁ

296 1406 575 1471 Μιλτιάδης
618 1414 679 1480 τῇ
724 1415 931 1480 στρατιῇ
974 1408 1261 1473 ἐπολιόρκεε
1307 1408 1523 1473 Παρίους
1569 1406 1950 1472 κατειλημένους
1980 1432 2025 1472 ¹5

294 1489 433 1542 ἐντὸς
462 1491 671 1558 τείχεος,
707 1491 785 1542 καὶ
823 1490 1094 1556 ἐσπέμπων
1132 1489 1316 1558 κήρυκα
1344 1492 1476 1543 αἴτεε
1507 1490 1681 1543 ἑκατὸν
1710 1489 1946 1549 τάλαντα,

295 1572 411 1640 φάς,
443 1569 505 1637 ἢν
539 1573 605 1638 μή
643 1577 688 1626 οἳ
726 1578 867 1633 δῶσι,
899 1576 986 1626 οὐκ
1022 1573 1401 1639 ἀπαναστήσειν
1436 1574 1525 1639 τὴν
1562 1574 1800 1642 στρατιὴν
1837 1574 1950 1640 πρὶν

294 1653 324 1720 ἢ
363 1656 510 1727 ἐξέλῃ
548 1658 727 1724 σφέας.
815 1661 861 1709 οἱ
899 1661 952 1710 δὲ
989 1658 1172 1724 Πάριοι
1201 1659 1326 1712 ὅκως
1361 1657 1453 1723 μέν
1489 1680 1536 1710 τι
1566 1659 1786 1711 δώσουσι
1816 1662 1949 1709 Μιλ-

294 1740 436 1811 τιάδῃ
458 1742 690 1808 ἀργύριον
714 1742 824 1793 οὐδὲ
849 1747 1137 1800 διενοεῦντο,
1164 1745 1210 1794 οἱ
1242 1745 1294 1794 δὲ
1325 1745 1449 1796 ὅκως
1477 1741 1840 1808 διαφυλάξουσι
1861 1740 1951 1805 τὴν

295 1825 461 1882 πόλιν,
500 1830 644 1876 τοῦτο
688 1828 1024 1893 ἐμηχανῶντο,
1067 1825 1202 1877 ἄλλα
1243 1847 1297 1878 τε
1341 1827 1725 1894 ἐπιφραζόμενοι
1770 1826 1848 1877 καὶ
1891 1825 1949 1896 τῇ
1978 1849 2030 1876 20

294 1907 519 1972 μάλιστα
559 1908 678 1960 ἔσκε
720 1909 959 1961 ἑκάστοτε
1003 1911 1251 1978 ἐπίμαχον
1289 1914 1377 1961 τοῦ
1417 1911 1626 1979 τείχεος,
1663 1914 1807 1961 τοῦτο
1851 1907 1951 1974 ἅμα

297 1991 433 2043 νυκτὶ
469 1990 672 2063 ἐξήρετο
708 1991 975 2056 διπλήσιον
1011 1998 1097 2044 τοῦ
1132 1995 1356 2062 ἀρχαίου.
1446 1995 1496 2046 ἐς
1525 1996 1618 2059 μὲν
1647 1993 1705 2057 δὴ
1741 1997 1951 2044 τοσοῦτο

296 2079 382 2125 τοῦ
404 2076 560 2142 λόγου
591 2078 636 2127 οἱ
660 2076 840 2129 πάντες
862 2075 1115 2141 “Ελληνες
1144 2077 1369 2144 λέγουσι,
1394 2077 1452 2128 τὸ
1482 2079 1709 2129 ἐνθεῦτεν
1738 2079 1792 2128 δὲ
1814 2075 1951 2128 αὐτοὶ

297 2158 479 2224 Πάριοι
514 2159 752 2226 γενέσθαι
783 2162 878 2211 ὧδε
912 2160 1138 2227 λέγουσι·
1201 2161 1455 2232 Μιλτιάδῃ
1493 2160 1754 2226 ἀπορέοντι
1785 2162 1952 2212 ἐλθεῖν

295 2243 348 2294 ἐς
382 2243 564 2308 λόγους
599 2243 920 2311 αἰχμάλωτον
956 2249 1179 2310 γυναῖκα,
1214 2246 1397 2296 ἐοῦσαν
1431 2247 1523 2308 μὲν
1560 2244 1753 2310 Παρίην
1787 2242 1950 2310 γένος,
1980 2266 2026 2304 25

295 2325 480 2390 οὔνομα
510 2325 564 2377 δέ
593 2328 640 2378 οἳ
663 2326 790 2378 εἶναι,
816 2331 1020 2392 Τιμοῦν,
1051 2326 1177 2379 εἶναι
1207 2331 1261 2379 δὲ
1289 2327 1593 2398 ὑποζά-κορον
1616 2332 1714 2378 τῶν
1737 2328 1952 2395 χθονίων

347 2474 372 2510 4
412 2461 705 2515 στρατεύσεται
737 2463 795 2502 S:
837 2463 1168 2518 ἐπιστρατεύεται
1197 2464 1237 2502 Α
1260 2464 1294 2502 Β
1317 2465 1350 2503 C
1376 2465 1408 2502 P
1641 2476 1665 2514 5
1705 2467 1823 2506 αὐτὸς
1856 2464 1894 2504 R
1915 2465 1948 2503 V

296 2514 460 2557 ἕπονται
482 2517 519 2555 R
536 2516 565 2555 S
580 2516 619 2554 V
821 2530 843 2566 7
873 2522 1055 2559 τοσαῦτα
1074 2519 1286 2569 Gomperz
1493 2532 1541 2557 10
1570 2520 1749 2572 τριήρεσι
1768 2519 1807 2557 Α
1822 2520 1855 2557 Β
1871 2520 1904 2558 C
1920 2519 1954 2557 P

300 2581 347 2607 11
391 2570 520 2622 λόγου
560 2572 620 2610 S:
675 2571 814 2624 λόγων
859 2571 956 2611 ΑΒ
985 2573 1246 2625 PR[CV].
1438 2586 1485 2612 12
1528 2575 1593 2614 καὶ
1632 2586 1712 2614 om.
1751 2573 1954 2613 PRSV

295 2624 534 2678 Λυσαγόρην
555 2625 642 2664 PR
658 2625 738 2665 SV
907 2640 955 2676 13
983 2628 1126 2669 Τισίεω
1142 2627 1234 2667 ΑΒ
1250 2629 1282 2667 C
1298 2627 1359 2666 P:
1388 2627 1515 2669 Τίσεω
1538 2626 1673 2666 RSV
1813 2640 1862 2676 14
1893 2627 1953 2668 ἐπ’

296 2678 347 2726 ἢν
365 2678 405 2716 Α
420 2679 454 2717 Β
470 2679 504 2717 C
662 2691 709 2730 15
739 2680 1050 2732 κατειλημένους
1073 2681 1129 2721 P:
1160 2691 1402 2733 κατειλημμ.
1426 2682 1515 2722 rell.
1662 2695 1707 2731 17
1738 2682 1794 2733 μή
1814 2681 1866 2733 οἱ]
1887 2699 1956 2733 μιν

297 2735 341 2772 οὐ
371 2732 411 2770 Α
428 2733 463 2771 Β
481 2733 514 2772 C
641 2736 784 2775 δώσειν
814 2734 939 2787 S[V]
1065 2739 1110 2777 οὗ
1143 2736 1420 2785 παναστήσειν
1450 2736 1514 2774 R:
1557 2739 1627 2776 οὐκ
1660 2737 1956 2785 ἀπονοστήσειν

296 2785 436 2827 ABC
453 2788 484 2825 P
667 2790 716 2827 18
753 2788 891 2839 μέντοι
923 2790 1028 2830 SV:
1069 2809 1109 2831 τι
1138 2803 1222 2830 om.
1254 2791 1289 2830 C
1470 2802 1519 2841 19
1557 2790 1740 2844 ἀργυρίου
1770 2790 1856 2830 PR
1873 2788 1956 2829 SV

297 2839 413 2881 οὐδὲν
434 2842 466 2879 Ρ
481 2842 520 2880 R
534 2843 572 2880 V
713 2844 985 2895 διαφυλάξωσι
1005 2844 1045 2883 Α
1062 2845 1097 2883 Β
1111 2846 1144 2884 C
1160 2844 1199 2883 R
1212 2844 1252 2883 V
1487 2858 1542 2885 20
1570 2848 1691 2886 τοῦτο
1711 2858 1793 2884 οῐῐι.
1819 2843 1858 2882 R
1872 2844 1903 2884 S
1916 2842 1955 2882 V

298 2906 346 2932 21
380 2894 483 2948 ἔσχε
505 2895 539 2933 C
761 2911 812 2935 22
844 2900 983 2951 ἐξῆρτο
1004 2898 1043 2936 Α
1058 2899 1091 2937 Β
1107 2898 1141 2937 C
1266 2899 1442 2948 πλησίον
1461 2899 1494 2938 C
