2034 3328
695 52 1074 101 ΙΣΤΟΡΙΩΝ
1118 28 1177 101 z‘
1814 58 1901 107 v1.
1926 72 1993 120 43

107 178 373 245 Ἑλλήνων
397 179 639 248 Περσέων
662 187 797 235 τοῖσι
827 186 951 236 ἑπτὰ
973 184 1190 237 Ὀτάνεα
1213 185 1415 252 γνώμην
1439 185 1782 251 ἀποδέξασθαι,

109 265 175 320 ὣς
203 269 354 335 χρεὸν
378 267 460 331 ,εἴη
498 266 922 333 δημοκρατέεσθαι
960 268 1182 335 Πέρσας·
1229 269 1357 329 τοὺς,
1379 271 1476 337 γὰρ
1510 270 1778 338 τυράννους

107 354 205 402 τῶν
246 349 430 403 ’.[ὥνων
471 350 792 406 καταπαύσας
833 351 1022 407 πάντας
1059 355 1085 404 ὁ
1124 355 1408 420 Μαρδόνιος
1449 358 1778 422 δημοκρατίας

110 435 319 494 κατίστα
350 435 400 489 ἐς
430 436 519 489 τὰς
548 436 743 489 πόλιας.
831 441 983 489 ταῦτα
1014 440 1067 489 δὲ
1099 436 1316 502 ποιήσας
1347 438 1579 505 ἠπείγετο
1611 441 1661 493 ἐς
1691 439 1776 492 τὸν
1814 455 1842 497 4

60 531 82 573 5
105 517 509 583 Ἑλλήσποντον.
599 519 665 574 ὡς
696 522 750 573 δὲ
781 519 1064 590 συνελέχθη
1095 524 1187 587 μὲν
1210 525 1379 589 χρῆμα
1410 523 1605 575 πολλὸν
1634 529 1774 583 νεῶν,

107 601 390 672 συνελέχθη
436 599 489 655 δὲ
532 604 609 656 καὶ
654 603 800 669 πεζὸς
846 605 1059 673 στρατὸς
1103 607 1311 665 πολλός,
1355 605 1622 671 διαβάντες
1661 609 1777 679 τῇσι

107 688 254 753 νηυσὶ
311 687 399 740 τὸν
449 687 839 754 Ἑλλήσποντον
893 690 1188 757 ἐπορεύοντο
1240 692 1320 741 διὰ
1377 693 1465 754 τῆς
1517 691 1774 757 Εὐρώπης,

107 771 404 839 ἐπορεύοντο
451 775 505 825 δὲ
544 773 630 825 ἐπί
666 795 721 826 τε
763 772 1022 841 Ἐρέτριαν
1064 774 1144 826 καὶ
1185 773 1414 839 Ἀθήνας.
1504 775 1647 826 αὗται
1685 777 1777 840 μὲν
1812 783 1881 832 44

105 853 174 908 ὧν
216 863 314 924 σφι
349 857 620 926 πρόσχημα
662 856 792 922 ἦσαν
828 863 914 910 τοῦ
953 859 1155 923 στόλου,
1191 859 1313 926 ἀτὰρ
1348 861 1403 910 ἐν
1440 859 1537 927 νόῳ
1575 858 1778 927 ἔχοντες
1794 855 2034 922 §Gn-“Q

34 965 83 995 ιο
105 941 231 995 ὅσας
254 939 316 993 ἂν
339 942 584 995 πλείστας
610 942 853 994 δύνωνται
879 942 1318 1011 καταστρέφεσθαι
1341 947 1439 994 τῶν
1463 941 1777 1007 Ἑλληνίδων
1951 906 2034 962 Μ

105 1025 311 1089 πολίων,
359 1029 503 1077 τοῦτο
550 1029 642 1091 μὲν
689 1025 747 1090 δὴ
796 1034 914 1099 τῇσι
967 1028 1113 1091 νηυσὶ
1167 1028 1393 1080 Θασίους
1444 1026 1556 1078 οὐδὲ
1606 1032 1777 1095 χεῖρας

105 1108 514 1176 ἀνταειραμένους
561 1110 986 1178 κατεστρέψαντο,
1025 1115 1171 1162 τοῦτο
1215 1113 1269 1163 δὲ
1312 1116 1380 1180 τῷ
1427 1110 1555 1180 πεζῷ
1606 1114 1774 1163 Μακε-

104 1194 253 1248 δόνας
296 1193 419 1259 πρὸς
463 1198 598 1246 τοῖσι
640 1193 925 1263 ὑπάρχουσι
970 1195 1178 1248 δούλους
1222 1192 1649 1261 προσεκτήσαντο·
1715 1197 1778 1246 τὰ

103 1278 199 1344 γὰρ
232 1277 371 1344 ἐνὶ-ὸς
413 1278 720 1329 Μακεδόνων
761 1279 907 1330 ἔθνεα
948 1277 1112 1330 πάντα
1151 1286 1250 1347 σφι
1281 1278 1372 1343 ἤδη
1415 1277 1475 1342 ἧν
1515 1280 1777 1347 ὑποχείρια
1795 1255 2034 1323 3*·”*ὲ”

32 1384 79 1428 15
103 1361 363 1428 γεγονότα.
454 1361 508 1412 ἐκ
543 1363 634 1425 μὲν
666 1359 723 1424 δὴ
768 1360 948 1412 Θάσου
989 1362 1318 1426 διαβαλόντες
1357 1361 1511 1428 πέρην
1550 1362 1646 1414 ὑπὸ
1685 1362 1775 1427 τὴν
1812 1380 1838 1412 2

102 1443 306 1512 ἤπειρον
330 1437 614 1510 ἐκομίζοντο
631 1443 787 1513 μέχρι
807 1444 1066 1505 Ἀκάνθου,
1091 1447 1144 1496 ἐκ
1162 1447 1214 1497 δὲ
1232 1445 1475 1498 Ἀκάνθου
1500 1447 1774 1512 ὁρμώμενοι

102 1527 189 1581 τὸν
230 1527 400 1581 Ἀθων
451 1527 810 1595 περιέβαλλον.
902 1530 1158 1581 ἐπιπεσὼν
1202 1528 1257 1581 δέ
1301 1537 1397 1596 σφι
1448 1530 1773 1596 περιπλέουσι

42 1639 52 1644 -
102 1615 262 1680 βορῆς
289 1611 470 1678 ἄνεμος
499 1612 656 1680 μέγας
685 1634 740 1665 τε
774 1613 854 1664 καὶ
885 1612 1067 1679 ἄπορος
1100 1613 1252 1680 κάρτα
1281 1613 1502 1682 τρηχέως
1532 1613 1771 1680 περιέσπε

102 1696 285 1762 πλήθεϊ
305 1699 499 1751 πολλὰς
521 1702 619 1749 τῶν
640 1702 764 1749 νεῶν
786 1697 1057 1763 ἐκβάλλων
1076 1697 1197 1764 πρὸς
1216 1696 1302 1749 τὸν
1316 1697 1502 1750 ’Άθων.
1569 1697 1770 1765 λέγεται
1810 1718 1834 1762 3

27 1803 79 1832 20
102 1783 197 1848 γὰρ
231 1782 354 1833 κατὰ
386 1783 674 1848 τριηκοσίας
702 1783 794 1846 μὲν
826 1787 926 1834 τῶν
958 1786 1082 1834 νεῶν
1111 1784 1200 1835 τὰς
1230 1782 1589 1849 διαφθαρείσας
1626 1782 1766 1842 εἶναι,

88 1861 224 1932 Ιὑπὲρ
262 1867 314 1918 δὲ
346 1866 432 1917 δύο
467 1865 704 1932 μυριάδας
742 1866 1029 1933 ἀνθρώπων·
1078 1867 1211 1918 ὥστε
1247 1867 1341 1934 γὰρ
1374 1865 1769 1933 θηριωδεστάτης

101 1950 283 2015 ἐούσης
327 1953 414 2015 τῆς
459 1948 726 2014 θαλάσσης
769 1950 949 2015 ταύτης
991 1953 1077 2014 τῆς
1117 1949 1228 2016 περὶ
1268 1954 1355 2002 τὸν
1386 1950 1556 2003 ’Ἄθων
1592 1953 1638 2002 οἱ
1676 1954 1769 2015 μὲν

99 2034 195 2086 ὑπὸ
230 2039 327 2087 τῶν
359 2035 541 2101 θηρίων
578 2036 921 2101 διεφθείροντο
961 2035 1308 2102 ἁρπαζόμενοι,
1343 2037 1389 2086 οἱ
1430 2037 1483 2087 δὲ
1520 2034 1641 2100 πρὸς
1681 2037 1768 2088 τὰς

101 2117 284 2186 πέτρας
324 2119 680 2185 ἀρασσόμενοι·
727 2119 773 2170 οἳ
805 2122 856 2171 δὲ
890 2119 1050 2171 αὐτῶν
1083 2117 1212 2171 νέειν
1243 2120 1328 2171 οὐκ
1363 2118 1652 2183 ἠπιστέατο,
1688 2119 1767 2170 καὶ

26 2223 75 2264 25
101 2199 224 2254 κατὰ
264 2208 407 2255 τοῦτο
448 2201 806 2270 διεφθείροντο,
840 2205 887 2255 οἱ
929 2206 982 2255 δὲ
1019 2203 1165 2270 ῥίγεϊ.
1254 2203 1280 2253 ὁ
1308 2205 1400 2268 μὲν
1441 2202 1498 2267 δὴ
1541 2203 1765 2257 ναυτικὸς

101 2286 312 2354 στρατὸς
338 2287 462 2340 οὕτω
487 2287 728 2354 ἔπρησσε,
757 2289 1021 2357 Μαρδονίῳ
1047 2289 1100 2339 δὲ
1125 2287 1203 2339 καὶ
1232 2292 1299 2357 τῷ
1331 2288 1457 2357 πεζῷ
1490 2308 1760 2354 στρατοπε·
1798 2300 1866 2350 45

100 2363 343 2441 δἐυομένῳ
369 2373 422 2423 ἐν
447 2372 735 2441 Μακεδονίῃ
767 2370 940 2424 νυκτὸς
965 2371 1146 2438 Βρύγοι
1173 2369 1388 2438 Θρήικες
1413 2372 1760 2438 ἐπεχείρησαν·

101 2455 184 2506 καί
228 2462 404 2528 σφεων
452 2455 672 2508 πολλοὺς
721 2455 992 2522 φονεύουσι
1038 2458 1085 2507 οἱ
1134 2454 1332 2522 Βρύγοι,
1382 2455 1667 2522 Μαρδόνιόν
1711 2476 1765 2507 τε

151 2606 177 2644 5
225 2594 383 2635 πολλὸν
422 2591 472 2631 C¹
490 2594 540 2646 (2)
559 2607 569 2632 ε
616 2596 785 2635 πολλῶν
810 2592 911 2632 rell.
1132 2594 1159 2631 6
1206 2594 1361 2634 πολλὸς
1399 2592 1572 2645 στρατός
1610 2591 1649 2630 Α
1672 2592 1706 2630 Β
1730 2594 1763 2631 C

98 2648 124 2686 8
153 2646 387 2702 Ἐρέτρειαν
406 2646 494 2702 ΑΒ
510 2648 544 2687 C
742 2660 791 2686 10
821 2646 1004 2688 δύναιντο
1034 2646 1073 2685 Α
1087 2647 1121 2685 Β
1139 2647 1172 2686 C
1193 2685 1197 2689 ,
1370 2659 1417 2696 14
1447 2646 1497 2694 ἧν
1523 2649 1598 2695 ἤδη
1624 2646 1662 2684 Α
1679 2647 1712 2685 Β
1730 2647 1763 2686 C

103 2715 150 2752 17
173 2702 281 2744 Ἀθω
302 2703 395 2743 R·V
533 2700 778 2756 περιέβαλον
800 2702 838 2740 R
854 2701 885 2741 S
898 2701 936 2740 V
1104 2702 1153 2740 18
1183 2705 1328 2755 βορρῆς
1348 2700 1386 2739 Α
1401 2701 1436 2739 Β
1570 2702 1761 2754 περίεσπε

99 2757 134 2796 C
149 2757 189 2796 R
203 2757 267 2797 V:
297 2755 512 2812 περιέσπεε
531 2757 571 2796 Α
592 2771 602 2796 t
630 2756 844 2811 περιέπεσε
868 2758 899 2796 S
1068 2769 1117 2807 19
1147 2757 1337 2804 ἐκβαλὼν
1358 2756 1396 2794 R
1413 2758 1442 2797 S
1456 2756 1494 2794 V
1604 2769 1658 2795 20
1685 2759 1763 2808 γὰρ
1965 2759 1984 2782 ἃ

98 2814 204 2855 κατὰ
224 2812 255 2852 S
273 2827 282 2852 τ
310 2813 390 2865 γὰρ
412 2811 454 2851 Α
468 2812 503 2851 Β
521 2813 554 2852 C
570 2811 625 2851 P:
656 2814 759 2853 κατὰ
781 2811 820 2850 R
834 2810 872 2849 V
1090 2823 1143 2860 23
1172 2813 1210 2852 οἱ
1229 2810 1273 2852 δὲ
1291 2841 1299 2849 .
1317 2839 1327 2849 .
1347 2840 1356 2849 .
1378 2810 1643 2863 ἀρασσόμενοι
1666 2817 1762 2860 post

99 2866 370 2920 διεφθείροντο
391 2867 483 2920 (25)
506 2866 546 2905 R
562 2867 644 2906 SV
862 2879 914 2915 24
945 2866 982 2906 οἳ
1004 2865 1186 2905 Reiske:
1218 2867 1254 2906 οἷ
1276 2865 1309 2903 L
1327 2908 1331 2911 ,
1454 2864 1606 2906 αὐτέων
1628 2865 1666 2903 R
1681 2865 1762 2904 SV

39 2931 51 2936 “
99 2924 182 2962 νεῖν
202 2921 371 2961 ABCz
402 2921 594 2972 νέμεινν
706 2924 839 2963 ἐπιστ.
866 2919 1099 2960 CPRSV
1209 2932 1261 2969 25
1292 2918 1347 2970 οἱ]
1370 2923 1391 2961 ὁ
1413 2920 1446 2959 C
1558 2921 1611 2958 28
1641 2926 1693 2961 M.
1714 2937 1760 2961 τε

100 2974 214 3017 RV:
246 2983 298 3018 Μ.
324 2975 599 3018 δὲΑΒΟΡε
629 2977 694 3018 καὶ
717 2983 769 3018 Μ.
794 2976 824 3016 S
