2132 3340
41 28 185 97 VIII.
214 59 302 107 123

967 45 1446 114 ΗΡοΔοΤονγ

213 191 306 242 124
340 173 521 240 ρείοισι
565 172 943 240 ὑπερεβάλλετο
988 174 1200 227 πολλόν.
1288 173 1344 226 οὗ
1391 173 1715 241 βουλομένων
1759 178 1814 229 δὲ
1855 177 2010 231 ταῦτα

0 346 312 414 nuqua*

124 416 210 469 Ἥ
235 438 247 447 ,

275 527 300 559 2

209 1366 299 1418 125

194 2196 286 2242 126

342 258 524 323 κρίνειν
555 262 652 309 τῶν
675 256 939 322 Ἑλλήνων
962 259 1151 329 φθόνῳ,
1178 257 1295 310 ἀλλ’
1318 259 1673 312 ἀποπλεόντων
1703 259 1927 313 ἑκάστων
1957 264 2008 318 ἐς

339 340 430 406 τὴν
471 344 664 393 ἑωυτῶν
709 343 938 414 ἀκρέτων,
982 343 1123 408 ὅμως
1156 343 1538 409 Θεμιστοκλέης
1581 344 1788 410 ἐβώσθη
1829 366 1885 399 τε
1927 346 2008 398 καὶ
2062 334 2073 339 ”

341 423 558 490 ἐδοξώθη
584 424 711 478 εἶναι
740 425 864 493 ἀνὴρ
887 426 1082 480 πολλὸν
1106 425 1370 490 Ἑλλήνων
1394 428 1690 496 σοφώτατος
1720 429 1814 481 ἀνὰ
1837 432 2011 483 πᾶσαν

340 508 430 573 τὴν
477 508 720 562 Ἑλλάδα.
808 511 884 563 ὅτι
935 513 989 564 δὲ
1040 516 1189 565 νικῶν
1237 511 1324 563 οὐκ
1377 511 1580 578 ἐτιμήθη
1631 511 1753 579 πρὸς
1801 518 1900 566 τῶν
1952 516 2006 566 ἐν
2031 540 2053 581 5

341 597 590 659 Σαλαμῖνι
630 593 1078 663 ναυμαχησάντων,
1117 595 1291 648 αὐτίκα
1327 598 1452 663 μετὰ
1488 601 1640 648 ταῦτα
1679 598 1730 651 ἐς
1765 600 2005 651 Λακεδαί-
2049 597 2052 601 ’

337 699 467 743 μονα
489 679 691 731 ἀπίκετο
717 678 878 731 θέλων
901 683 1183 745 τιμηθῆναι·
1231 682 1316 732 καί
1331 702 1417 746 μιν
1439 682 1818 746 Λακεδαιμόνιοι
1842 688 2027 743 καλῶςἱ

336 764 428 827 μὲν
466 762 783 828 ὑπεδέξαντο,
820 763 1053 831 μεγάλως
1089 767 1143 818 δὲ
1181 766 1438 830 ἐτίμησαν.
1524 763 1759 831 ἀριστήια
1791 765 1884 831 μέν
1917 788 2005 820 νυν

338 847 522 899 ἔδοσαν
561 847 846 919 Εὐρυβιάδῃ
886 849 1058 913 ἐλαίης
1095 847 1368 916 στέφανον,
1409 850 1595 917 σοφίης
1630 851 1683 901 δὲ
1725 850 1804 902 καὶ
1844 849 2000 916 δεξιό-

337 952 482 996 τητος
528 931 886 997 Θεμιστοκλέῖ,
937 932 1016 985 καὶ
1064 933 1220 1003 τούτῳ
1268 932 1525 1001 στέφανον
1571 934 1759 999 ἐλαίης·
1820 933 2000 1002 ἐδωρή-
2031 956 2081 987 10

338 1015 497 1067 σαντό
518 1014 574 1067 τέ
602 1037 687 1080 μιν
710 1017 813 1085 ὄχῳ
843 1021 911 1087 τῷ
943 1018 996 1068 ἐν
1020 1016 1225 1089 Σπάρτῃ
1251 1018 1644 1070 καλλιστεύοντι.
1714 1017 2005 1074 αἰνέσαντες

335 1101 388 1151 δὲ
441 1098 628 1156 πολλά,
680 1099 1012 1168 προέπεμψαν
1063 1102 1274 1154 ἀπιόντα
1330 1103 1605 1169 τριηκόσιοι
1655 1101 2003 1169 Σπαρτιητέων

333 1182 563 1251 λογάδες,
604 1183 739 1237 οὗτοι
778 1185 832 1237 οἵ
864 1206 960 1252 περ·
992 1184 1165 1239 ἱππέες
1208 1185 1485 1245 καλέονται,
1521 1185 1671 1254 μέχρι
1709 1187 1868 1254 οὔρων
1901 1193 2001 1240 τῶν

333 1271 664 1335 Τεγεητικῶν.
734 1272 919 1334 μοῦνον
943 1269 999 1334 δὴ
1024 1275 1200 1323 τοῦτον
1223 1269 1423 1323 πάντων
1446 1271 1720 1338 ἀνθρώπων
1741 1276 1839 1324 τῶν
1861 1271 2002 1337 ἡμεῖς

332 1353 473 1417 ἴδμεν
503 1355 806 1420 Σπαρτιῆται
837 1353 1184 1422 προέπεμψαν.
1258 1355 1322 1408 ὡς
1354 1357 1406 1407 δὲ
1435 1356 1490 1407 ἐκ
1517 1358 1606 1420 τῆς
1634 1357 2001 1422 Λακεδαίμονος
2027 1377 2074 1418 15

334 1437 537 1489 ἀπίκετο
567 1438 618 1491 ἐς
648 1439 736 1492 τὰς
759 1436 990 1503 Ἀθήνας,
1023 1439 1234 1491 ἐνθαῦτα
1263 1440 1546 1506 Τιμόδημος
1569 1438 1875 1507 Ἀφιδναῖος,
1899 1445 1998 1493 τῶν

332 1522 526 1588 ἐχθρῶν
558 1523 652 1588 μὲν
685 1526 784 1575 τῶν
816 1522 1193 1588 Θεμιστοκλέος
1230 1524 1340 1582 ἐών,
1371 1523 1541 1578 ἄλλως
1577 1526 1630 1576 δὲ
1666 1523 1724 1575 οὗ
1756 1528 1855 1576 τῶν
1890 1525 1995 1577 ἐπι-

332 1604 534 1671 φανέων
585 1606 791 1674 ἀνδρῶν,
842 1606 1014 1677 φθόνῳ
1068 1606 1421 1675 καταμαργέων
1473 1608 1656 1661 ἐνείκεε
1709 1607 1791 1660 τὸν
1837 1611 1995 1675 Θεμι-

332 1689 566 1749 στοκλέα,
598 1690 689 1756 τὴν
720 1691 772 1744 ἐς
800 1691 1148 1757 Λακεδαίμονα
1182 1691 1351 1757 ἄπιξιν
1381 1691 1663 1760 προφέρων,
1696 1692 1761 1746 ὡς
1796 1694 1876 1745 διὰ
1897 1694 1998 1749 «τὰς

330 1772 545 1839 Ἀθήνας
579 1774 688 1842 ἔχοι
718 1776 780 1826 τὰ
809 1773 958 1842 γέρεα
985 1777 1047 1827 τὰ
1078 1778 1209 1842 παρὰ
1240 1777 1659 1841 Λακεδαιμονίων,
1693 1776 1810 1828 ἀλλ’
1841 1776 1898 1828 οὗ
1933 1777 1996 1829 δι’
2023 1797 2073 1825 20

329 1859 528 1912 ἑωυτόν.
603 1860 643 1923 ,ὁ
687 1857 756 1918 δέ,
801 1861 962 1911 ἐπείτε
1001 1858 1088 1911 οὐκ
1131 1860 1339 1912 ἐπαύετο
1378 1859 1544 1927 λέγων
1582 1864 1734 1913 ταῦτα
1774 1861 1801 1911 ὁ
1837 1862 1992 1927 Τιμό-

329 1946 498 2008 δημος,
541 1942 664 1996 εἶπε·
710 1943 854 1995 Οὕτω
900 1943 1008 2012 ἔχει
1048 1964 1139 1996 τοι·
1185 1943 1284 1996 οὔτ’
1323 1942 1385 1996 ἂν
1425 1945 1524 2011 ἐγὼ
1564 1945 1659 1996 ἐὼν
1696 1946 1994 2011 Βελβινίτης

329 2025 564 2092 ἐτιμήθην
592 2028 718 2080 οὕτω
748 2026 870 2094 πρὸς
901 2027 1267 2095 Σπαρτιητέων,
1294 2027 1394 2080 οὔτ’
1417 2028 1478 2080 ἂν
1510 2029 1590 2088 σύ,
1623 2028 1873 2096 ὤνθρωπε,
1898 2029 1993 2082 ἐὼν

329 2110 606 2175 Ἀθηναῖος.

410 2199 582 2248 Ταῦτα
624 2194 717 2262 μέν
760 2217 848 2248 νυν
889 2197 939 2250 ἐς
984 2200 1222 2249 τοσοῦτον
1262 2195 1477 2264 ἐγένετο,
1518 2195 1829 2263 Ἀρτάβαζος
1870 2198 1925 2250 δὲ
1965 2198 1993 2248 ὁ
2019 2216 2066 2256 ²5

329 2278 633 2346 Φαρνάκεος,
660 2279 784 2347 ἀνὴρ
810 2281 863 2332 ἐν
886 2278 1120 2351 Πέρσῃσι
1150 2281 1359 2348 λόγιμος
1389 2281 1468 2332 καὶ
1496 2281 1687 2348 πρόσθε
1716 2281 1828 2341 ἐών,
1854 2282 1909 2333 ἐκ
1937 2283 1991 2334 δὲ

328 2368 428 2415 τῶν
452 2368 771 2417 Πλαταιικῶν
796 2363 875 2415 καὶ
897 2367 1094 2430 μᾶλλον
1118 2363 1191 2416 ἔτι
1213 2365 1493 2431 γενόμενος,
1520 2364 1651 2432 ἔχων
1675 2364 1733 2430 ἓξ
1743 2433 1747 2437 ᾖ
1756 2364 1991 2434 μυριάδας

390 2515 408 2542 1
441 2501 696 2557 ὑπερέβαλλε
714 2501 754 2540 R
770 2501 800 2541 S
812 2502 852 2540 V
962 2515 987 2541 2
1013 2510 1138 2543 ·πλω-
1156 2502 1196 2540 R
1211 2501 1241 2541 S
1254 2502 1293 2541 V
1402 2515 1428 2552 3
1459 2503 1607 2552 ἐβοὴθη
1624 2502 1658 2541 C
1767 2516 1793 2552 4
1822 2507 1990 2545 πολλῶν

332 2556 417 2596 BC
580 2558 607 2595 8
648 2557 896 2608 ἐτιμήθησαν
931 2556 965 2595 C
1129 2570 1157 2608 9
1199 2557 1344 2599 ἔδοσαν
1372 2556 1576 2611 (ἀνδρηίης
1603 2555 1697 2611 μὲν)
1726 2557 1860 2596 Cobet
1889 2557 1984 2597 coll.
2054 2581 2060 2586 ·

331 2610 442 2652 Plut.
481 2611 632 2651 Them.
682 2624 729 2660 17
966 2623 1012 2649 11
1058 2610 1105 2652 δέ
1142 2612 1176 2650 C
1199 2611 1232 2650 P
1397 2611 1745 2653 καλλιστεύσαντι
1782 2611 1822 2650 Α
1843 2612 1877 2650 Β
1899 2611 1933 2650 C
1956 2611 1991 2650 P

335 2678 384 2705 12
413 2665 576 2707 ἀνιόντα
593 2666 627 2704 Ρ
751 2678 800 2714 14
829 2664 984 2706 τούτων
1008 2666 1045 2704 R
1174 2667 1224 2705 16
1251 2666 1456 2716 Ἀθηναῖος
1477 2666 1517 2704 R
1532 2666 1615 2705 SV
1738 2679 1785 2716 17
1817 2665 1891 2711 μὲν
1904 2679 1988 2707 om.

332 2719 373 2758 R
388 2719 472 2760 SV
686 2721 734 2758 18
763 2721 915 2774 ἀνδρῶν
938 2720 977 2758 R
998 2732 1169 2770 quoque
1334 2719 1651 2773 καταμαρπτέων
1675 2719 1715 2759 Α
1729 2720 1764 2759 Β
1778 2720 1812 2759 C
1831 2737 1896 2774 γρ.
1922 2719 1989 2758 P¹¹¹

334 2779 385 2825 1'9
417 2773 604 2828 Σπάρτην
636 2773 775 2813 RSV
937 2787 993 2813 20
1026 2775 1113 2826 ἔχει
1144 2775 1175 2815 S
1341 2788 1390 2814 21
1423 2779 1581 2816 ἑωυτῶν
1611 2774 1646 2813 Β
1811 2787 1864 2825 23
1893 2776 1988 2815 οὔτε

331 2829 384 2920 ‹al-³15
402 2828 440 2866 R
457 2828 487 2868 S
500 2829 538 2867 V
684 2840 736 2878 25
766 2845 835 2870 νυν
860 2841 941 2868 om.
965 2828 1006 2867 A
1018 2829 1052 2868 B
1067 2829 1102 2868 C
1214 2831 1387 2870 τοσοῦτο
1407 2829 1446 2867 A
1461 2828 1495 2883 Β
1508 2829 1542 2867 C
1555 2829 1589 2868 P
1735 2830 1789 2868 26
1815 2828 1988 2884 πρόσθεν
