2132 3340
74 118 187 166 vn.
213 130 286 178 49
944 113 1374 163 HPOAOTOT

259 263 285 295 2
322 250 476 299 ταῦτα
517 245 626 298 ἐστὶ
662 250 726 314 γῆ
763 268 817 298 τε
859 246 938 298 καὶ
975 244 1229 297 θάλασσα.
1317 246 1428 298 οὔτε
1466 247 1558 314 γὰρ
1594 249 1683 312 τῆς
1723 245 1987 313 θαλάσσης

322 331 433 383 ἔστι
463 330 615 396 λιμὴν
637 336 884 384 τοσοῦτος·
907 330 1155 395 οὐδαμόθι,
1183 330 1248 384 ὡς
1279 331 1377 397 ἐγὼ
1409 330 1597 395 εἰκάζω,
1623 332 1764 385 ὅστις
1794 333 1982 398 ἐγειρο-

320 415 472 481 μένου
501 419 744 483 χειμῶνος
774 413 1038 480 δεξάμενός
1070 436 1160 466 σευ
1190 419 1333 466 τοῦτο
1363 414 1420 466 τὸ
1451 415 1678 467 ναυτικὸν
1708 414 1986 483 φερέγγυος

323 500 467 552 ἔσται
497 503 746 551 διασῶσαι
775 501 863 553 τὰς
899 498 1029 553 νέας.
1119 501 1275 551 καίτοι
1304 498 1409 552 οὐκὶ
1445 499 1532 551 ἕνα
1568 498 1716 574 αὐτὸν
1746 503 1824 552 δεῖ
1858 499 1986 553 εἶναι

323 582 426 651 [τὸν
454 573 684 650 ”λιμένα],
729 585 863 635 ἀλλὰ
906 586 1038 650 παρὰ
1082 587 1253 636 πᾶσαν
1296 605 1388 648 την
1428 605 1632 652 ηπειρον
1671 584 1785 651 παρ’
1824 583 1886 650 ἢν
1925 582 1984 650 δὴ
2009 612 2033 654 5

0 681 243 747 Qu]
247 687 287 731 3
325 669 558 734 κομίζεαι.
647 668 734 719 οὐκ
770 666 837 719 ὠν
868 667 924 732 δὴ
958 669 1142 720 ἐόντων
1177 690 1254 720 τοι
1288 667 1506 734 λιμένων
1535 667 1826 737 ὑποδεξίων,
1859 665 1987 735 μάθε

145 743 266 783 “¹²¹‘'
323 755 399 805 ὅτι
429 755 479 805 αἱ
511 753 767 820 συμφοραὶ
796 757 895 805 τῶν
926 752 1198 819 ἀνθρώπων
1229 751 1442 820 ἄρχουσι
1480 752 1558 805 καὶ
1593 752 1699 804 οὐκὶ
1728 753 1986 821 ὥνθρωποι

322 843 421 889 τῶν
453 836 769 904 συμφορέων.
859 837 937 888 καὶ
974 836 1032 901 δὴ
1063 842 1161 889 τῶν
1191 838 1276 888 δύο
1306 859 1382 889 τοι
1409 836 1693 909 τοῦἑτέρου
1730 837 1986 904 εἰρημένου

258 944 287 987 4
322 921 378 973 τὸ
417 922 585 988 ἕτερον
623 921 832 989 ἔρχομαι
871 920 1038 988 ε’ρέων.
1126 924 1189 988 γῆ
1231 921 1288 986 δὴ
1326 922 1539 987 πολεμίη
1576 920 1691 994 τῇδέ
1732 943 1808 974 τοι
1850 923 1983 975 κατί-
2050 982 2055 989 .

323 1028 516 1058 σταται·
564 1007 606 1057 εἰ
631 1004 767 1057 θέλει
790 1027 866 1057 τοι
888 1008 1041 1071 μηδὲν
1066 1004 1295 1070 ἀντίξοον
1322 1009 1640 1070 καταστῆναι,
1666 1007 1886 1076 τοσούτῳ
1910 1029 1986 1079 τοι
2015 1031 2064 1060 10

183 1092 511 1199 ..φγίνεται
543 1089 882 1157 πολεμιωτέρη
909 1091 1012 1160 ὅσῳ
1043 1089 1105 1141 ἂν
1128 1091 1407 1162 προβαίνῃς
1438 1089 1705 1157 ἑκαστέρω,
1731 1090 1788 1142 τὸ
1811 1091 1984 1158 πρόσω

0 1151 288 1293 2533
320 1175 417 1228 αἰεὶ
321 1176 792 1250 κλεπτόμενος·
841 1173 1105 1240 εὐπρηξίης
1129 1177 1182 1226 δὲ
1206 1175 1292 1226 οὐκ
1323 1175 1432 1227 ἔστι
1454 1175 1761 1242 ἀνθρώποισι
1784 1176 1985 1240 οὐδεμία

220 1274 292 1328 5
322 1260 576 1326 πληθώρη.
662 1259 740 1310 καὶ
771 1257 829 1323 δή
860 1280 952 1318 τοι,
987 1259 1051 1312 ὡς
1082 1257 1331 1313 οὐδενὸς’
1310 1257 1696 1324 εναντιευμένου,
1728 1258 1863 1326 λέγω
1894 1280 1984 1324 την

0 1332 302 1425 xum
361 1344 490 1410 ὥρην
521 1347 711 1396 πλεῦνα
746 1364 802 1405 §R
837 1341 1012 1402 πλέονι
1047 1343 1211 1413 χρόνῳ
1247 1342 1513 1410 γινομένην
1548 1342 1697 1409 λιμὸν
1735 1341 1983 1408 τέξεσθαι.

0 1434 146 1520 f*
96 1410 297 1455 “ma
245 1427 446 1498 αἀνὴρ
469 1431 522 1480 δὲ
553 1429 680 1479 οὕτω
711 1427 772 1479 ἂν
803 1429 877 1492 ε’ίη
901 1426 1121 1494 ἄριστος,
1148 1429 1191 1479 εἰ
1220 1428 1588 1493 βουλευόμενος
1616 1430 1707 1492 μὲν
1730 1426 1982 1494 ἀρρωδέοι,
2013 1452 2026 1480 ι
2036 1451 2059 1492 5

252 1534 265 1549 ·
321 1516 420 1565 πᾶν
452 1513 806 1579 ἐπιλεγόμενος
842 1512 1110 1564 πείσεσθαι
1144 1533 1327 1580 χρημα,
1361 1513 1415 1563 ἐν
1446 1514 1500 1563 δὲ
1535 1516 1601 1581 τῷ
1639 1511 1766 1582 ἔργῳ
1799 1511 1986 1579 θρασὺς

216 1612 284 1662 50
321 1599 412 1661 εἵη.
480 1597 742 1661 ἀμείβεται
767 1594 960 1662 Ξέρξης
989 1597 1196 1648 τοισίδε·
1241 1595 1537 1663 Ἀρτάβανε,
1570 1595 1770 1650 οἰκότως
1799 1598 1890 1661 μὲν
1920 1595 1987 1647 σύ

320 1703 379 1748 γε
419 1681 606 1733 τούτων
648 1680 839 1732 ἕκαστα
879 1679 1102 1747 διαιρέαι,
1142 1682 1265 1748 ἀτὰρ
1305 1679 1429 1746 μήτε
1463 1680 1625 1733 πάντα
1662 1679 1826 1747 φοβέο
1860 1678 1985 1746 μήτε

321 1769 421 1818 πᾶν
452 1766 630 1831 ὁμοίως
662 1763 910 1832 ἐπιλέγεο.
979 1767 1021 1817 εἰ
1046 1767 1139 1832 γὰρ
1164 1765 1222 1829 δὴ
1254 1765 1467 1830 βούλοιο
1497 1765 1578 1817 ἐπὶ
1607 1770 1674 1835 τῷ
1706 1765 1801 1817 αἰεὶ
1830 1766 1981 1816 ἐπεσ-

0 1864 223 1936 υνηνῑοωι.
323 1849 582 1920 φερομένῳ
619 1848 869 1917 πρήγματι
904 1849 1096 1918 ‘rb-,2612
1133 1850 1311 1915 ὁμοίως
1352 1848 1693 1916 ἐπιλέγεσθαι,
1725 1847 1985 1913 ποιήσειας
2011 1873 2062 1901 20

321 1934 383 1987 ἂν
413 1935 603 2000 οὐδαμὰ
639 1933 796 1986 οὐδέν·
845 1933 1064 2001 κρέσσον
1103 1936 1157 1986 δὲ
1193 1933 1355 1986 πάντα
1391 1933 1668 2000 θαρσέοντα
1700 1934 1856 1999 ἥμισυ
1885 1938 1984 1985 τῶν

321 2023 494 2071 δεινῶν
518 2018 737 2086 πάσχειν
759 2022 957 2084 μᾶλλον
979 2014 1009 2082 ἢ
1035 2022 1133 2071 πᾶν
1163 2021 1330 2086 χρῆμα
1355 2019 1764 2085 προδειμαίνοντα
1786 2019 1984 2082 μηδαμὰ

257 2123 282 2155 2
319 2106 474 2169 μηδὲν
503 2107 696 2156 παθεῖν.
786 2104 827 2154 εἰ
865 2105 917 2154 δὲ
955 2103 1126 2170 ἐρίζων
1156 2102 1278 2170 πρὸς
1308 2105 1406 2153 πᾶν
1435 2106 1491 2153 τὸ
1525 2103 1800 2169 λεγόμενον
1829 2100 1895 2167 μὴ
1926 2100 1984 2152 τὸ

321 2187 541 2253 βέβαιον
573 2185 847 2251 ἀποδέξεις,
875 2186 1207 2254 σφάλλεσθαι
1236 2188 1461 2253 ὀφείλεις
1492 2187 1544 2238 ἐν
1576 2186 1772 2238 αὐτοῖσι
1803 2185 1984 2251 ὁμοίως

324 2272 402 2323 καὶ
440 2273 466 2322 ὁ
500 2272 769 2323 ὑπεναντία
807 2271 1031 2322 τούτοισι
1068 2270 1236 2335 λέξας.
1324 2275 1469 2322 τοῦτο
1506 2269 1597 2335 μέν
1633 2291 1719 2322 νυν
1755 2269 1833 2322 ἐπ’
1868 2271 1984 2334 ἴσης
2010 2293 2058 2334 ²5

322 2357 445 2424 ἔχει·
493 2354 675 2408 εἰδέναι
699 2357 751 2407 δὲ
775 2354 1035 2421 ἄνθρωπον
1057 2356 1206 2406 ἐόντα
1230 2359 1323 2408 κῶς
1347 2354 1441 2422 χρὴ
1465 2359 1520 2405 τὸ
1543 2353 1784 2420 βέβαιον,·
1830 2352 1982 2404 δοκέω

376 2507 402 2533 2
430 2496 612 2534 τοιοῦτος
635 2493 669 2531 R
687 2492 769 2532 SV
952 2505 977 2541 4
1007 2493 1099 2544 οὐχὶ
1123 2491 1239 2533 ἕνεκα
1263 2490 1396 2531 RVS
1419 2491 1584 2541 (ἕνάκη)
1713 2494 1778 2532 δεῖ
1793 2490 1983 2544 γενέσθαι

322 2550 362 2588 R
379 2549 409 2588 S
423 2549 461 2588 V
653 2559 677 2597 5
707 2548 781 2588 τὸν
800 2546 945 2598 λιμένα
965 2547 1047 2586 del.
1076 2547 1278 2596 Krueger
1411 2547 1518 2600 παρὰ
1539 2559 1620 2587 om.
1649 2547 1686 2585 R
1704 2546 1734 2584 S
1747 2547 1784 2585 V
1922 2549 1988 2587 δεῖ

320 2604 483 2655 κομίσαι
506 2603 546 2641 R
562 2602 591 2640 S
606 2602 643 2640 V
807 2603 834 2639 6
865 2603 912 2650 δὴ
938 2601 976 2639 R
1001 2614 1170 2652 quoque
1349 2614 1371 2650 7
1401 2603 1490 2651 οὐχὶ
1512 2601 1551 2639 Α
1566 2601 1600 2638 Β
1617 2600 1650 2639 C
1667 2601 1722 2639 P:
1753 2603 1824 2641 οὐκ
1847 2600 1885 2639 R
1901 2600 1983 2639 SV

320 2673 348 2709 9
376 2660 424 2708 δὴ
447 2658 503 2697 S:
535 2657 580 2698 δὲ
601 2657 691 2704 rell.
804 2661 890 2698 καθ.
919 2655 1008 2693 RV
1134 2669 1184 2695 10
1213 2656 1320 2697 θέλει
1341 2656 1498 2694 ACP:
1531 2656 1662 2696 ἐθέλει
1686 2655 1725 2693 R
1746 2669 1755 2693 ε
1785 2654 1894 2695 θέλοι
1918 2655 1952 2692 Β
1973 2669 1982 2693 :

323 2713 455 2754 ἐθέλοι
477 2712 508 2751 S
522 2713 559 2751 V
670 2710 854 2762 ἆντίζοον
875 2711 910 2749 Β
925 2711 966 2749 R
979 2710 1017 2748 V
1158 2723 1175 2749 1
1186 2723 1203 2749 1
1237 2712 1334 2751 ὅσον
1357 2710 1396 2748 R
1411 2711 1441 2749 S
1454 2710 1493 2749 V
1603 2709 1776 2762 ἑκατέρω
1799 2709 1832 2747 C
1848 2709 1886 2746 R
1901 2708 1931 2747 S
1943 2709 1982 2747 V

325 2781 375 2806 12
416 2767 460 2808 δὲ
483 2767 621 2806 RSV
650 2766 771 2805 Stob.
806 2767 896 2805 flor.
928 2777 994 2815 54,
1026 2776 1109 2814 31:
1150 2767 1228 2819 γὰρ
1255 2764 1441 2809 ABCP
1615 2777 1663 2814 13
1706 2764 1776 2815 ὡς]
1806 2777 1858 2802 an
1890 2764 1982 2804 καὶῒ

323 2821 627 2873 ἐναντιουμένου
675 2822 712 2860 R
731 2821 762 2860 S
778 2821 816 2860 V
1040 2833 1088 2869 14
1136 2823 1279 2861 πλεῦνι
1321 2820 1439 2859 Stob.
1671 2832 1716 2868 17
1764 2822 1904 2859 τοῖσδε
1947 2818 1981 2856 L

326 2878 377 2915 18
406 2875 590 2930 διαιρέεαι
612 2875 653 2915 Α
668 2876 702 2914 Β
718 2875 752 2914 C
767 2875 801 2914 P
931 2873 1070 2927 φοβέω
1092 2874 1125 2913 C
1148 2877 1252 2928 (non
1278 2875 1339 2924 R)
1535 2886 1585 2922 19
1615 2876 1818 2926 ἐπεισφερ.
1844 2873 1883 2911 R
1899 2872 1929 2912 S
1943 2872 1982 2911 V

323 2943 377 2981 23
403 2934 532 2972 ποιεῖν
555 2931 755 2979 Krueger
847 2931 896 2970 τὸ
917 2932 997 2970 πᾶν
1015 2930 1064 2970 τὸ
1084 2929 1118 2968 C
1202 2930 1257 2982 μὴ
1278 2928 1348 2981 τὸ]
1371 2929 1476 2981 μήτε
1496 2928 1536 2968 Α
1550 2927 1584 2967 Β
1601 2927 1635 2967 C
1755 2941 1806 2977 24
1837 2925 1980 2968 ἇποδέ·

323 2987 447 3040 ξη<ι)ς
468 2986 502 3025 C
517 2986 550 3024 P
564 2985 603 3024 R
620 2986 649 3024 S
661 2986 700 3024 V
865 2986 919 3022 26
946 2988 1075 3026 κακῶς
1098 2984 1135 3022 R
1151 2983 1190 3023 V
