<?xml version="1.0" encoding="UTF-8"?>
<!DOCTYPE html PUBLIC "-//W3C//DTD XHTML 1.0 Transitional//EN"
    "http://www.w3.org/TR/xhtml1/DTD/xhtml1-transitional.dtd">
<html xmlns="http://www.w3.org/1999/xhtml" xml:lang="en" lang="en">
 <head>
  <title>
</title>
<meta http-equiv="Content-Type" content="text/html;charset=utf-8" />
  <meta name='ocr-system' content='tesseract 3.04.00' />
  <meta name='ocr-capabilities' content='ocr_page ocr_carea ocr_par ocr_line ocrx_word'/>
</head>
<body>
  <div class='ocr_page' id='page_1' title='image "./herodotihistoria02herouoft_0073.png"; bbox 0 0 2086 3328; ppageno 0'>
   <div class='ocr_carea' id='block_1_1' title="bbox 686 122 1974 198">
    <p class='ocr_par' dir='ltr' id='par_1_1' title="bbox 686 122 1974 198">
     <span class='ocr_line' id='line_1_1' title="bbox 686 122 1974 198; baseline 0.004 -28"><span class='ocrx_word' id='word_1_1' title='bbox 686 122 1065 171; x_wconf 79' lang='grc' dir='ltr'>ΙΣΤΟΡΙΩΝ</span> <span class='ocrx_word' id='word_1_2' title='bbox 1128 123 1168 171; x_wconf 82' lang='grc' dir='ltr'>Ε</span> <span class='ocrx_word' id='word_1_3' title='bbox 1360 196 1363 198; x_wconf 11' lang='lat' dir='ltr'>v</span> <span class='ocrx_word' id='word_1_4' title='bbox 1801 125 1862 175; x_wconf 89' lang='lat' dir='ltr'>V.</span> <span class='ocrx_word' id='word_1_5' title='bbox 1893 128 1974 175; x_wconf 87' lang='lat'>118</span> 
     </span>
    </p>
   </div>
   <div class='ocr_carea' id='block_1_2' title="bbox 26 254 2086 1339">
    <p class='ocr_par' dir='ltr' id='par_1_2' title="bbox 26 254 2086 1339">
     <span class='ocr_line' id='line_1_2' title="bbox 94 254 1763 322; baseline -0.001 -14"><span class='ocrx_word' id='word_1_6' title='bbox 94 260 194 308; x_wconf 83' lang='grc' dir='ltr'>τῶν</span> <span class='ocrx_word' id='word_1_7' title='bbox 233 258 411 321; x_wconf 85' lang='grc' dir='ltr'>Καρῶν</span> <span class='ocrx_word' id='word_1_8' title='bbox 447 255 660 306; x_wconf 82' lang='grc' dir='ltr'>ἐνθαῦτα</span> <span class='ocrx_word' id='word_1_9' title='bbox 696 254 920 322; x_wconf 90' lang='grc' dir='ltr'>ἐγίνοντο</span> <span class='ocrx_word' id='word_1_10' title='bbox 955 256 1140 320; x_wconf 88' lang='grc' dir='ltr'>βουλαὶ</span> <span class='ocrx_word' id='word_1_11' title='bbox 1177 254 1331 307; x_wconf 87' lang='grc' dir='ltr'>ἄλλαι</span> <span class='ocrx_word' id='word_1_12' title='bbox 1367 278 1422 309; x_wconf 90' lang='grc' dir='ltr'>τε</span> <span class='ocrx_word' id='word_1_13' title='bbox 1458 256 1646 309; x_wconf 89' lang='grc' dir='ltr'>πολλαὶ</span> <span class='ocrx_word' id='word_1_14' title='bbox 1684 258 1763 308; x_wconf 89' lang='grc' dir='ltr'>καὶ</span> 
     </span>
     <span class='ocr_line' id='line_1_3' title="bbox 96 337 1920 407; baseline 0 -14"><span class='ocrx_word' id='word_1_15' title='bbox 96 341 273 407; x_wconf 79' lang='grc' dir='ltr'>ἀρίστη</span> <span class='ocrx_word' id='word_1_16' title='bbox 314 361 375 406; x_wconf 93' lang='grc' dir='ltr'>γε</span> <span class='ocrx_word' id='word_1_17' title='bbox 417 337 662 390; x_wconf 85' lang='grc' dir='ltr'>δοκέουσα</span> <span class='ocrx_word' id='word_1_18' title='bbox 700 339 826 391; x_wconf 76' lang='grc' dir='ltr'>εἶναι</span> <span class='ocrx_word' id='word_1_19' title='bbox 866 340 974 405; x_wconf 86' lang='grc' dir='ltr'>ἐμοὶ</span> <span class='ocrx_word' id='word_1_20' title='bbox 1016 338 1308 406; x_wconf 82' lang='grc' dir='ltr'>Πιξωδάρου</span> <span class='ocrx_word' id='word_1_21' title='bbox 1347 345 1433 392; x_wconf 84' lang='grc' dir='ltr'>τοῦ</span> <span class='ocrx_word' id='word_1_22' title='bbox 1474 340 1764 393; x_wconf 84' lang='grc' dir='ltr'>Μαυσώλου</span> <span class='ocrx_word' id='word_1_23' title='bbox 1918 404 1920 406; x_wconf 12' lang='lat' dir='ltr'>V</span> 
     </span>
     <span class='ocr_line' id='line_1_4' title="bbox 96 421 2086 499; baseline 0 -23"><span class='ocrx_word' id='word_1_24' title='bbox 96 423 273 491; x_wconf 85' lang='grc' dir='ltr'>ἀνδρὸς</span> <span class='ocrx_word' id='word_1_25' title='bbox 303 421 553 489; x_wconf 69' lang='grc' dir='ltr'>Κινδ-υέος,</span> <span class='ocrx_word' id='word_1_26' title='bbox 587 421 642 476; x_wconf 80' lang='grc' dir='ltr'>ὃς</span> <span class='ocrx_word' id='word_1_27' title='bbox 674 427 763 475; x_wconf 83' lang='grc' dir='ltr'>τοῦ</span> <span class='ocrx_word' id='word_1_28' title='bbox 794 425 1014 475; x_wconf 86' lang='grc' dir='ltr'>Κιλίκων</span> <span class='ocrx_word' id='word_1_29' title='bbox 1050 423 1297 488; x_wconf 85' lang='grc' dir='ltr'>βασιλέος</span> <span class='ocrx_word' id='word_1_30' title='bbox 1329 423 1621 478; x_wconf 83' lang='grc' dir='ltr'>Συεννέσιος</span> <span class='ocrx_word' id='word_1_31' title='bbox 1657 425 1763 493; x_wconf 79' lang='grc' dir='ltr'>εἶχε</span> <span class='ocrx_word' id='word_1_32' title='bbox 1784 436 1831 499; x_wconf 65' lang='lat' dir='ltr'>q·</span> <span class='ocrx_word' id='word_1_33' title='bbox 1851 433 2086 488; x_wconf 54' lang='lat' dir='ltr'>&amp;iud-⁴3⁶²*</span> 
     </span>
     <span class='ocr_line' id='line_1_5' title="bbox 98 506 1764 576; baseline 0.001 -15"><span class='ocrx_word' id='word_1_34' title='bbox 98 506 358 576; x_wconf 86' lang='grc' dir='ltr'>θυγατέρα.</span> <span class='ocrx_word' id='word_1_35' title='bbox 446 507 623 559; x_wconf 90' lang='grc' dir='ltr'>τούτου</span> <span class='ocrx_word' id='word_1_36' title='bbox 660 511 748 559; x_wconf 84' lang='grc' dir='ltr'>τοῦ</span> <span class='ocrx_word' id='word_1_37' title='bbox 791 507 970 574; x_wconf 86' lang='grc' dir='ltr'>ἀνδρὸς</span> <span class='ocrx_word' id='word_1_38' title='bbox 1008 508 1038 573; x_wconf 84' lang='grc' dir='ltr'>ἡ</span> <span class='ocrx_word' id='word_1_39' title='bbox 1079 509 1249 575; x_wconf 85' lang='grc' dir='ltr'>γνώμη</span> <span class='ocrx_word' id='word_1_40' title='bbox 1295 509 1447 575; x_wconf 84' lang='grc' dir='ltr'>ἔφερε</span> <span class='ocrx_word' id='word_1_41' title='bbox 1491 508 1764 574; x_wconf 76' lang='grc' dir='ltr'>διαβάντας</span> 
     </span>
     <span class='ocr_line' id='line_1_6' title="bbox 49 590 1762 660; baseline -0.001 -15"><span class='ocrx_word' id='word_1_42' title='bbox 49 615 71 655; x_wconf 89' lang='lat'>5</span> <span class='ocrx_word' id='word_1_43' title='bbox 96 592 183 646; x_wconf 86' lang='grc' dir='ltr'>τὸν</span> <span class='ocrx_word' id='word_1_44' title='bbox 229 592 518 658; x_wconf 87' lang='grc' dir='ltr'>Μαίανδρον</span> <span class='ocrx_word' id='word_1_45' title='bbox 561 590 675 645; x_wconf 84' lang='grc' dir='ltr'>τοὺς</span> <span class='ocrx_word' id='word_1_46' title='bbox 720 595 889 659; x_wconf 79' lang='grc' dir='ltr'>Κᾶρας</span> <span class='ocrx_word' id='word_1_47' title='bbox 936 593 1014 644; x_wconf 87' lang='grc' dir='ltr'>καὶ</span> <span class='ocrx_word' id='word_1_48' title='bbox 1061 594 1181 643; x_wconf 81' lang='grc' dir='ltr'>κατὰ</span> <span class='ocrx_word' id='word_1_49' title='bbox 1225 593 1379 644; x_wconf 85' lang='grc' dir='ltr'>νώτου</span> <span class='ocrx_word' id='word_1_50' title='bbox 1424 592 1632 660; x_wconf 85' lang='grc' dir='ltr'>ἔχοντας</span> <span class='ocrx_word' id='word_1_51' title='bbox 1675 593 1762 645; x_wconf 82' lang='grc' dir='ltr'>τὸν</span> 
     </span>
     <span class='ocr_line' id='line_1_7' title="bbox 96 675 1763 745; baseline 0.001 -17"><span class='ocrx_word' id='word_1_52' title='bbox 96 676 318 742; x_wconf 86' lang='grc' dir='ltr'>ποταμὸν</span> <span class='ocrx_word' id='word_1_53' title='bbox 354 677 477 727; x_wconf 82' lang='grc' dir='ltr'>οὕτω</span> <span class='ocrx_word' id='word_1_54' title='bbox 514 675 851 742; x_wconf 83' lang='grc' dir='ltr'>συμβάλλειν,</span> <span class='ocrx_word' id='word_1_55' title='bbox 891 677 972 728; x_wconf 84' lang='grc' dir='ltr'>ἵνα</span> <span class='ocrx_word' id='word_1_56' title='bbox 1011 676 1076 742; x_wconf 80' lang='grc' dir='ltr'>μὴ</span> <span class='ocrx_word' id='word_1_57' title='bbox 1114 676 1316 745; x_wconf 83' lang='grc' dir='ltr'>ἔχοντες</span> <span class='ocrx_word' id='word_1_58' title='bbox 1356 677 1527 729; x_wconf 86' lang='grc' dir='ltr'>ὀπίσω·</span> <span class='ocrx_word' id='word_1_59' title='bbox 1555 677 1763 744; x_wconf 82' lang='grc' dir='ltr'>φεύγειν</span> 
     </span>
     <span class='ocr_line' id='line_1_8' title="bbox 97 759 1760 828; baseline 0 -15"><span class='ocrx_word' id='word_1_60' title='bbox 97 764 143 814; x_wconf 80' lang='grc' dir='ltr'>οἱ</span> <span class='ocrx_word' id='word_1_61' title='bbox 176 765 336 828; x_wconf 76' lang='grc' dir='ltr'>Κᾶρες</span> <span class='ocrx_word' id='word_1_62' title='bbox 371 760 520 811; x_wconf 82' lang='grc' dir='ltr'>αὐτοῦ</span> <span class='ocrx_word' id='word_1_63' title='bbox 550 782 603 812; x_wconf 94' lang='grc' dir='ltr'>τε</span> <span class='ocrx_word' id='word_1_64' title='bbox 638 759 805 826; x_wconf 93' lang='grc' dir='ltr'>μένειν</span> <span class='ocrx_word' id='word_1_65' title='bbox 837 761 1227 827; x_wconf 80' lang='grc' dir='ltr'>ἀναγκαζόμενοι</span> <span class='ocrx_word' id='word_1_66' title='bbox 1258 763 1486 828; x_wconf 85' lang='grc' dir='ltr'>γενοίατο</span> <span class='ocrx_word' id='word_1_67' title='bbox 1517 761 1590 813; x_wconf 88' lang='grc' dir='ltr'>ἔτι</span> <span class='ocrx_word' id='word_1_68' title='bbox 1623 763 1760 826; x_wconf 79' lang='grc' dir='ltr'>ἀμεί-</span> 
     </span>
     <span class='ocr_line' id='line_1_9' title="bbox 98 843 1763 912; baseline -0.001 -14"><span class='ocrx_word' id='word_1_69' title='bbox 98 867 238 900; x_wconf 89' lang='grc' dir='ltr'>νονες</span> <span class='ocrx_word' id='word_1_70' title='bbox 267 848 354 909; x_wconf 84' lang='grc' dir='ltr'>τῆς</span> <span class='ocrx_word' id='word_1_71' title='bbox 385 844 583 911; x_wconf 91' lang='grc' dir='ltr'>φύσιος.</span> <span class='ocrx_word' id='word_1_72' title='bbox 673 845 796 909; x_wconf 79' lang='grc' dir='ltr'>αὕτη</span> <span class='ocrx_word' id='word_1_73' title='bbox 826 843 916 910; x_wconf 92' lang='grc' dir='ltr'>μέν</span> <span class='ocrx_word' id='word_1_74' title='bbox 948 866 1035 897; x_wconf 90' lang='grc' dir='ltr'>νυν</span> <span class='ocrx_word' id='word_1_75' title='bbox 1066 845 1151 896; x_wconf 82' lang='grc' dir='ltr'>οὐκ</span> <span class='ocrx_word' id='word_1_76' title='bbox 1184 846 1320 896; x_wconf 93' lang='grc' dir='ltr'>ἐνίκα</span> <span class='ocrx_word' id='word_1_77' title='bbox 1349 845 1378 910; x_wconf 85' lang='grc' dir='ltr'><em>ἡ</em></span> <span class='ocrx_word' id='word_1_78' title='bbox 1408 846 1595 912; x_wconf 85' lang='grc' dir='ltr'>γνώμη,</span> <span class='ocrx_word' id='word_1_79' title='bbox 1630 847 1763 897; x_wconf 81' lang='grc' dir='ltr'>ἀλλὰ</span> 
     </span>
     <span class='ocr_line' id='line_1_10' title="bbox 97 928 1765 1001; baseline -0.001 -19"><span class='ocrx_word' id='word_1_80' title='bbox 97 935 233 982; x_wconf 83' lang='grc' dir='ltr'>τοῖσι</span> <span class='ocrx_word' id='word_1_81' title='bbox 264 928 500 1001; x_wconf 85' lang='grc' dir='ltr'>Πέρσῃσι</span> <span class='ocrx_word' id='word_1_82' title='bbox 532 931 654 980; x_wconf 83' lang='grc' dir='ltr'>κατὰ</span> <span class='ocrx_word' id='word_1_83' title='bbox 683 929 840 981; x_wconf 88' lang='grc' dir='ltr'>νώτου</span> <span class='ocrx_word' id='word_1_84' title='bbox 869 930 1101 996; x_wconf 89' lang='grc' dir='ltr'>γίνεσθαι</span> <span class='ocrx_word' id='word_1_85' title='bbox 1131 934 1216 980; x_wconf 84' lang='grc' dir='ltr'>τὸν</span> <span class='ocrx_word' id='word_1_86' title='bbox 1249 931 1536 996; x_wconf 85' lang='grc' dir='ltr'>Μαίανδρον</span> <span class='ocrx_word' id='word_1_87' title='bbox 1565 934 1765 995; x_wconf 77' lang='grc' dir='ltr'>μᾶλλον</span> 
     </span>
     <span class='ocr_line' id='line_1_11' title="bbox 26 1009 1765 1082; baseline 0.002 -20"><span class='ocrx_word' id='word_1_88' title='bbox 26 1010 128 1079; x_wconf 80' lang='grc' dir='ltr'>ιοῆ</span> <span class='ocrx_word' id='word_1_89' title='bbox 181 1016 351 1082; x_wconf 91' lang='grc' dir='ltr'>σφίσι,</span> <span class='ocrx_word' id='word_1_90' title='bbox 407 1013 592 1078; x_wconf 81' lang='grc' dir='ltr'>δηλαδὴ</span> <span class='ocrx_word' id='word_1_91' title='bbox 651 1009 712 1077; x_wconf 88' lang='grc' dir='ltr'>ἢν</span> <span class='ocrx_word' id='word_1_92' title='bbox 772 1013 906 1081; x_wconf 79' lang='grc' dir='ltr'>φυγὴ</span> <span class='ocrx_word' id='word_1_93' title='bbox 966 1019 1065 1066; x_wconf 80' lang='grc' dir='ltr'>τῶν</span> <span class='ocrx_word' id='word_1_94' title='bbox 1125 1012 1365 1081; x_wconf 91' lang='grc' dir='ltr'>Περσέων</span> <span class='ocrx_word' id='word_1_95' title='bbox 1423 1012 1626 1081; x_wconf 88' lang='grc' dir='ltr'>γένηται</span> <span class='ocrx_word' id='word_1_96' title='bbox 1688 1014 1765 1066; x_wconf 87' lang='grc' dir='ltr'>καὶ</span> 
     </span>
     <span class='ocr_line' id='line_1_12' title="bbox 99 1097 1766 1172; baseline 0 -21"><span class='ocrx_word' id='word_1_97' title='bbox 99 1097 396 1151; x_wconf 84' lang='grc' dir='ltr'>ἑσσωθέωσι</span> <span class='ocrx_word' id='word_1_98' title='bbox 446 1105 506 1171; x_wconf 83' lang='grc' dir='ltr'>τῇ</span> <span class='ocrx_word' id='word_1_99' title='bbox 555 1103 811 1172; x_wconf 82' lang='grc' dir='ltr'>συμβολῇ,</span> <span class='ocrx_word' id='word_1_100' title='bbox 862 1098 927 1152; x_wconf 82' lang='grc' dir='ltr'>ὡς</span> <span class='ocrx_word' id='word_1_101' title='bbox 978 1098 1066 1149; x_wconf 79' lang='grc' dir='ltr'>οὐκ</span> <span class='ocrx_word' id='word_1_102' title='bbox 1117 1097 1529 1163; x_wconf 85' lang='grc' dir='ltr'>ἀπονοστήσουσι</span> <span class='ocrx_word' id='word_1_103' title='bbox 1581 1101 1631 1152; x_wconf 90' lang='grc' dir='ltr'>ἐς</span> <span class='ocrx_word' id='word_1_104' title='bbox 1678 1098 1766 1151; x_wconf 85' lang='grc' dir='ltr'>τὸν</span> 
     </span>
     <span class='ocr_line' id='line_1_13' title="bbox 99 1180 1888 1249; baseline -0.001 -14"><span class='ocrx_word' id='word_1_105' title='bbox 99 1182 323 1249; x_wconf 86' lang='grc' dir='ltr'>ποταμὸν</span> <span class='ocrx_word' id='word_1_106' title='bbox 358 1183 704 1237; x_wconf 82' lang='grc' dir='ltr'>ἐσπίπτοντες.</span> <span class='ocrx_word' id='word_1_107' title='bbox 791 1185 917 1249; x_wconf 80' lang='grc' dir='ltr'>μετὰ</span> <span class='ocrx_word' id='word_1_108' title='bbox 953 1180 1006 1236; x_wconf 82' lang='grc' dir='ltr'>δὲ</span> <span class='ocrx_word' id='word_1_109' title='bbox 1041 1183 1327 1249; x_wconf 86' lang='grc' dir='ltr'>παρεόντων</span> <span class='ocrx_word' id='word_1_110' title='bbox 1364 1184 1443 1234; x_wconf 87' lang='grc' dir='ltr'>καὶ</span> <span class='ocrx_word' id='word_1_111' title='bbox 1482 1182 1767 1248; x_wconf 88' lang='grc' dir='ltr'>διαβάντων</span> <span class='ocrx_word' id='word_1_112' title='bbox 1802 1200 1888 1247; x_wconf 89' lang='lat'>119</span> 
     </span>
     <span class='ocr_line' id='line_1_14' title="bbox 99 1266 1764 1339; baseline -0.001 -19"><span class='ocrx_word' id='word_1_113' title='bbox 99 1266 186 1320; x_wconf 86' lang='grc' dir='ltr'>τὸν</span> <span class='ocrx_word' id='word_1_114' title='bbox 207 1269 497 1334; x_wconf 88' lang='grc' dir='ltr'>Μαίανδρον</span> <span class='ocrx_word' id='word_1_115' title='bbox 515 1272 614 1320; x_wconf 83' lang='grc' dir='ltr'>τῶν</span> <span class='ocrx_word' id='word_1_116' title='bbox 636 1267 879 1334; x_wconf 88' lang='grc' dir='ltr'>Περσέων</span> <span class='ocrx_word' id='word_1_117' title='bbox 899 1269 1108 1320; x_wconf 85' lang='grc' dir='ltr'>ἐνθαῦτα</span> <span class='ocrx_word' id='word_1_118' title='bbox 1128 1267 1208 1319; x_wconf 87' lang='grc' dir='ltr'>ἐπὶ</span> <span class='ocrx_word' id='word_1_119' title='bbox 1231 1271 1297 1337; x_wconf 79' lang='grc' dir='ltr'>τῷ</span> <span class='ocrx_word' id='word_1_120' title='bbox 1324 1267 1541 1339; x_wconf 85' lang='grc' dir='ltr'>Μαρσύῃ</span> <span class='ocrx_word' id='word_1_121' title='bbox 1561 1273 1764 1338; x_wconf 80' lang='grc' dir='ltr'>ποταμῷ</span> 
     </span>
    </p>
   </div>
   <div class='ocr_carea' id='block_1_3' title="bbox 1802 863 1828 905">
    <p class='ocr_par' dir='ltr' id='par_1_3' title="bbox 1802 863 1828 905">
     <span class='ocr_line' id='line_1_15' title="bbox 1802 863 1828 905; textangle 90"><span class='ocrx_word' id='word_1_122' title='bbox 1802 863 1828 905; x_wconf 61' lang='grc' dir='ltr'>υ)</span> 
     </span>
    </p>
   </div>
   <div class='ocr_carea' id='block_1_4' title="bbox 27 1350 1905 2431">
    <p class='ocr_par' dir='ltr' id='par_1_4' title="bbox 27 1350 1905 2431">
     <span class='ocr_line' id='line_1_16' title="bbox 101 1350 1764 1425; baseline 0 -22"><span class='ocrx_word' id='word_1_123' title='bbox 101 1351 390 1418; x_wconf 90' lang='grc' dir='ltr'>συνέβαλόν</span> <span class='ocrx_word' id='word_1_124' title='bbox 412 1373 467 1405; x_wconf 90' lang='grc' dir='ltr'>τε</span> <span class='ocrx_word' id='word_1_125' title='bbox 489 1356 623 1404; x_wconf 83' lang='grc' dir='ltr'>τοῖσι</span> <span class='ocrx_word' id='word_1_126' title='bbox 648 1351 881 1425; x_wconf 87' lang='grc' dir='ltr'>Πέρσῃσι</span> <span class='ocrx_word' id='word_1_127' title='bbox 905 1355 951 1404; x_wconf 86' lang='grc' dir='ltr'>οἱ</span> <span class='ocrx_word' id='word_1_128' title='bbox 975 1355 1132 1418; x_wconf 78' lang='grc' dir='ltr'>Κᾶρες</span> <span class='ocrx_word' id='word_1_129' title='bbox 1158 1353 1235 1404; x_wconf 90' lang='grc' dir='ltr'>καὶ</span> <span class='ocrx_word' id='word_1_130' title='bbox 1257 1350 1425 1420; x_wconf 85' lang='grc' dir='ltr'>μάχην</span> <span class='ocrx_word' id='word_1_131' title='bbox 1449 1351 1764 1420; x_wconf 84' lang='grc' dir='ltr'>ἐμαχέσαντο</span> 
     </span>
     <span class='ocr_line' id='line_1_17' title="bbox 27 1436 1766 1505; baseline -0.001 -17"><span class='ocrx_word' id='word_1_132' title='bbox 27 1454 75 1496; x_wconf 86' lang='lat'>15</span> <span class='ocrx_word' id='word_1_133' title='bbox 102 1436 315 1505; x_wconf 81' lang='grc' dir='ltr'>ἰσχυρὴν</span> <span class='ocrx_word' id='word_1_134' title='bbox 356 1436 436 1488; x_wconf 88' lang='grc' dir='ltr'>καὶ</span> <span class='ocrx_word' id='word_1_135' title='bbox 475 1437 557 1489; x_wconf 88' lang='grc' dir='ltr'>ἐπὶ</span> <span class='ocrx_word' id='word_1_136' title='bbox 598 1438 782 1504; x_wconf 92' lang='grc' dir='ltr'>χρόνον</span> <span class='ocrx_word' id='word_1_137' title='bbox 820 1438 1029 1495; x_wconf 91' lang='grc' dir='ltr'>πολλόν,</span> <span class='ocrx_word' id='word_1_138' title='bbox 1067 1436 1212 1490; x_wconf 92' lang='grc' dir='ltr'>τέλος</span> <span class='ocrx_word' id='word_1_139' title='bbox 1253 1439 1307 1488; x_wconf 81' lang='grc' dir='ltr'>δὲ</span> <span class='ocrx_word' id='word_1_140' title='bbox 1347 1437 1651 1502; x_wconf 83' lang='grc' dir='ltr'>ἑσσώθησαν</span> <span class='ocrx_word' id='word_1_141' title='bbox 1687 1438 1766 1488; x_wconf 81' lang='grc' dir='ltr'>διὰ</span> 
     </span>
     <span class='ocr_line' id='line_1_18' title="bbox 100 1520 1763 1589; baseline 0.001 -16"><span class='ocrx_word' id='word_1_142' title='bbox 100 1524 308 1586; x_wconf 86' lang='grc' dir='ltr'>πλῆθος.</span> <span class='ocrx_word' id='word_1_143' title='bbox 397 1520 642 1588; x_wconf 88' lang='grc' dir='ltr'>Περσέων</span> <span class='ocrx_word' id='word_1_144' title='bbox 685 1524 776 1587; x_wconf 78' lang='grc' dir='ltr'>μὲν</span> <span class='ocrx_word' id='word_1_145' title='bbox 821 1521 882 1589; x_wconf 24' lang='grc' dir='ltr'>δὴ·</span> <span class='ocrx_word' id='word_1_146' title='bbox 926 1521 1112 1574; x_wconf 87' lang='grc' dir='ltr'>ἔπεσον</span> <span class='ocrx_word' id='word_1_147' title='bbox 1155 1520 1328 1588; x_wconf 85' lang='grc' dir='ltr'>ἄνδρες</span> <span class='ocrx_word' id='word_1_148' title='bbox 1373 1522 1424 1574; x_wconf 89' lang='grc' dir='ltr'>ἐς</span> <span class='ocrx_word' id='word_1_149' title='bbox 1467 1522 1763 1589; x_wconf 87' lang='grc' dir='ltr'>δισχιλίους,</span> 
     </span>
     <span class='ocr_line' id='line_1_19' title="bbox 103 1593 1831 1673; baseline -0.001 -16"><span class='ocrx_word' id='word_1_150' title='bbox 103 1593 280 1673; x_wconf 81' lang='grc' dir='ltr'>Καρῶν</span> <span class='ocrx_word' id='word_1_151' title='bbox 315 1608 370 1658; x_wconf 78' lang='grc' dir='ltr'>δὲ</span> <span class='ocrx_word' id='word_1_152' title='bbox 411 1607 462 1659; x_wconf 89' lang='grc' dir='ltr'>ἐς</span> <span class='ocrx_word' id='word_1_153' title='bbox 500 1607 713 1672; x_wconf 90' lang='grc' dir='ltr'>μυρίους.</span> <span class='ocrx_word' id='word_1_154' title='bbox 804 1607 1028 1658; x_wconf 81' lang='grc' dir='ltr'>ἐνθεῦτεν</span> <span class='ocrx_word' id='word_1_155' title='bbox 1064 1609 1117 1657; x_wconf 83' lang='grc' dir='ltr'>δὲ</span> <span class='ocrx_word' id='word_1_156' title='bbox 1158 1608 1204 1657; x_wconf 86' lang='grc' dir='ltr'>οἱ</span> <span class='ocrx_word' id='word_1_157' title='bbox 1245 1606 1572 1672; x_wconf 89' lang='grc' dir='ltr'>διαφυγόντες</span> <span class='ocrx_word' id='word_1_158' title='bbox 1608 1605 1767 1657; x_wconf 83' lang='grc' dir='ltr'>αὐτῶν</span> <span class='ocrx_word' id='word_1_159' title='bbox 1805 1624 1831 1655; x_wconf 82' lang='grc'>2</span> 
     </span>
     <span class='ocr_line' id='line_1_20' title="bbox 104 1689 1768 1757; baseline -0.001 -15"><span class='ocrx_word' id='word_1_160' title='bbox 104 1689 469 1756; x_wconf 89' lang='grc' dir='ltr'>κατειλήθησαν</span> <span class='ocrx_word' id='word_1_161' title='bbox 500 1692 551 1744; x_wconf 89' lang='grc' dir='ltr'>ἐς</span> <span class='ocrx_word' id='word_1_162' title='bbox 577 1690 880 1757; x_wconf 87' lang='grc' dir='ltr'>Λάβραυνδα</span> <span class='ocrx_word' id='word_1_163' title='bbox 911 1692 961 1744; x_wconf 90' lang='grc' dir='ltr'>ἐς</span> <span class='ocrx_word' id='word_1_164' title='bbox 987 1689 1108 1743; x_wconf 86' lang='grc' dir='ltr'>Διὸς</span> <span class='ocrx_word' id='word_1_165' title='bbox 1139 1690 1373 1756; x_wconf 87' lang='grc' dir='ltr'>στρατίου</span> <span class='ocrx_word' id='word_1_166' title='bbox 1405 1691 1526 1756; x_wconf 85' lang='grc' dir='ltr'>ἱρόν,</span> <span class='ocrx_word' id='word_1_167' title='bbox 1553 1689 1682 1757; x_wconf 91' lang='grc' dir='ltr'>μέγα</span> <span class='ocrx_word' id='word_1_168' title='bbox 1714 1711 1768 1741; x_wconf 90' lang='grc' dir='ltr'>τε</span> 
     </span>
     <span class='ocr_line' id='line_1_21' title="bbox 103 1766 1769 1842; baseline -0.001 -16"><span class='ocrx_word' id='word_1_169' title='bbox 103 1775 182 1827; x_wconf 90' lang='grc' dir='ltr'>καὶ</span> <span class='ocrx_word' id='word_1_170' title='bbox 219 1773 362 1842; x_wconf 80' lang='grc' dir='ltr'>ἅγιον</span> <span class='ocrx_word' id='word_1_171' title='bbox 392 1766 553 1828; x_wconf 79' lang='grc' dir='ltr'>ἄλσός</span> <span class='ocrx_word' id='word_1_172' title='bbox 583 1776 954 1827; x_wconf 90' lang='grc' dir='ltr'>πλατανίστων.</span> <span class='ocrx_word' id='word_1_173' title='bbox 1041 1779 1213 1839; x_wconf 79' lang='grc' dir='ltr'>μοῦνοι</span> <span class='ocrx_word' id='word_1_174' title='bbox 1248 1777 1302 1826; x_wconf 83' lang='grc' dir='ltr'>δὲ</span> <span class='ocrx_word' id='word_1_175' title='bbox 1333 1779 1431 1826; x_wconf 86' lang='grc' dir='ltr'>τῶν</span> <span class='ocrx_word' id='word_1_176' title='bbox 1460 1774 1600 1839; x_wconf 85' lang='grc' dir='ltr'>ἡμεῖς</span> <span class='ocrx_word' id='word_1_177' title='bbox 1630 1776 1769 1839; x_wconf 88' lang='grc' dir='ltr'>ἵδμεν</span> 
     </span>
     <span class='ocr_line' id='line_1_22' title="bbox 28 1858 1769 1929; baseline 0.003 -22"><span class='ocrx_word' id='word_1_178' title='bbox 28 1872 79 1907; x_wconf 81' lang='lat'>26</span> <span class='ocrx_word' id='word_1_179' title='bbox 103 1858 264 1927; x_wconf 84' lang='grc' dir='ltr'>Κᾶρές</span> <span class='ocrx_word' id='word_1_180' title='bbox 294 1861 395 1912; x_wconf 83' lang='grc' dir='ltr'>εἶσι</span> <span class='ocrx_word' id='word_1_181' title='bbox 425 1860 472 1911; x_wconf 74' lang='grc' dir='ltr'>οἳ</span> <span class='ocrx_word' id='word_1_182' title='bbox 497 1859 583 1911; x_wconf 87' lang='grc' dir='ltr'>Διὶ</span> <span class='ocrx_word' id='word_1_183' title='bbox 615 1861 829 1929; x_wconf 86' lang='grc' dir='ltr'>στρατίῳ</span> <span class='ocrx_word' id='word_1_184' title='bbox 863 1860 1037 1912; x_wconf 90' lang='grc' dir='ltr'>θυσίας</span> <span class='ocrx_word' id='word_1_185' title='bbox 1067 1858 1327 1926; x_wconf 80' lang='grc' dir='ltr'>ἀνάγουσι.</span> <span class='ocrx_word' id='word_1_186' title='bbox 1397 1858 1769 1923; x_wconf 89' lang='grc' dir='ltr'>κατειληθέντες</span> 
     </span>
     <span class='ocr_line' id='line_1_23' title="bbox 102 1938 1768 2010; baseline 0 -16"><span class='ocrx_word' id='word_1_187' title='bbox 102 1946 156 1996; x_wconf 84' lang='grc' dir='ltr'>δὲ</span> <span class='ocrx_word' id='word_1_188' title='bbox 187 1942 257 1996; x_wconf 69' lang='grc' dir='ltr'>ὧν</span> <span class='ocrx_word' id='word_1_189' title='bbox 286 1944 422 1996; x_wconf 76' lang='grc' dir='ltr'>οὗτοι</span> <span class='ocrx_word' id='word_1_190' title='bbox 453 1945 664 1995; x_wconf 82' lang='grc' dir='ltr'>ἐνθαῦτα</span> <span class='ocrx_word' id='word_1_191' title='bbox 702 1943 1034 2009; x_wconf 84' lang='grc' dir='ltr'>ἐβουλεύοντο</span> <span class='ocrx_word' id='word_1_192' title='bbox 1064 1943 1176 2010; x_wconf 87' lang='grc' dir='ltr'>περὶ</span> <span class='ocrx_word' id='word_1_193' title='bbox 1207 1945 1469 2010; x_wconf 90' lang='grc' dir='ltr'>σωτηρίης,</span> <span class='ocrx_word' id='word_1_194' title='bbox 1504 1944 1709 2010; x_wconf 86' lang='grc' dir='ltr'>ὁκότερα</span> <span class='ocrx_word' id='word_1_195' title='bbox 1739 1938 1768 2006; x_wconf 85' lang='grc' dir='ltr'>ἢ</span> 
     </span>
     <span class='ocr_line' id='line_1_24' title="bbox 101 2023 1770 2100; baseline 0 -21"><span class='ocrx_word' id='word_1_196' title='bbox 101 2029 407 2095; x_wconf 91' lang='grc' dir='ltr'>παραδόντες</span> <span class='ocrx_word' id='word_1_197' title='bbox 438 2027 603 2094; x_wconf 92' lang='grc' dir='ltr'>σφέας</span> <span class='ocrx_word' id='word_1_198' title='bbox 633 2027 808 2082; x_wconf 82' lang='grc' dir='ltr'>αὐτοὺς</span> <span class='ocrx_word' id='word_1_199' title='bbox 832 2026 1067 2100; x_wconf 83' lang='grc' dir='ltr'>Πέρσῃσι</span> <span class='ocrx_word' id='word_1_200' title='bbox 1089 2023 1119 2092; x_wconf 84' lang='grc' dir='ltr'>ἢ</span> <span class='ocrx_word' id='word_1_201' title='bbox 1145 2028 1433 2080; x_wconf 84' lang='grc' dir='ltr'>ἐκλιπόντες</span> <span class='ocrx_word' id='word_1_202' title='bbox 1456 2027 1513 2079; x_wconf 86' lang='grc' dir='ltr'>τὸ</span> <span class='ocrx_word' id='word_1_203' title='bbox 1537 2026 1770 2094; x_wconf 88' lang='grc' dir='ltr'>παράπαν</span> 
     </span>
     <span class='ocr_line' id='line_1_25' title="bbox 101 2111 1905 2179; baseline 0 -16"><span class='ocrx_word' id='word_1_204' title='bbox 101 2111 191 2176; x_wconf 78' lang='grc' dir='ltr'>τὴν</span> <span class='ocrx_word' id='word_1_205' title='bbox 215 2112 395 2178; x_wconf 90' lang='grc' dir='ltr'>Ἀσίην</span> <span class='ocrx_word' id='word_1_206' title='bbox 418 2112 620 2179; x_wconf 84' lang='grc' dir='ltr'>ἄμεινον</span> <span class='ocrx_word' id='word_1_207' title='bbox 643 2111 902 2179; x_wconf 82' lang='grc' dir='ltr'>πρήξουσι.</span> <span class='ocrx_word' id='word_1_208' title='bbox 970 2111 1384 2177; x_wconf 89' lang='grc' dir='ltr'>βουλευομένοισι</span> <span class='ocrx_word' id='word_1_209' title='bbox 1415 2111 1469 2164; x_wconf 88' lang='grc' dir='ltr'>δέ</span> <span class='ocrx_word' id='word_1_210' title='bbox 1500 2119 1596 2179; x_wconf 91' lang='grc' dir='ltr'>σφι</span> <span class='ocrx_word' id='word_1_211' title='bbox 1619 2116 1771 2163; x_wconf 81' lang='grc' dir='ltr'>ταῦτα</span> <span class='ocrx_word' id='word_1_212' title='bbox 1810 2128 1905 2163; x_wconf 85' lang='lat'>120</span> 
     </span>
     <span class='ocr_line' id='line_1_26' title="bbox 101 2195 1767 2265; baseline -0.001 -16"><span class='ocrx_word' id='word_1_213' title='bbox 101 2199 459 2265; x_wconf 88' lang='grc' dir='ltr'>παραγίνονται</span> <span class='ocrx_word' id='word_1_214' title='bbox 498 2196 800 2262; x_wconf 89' lang='grc' dir='ltr'>βοηθέοντες</span> <span class='ocrx_word' id='word_1_215' title='bbox 837 2195 1091 2260; x_wconf 90' lang='grc' dir='ltr'>Μιλήσιοί</span> <span class='ocrx_word' id='word_1_216' title='bbox 1128 2217 1182 2248; x_wconf 89' lang='grc' dir='ltr'>τε</span> <span class='ocrx_word' id='word_1_217' title='bbox 1222 2196 1300 2248; x_wconf 90' lang='grc' dir='ltr'>καὶ</span> <span class='ocrx_word' id='word_1_218' title='bbox 1338 2198 1383 2248; x_wconf 86' lang='grc' dir='ltr'>οἱ</span> <span class='ocrx_word' id='word_1_219' title='bbox 1418 2197 1606 2248; x_wconf 90' lang='grc' dir='ltr'>τούτων</span> <span class='ocrx_word' id='word_1_220' title='bbox 1643 2196 1767 2261; x_wconf 88' lang='grc' dir='ltr'>σύμ-</span> 
     </span>
     <span class='ocr_line' id='line_1_27' title="bbox 28 2281 1771 2350; baseline -0.001 -17"><span class='ocrx_word' id='word_1_221' title='bbox 28 2299 76 2340; x_wconf 87' lang='lat'>25</span> <span class='ocrx_word' id='word_1_222' title='bbox 99 2303 272 2350; x_wconf 91' lang='grc' dir='ltr'>μαχοι.</span> <span class='ocrx_word' id='word_1_223' title='bbox 359 2283 570 2333; x_wconf 86' lang='grc' dir='ltr'>ἐνθαῦτα</span> <span class='ocrx_word' id='word_1_224' title='bbox 600 2284 653 2333; x_wconf 81' lang='grc' dir='ltr'>δὲ</span> <span class='ocrx_word' id='word_1_225' title='bbox 682 2283 743 2333; x_wconf 79' lang='grc' dir='ltr'>τὰ</span> <span class='ocrx_word' id='word_1_226' title='bbox 778 2284 870 2347; x_wconf 81' lang='grc' dir='ltr'>μὲν</span> <span class='ocrx_word' id='word_1_227' title='bbox 901 2281 1143 2348; x_wconf 90' lang='grc' dir='ltr'>πρότερον</span> <span class='ocrx_word' id='word_1_228' title='bbox 1172 2282 1219 2332; x_wconf 82' lang='grc' dir='ltr'>οἱ</span> <span class='ocrx_word' id='word_1_229' title='bbox 1251 2284 1411 2348; x_wconf 80' lang='grc' dir='ltr'>Κᾶρες</span> <span class='ocrx_word' id='word_1_230' title='bbox 1442 2281 1771 2345; x_wconf 81' lang='grc' dir='ltr'>ἐβουλεύοντο</span> 
     </span>
     <span class='ocr_line' id='line_1_28' title="bbox 100 2363 1771 2431; baseline -0.001 -14"><span class='ocrx_word' id='word_1_231' title='bbox 100 2369 331 2431; x_wconf 87' lang='grc' dir='ltr'>μετῆκαν,</span> <span class='ocrx_word' id='word_1_232' title='bbox 374 2369 421 2418; x_wconf 84' lang='grc' dir='ltr'>οἱ</span> <span class='ocrx_word' id='word_1_233' title='bbox 467 2369 521 2419; x_wconf 81' lang='grc' dir='ltr'>δὲ</span> <span class='ocrx_word' id='word_1_234' title='bbox 564 2366 701 2419; x_wconf 79' lang='grc' dir='ltr'>αῧτις</span> <span class='ocrx_word' id='word_1_235' title='bbox 741 2364 1006 2431; x_wconf 88' lang='grc' dir='ltr'>πολεμέειν</span> <span class='ocrx_word' id='word_1_236' title='bbox 1051 2364 1108 2429; x_wconf 79' lang='grc' dir='ltr'>ἐξ</span> <span class='ocrx_word' id='word_1_237' title='bbox 1150 2366 1306 2431; x_wconf 81' lang='grc' dir='ltr'>ἀρχῆς</span> <span class='ocrx_word' id='word_1_238' title='bbox 1350 2363 1602 2431; x_wconf 80' lang='grc' dir='ltr'>ἀρτέοντο.</span> <span class='ocrx_word' id='word_1_239' title='bbox 1692 2365 1771 2416; x_wconf 85' lang='grc' dir='ltr'>καὶ</span> 
     </span>
    </p>
   </div>
   <div class='ocr_carea' id='block_1_5' title="bbox 99 2502 1769 3047">
    <p class='ocr_par' dir='ltr' id='par_1_5' title="bbox 99 2502 1769 3047">
     <span class='ocr_line' id='line_1_29' title="bbox 158 2502 1767 2559; baseline -0.003 -14"><span class='ocrx_word' id='word_1_240' title='bbox 158 2518 176 2545; x_wconf 83' lang='grc' dir='ltr'>Ι</span> <span class='ocrx_word' id='word_1_241' title='bbox 206 2505 390 2559; x_wconf 75' lang='grc' dir='ltr'>γίνονται</span> <span class='ocrx_word' id='word_1_242' title='bbox 410 2503 466 2543; x_wconf 90' lang='grc' dir='ltr'>Α1</span> <span class='ocrx_word' id='word_1_243' title='bbox 633 2517 659 2542; x_wconf 85' lang='lat'><em>2</em></span> <span class='ocrx_word' id='word_1_244' title='bbox 691 2505 764 2555; x_wconf 79' lang='grc' dir='ltr'>ἐμὴ</span> <span class='ocrx_word' id='word_1_245' title='bbox 785 2504 846 2544; x_wconf 91' lang='lat' dir='ltr'>V:</span> <span class='ocrx_word' id='word_1_246' title='bbox 880 2505 966 2554; x_wconf 79' lang='grc' dir='ltr'>ἐμοὶ</span> <span class='ocrx_word' id='word_1_247' title='bbox 987 2504 1013 2553; x_wconf 83' lang='grc' dir='ltr'><em>ἡ</em></span> <span class='ocrx_word' id='word_1_248' title='bbox 1036 2502 1309 2542; x_wconf 82' lang='lat' dir='ltr'>Herwerden</span> <span class='ocrx_word' id='word_1_249' title='bbox 1423 2505 1556 2554; x_wconf 82' lang='grc' dir='ltr'>Πιξοδ.</span> <span class='ocrx_word' id='word_1_250' title='bbox 1585 2502 1618 2541; x_wconf 88' lang='grc' dir='ltr'><em>Ρ</em></span> <span class='ocrx_word' id='word_1_251' title='bbox 1633 2502 1713 2541; x_wconf 92' lang='lat' dir='ltr'>SV</span> <span class='ocrx_word' id='word_1_252' title='bbox 1728 2502 1767 2541; x_wconf 93' lang='lat' dir='ltr'><strong>U</strong></span> 
     </span>
     <span class='ocr_line' id='line_1_30' title="bbox 99 2556 1769 2611; baseline -0.003 -9"><span class='ocrx_word' id='word_1_253' title='bbox 99 2574 126 2611; x_wconf 89' lang='grc'>3</span> <span class='ocrx_word' id='word_1_254' title='bbox 155 2561 340 2602; x_wconf 84' lang='grc' dir='ltr'>Κυινδέος</span> <span class='ocrx_word' id='word_1_255' title='bbox 363 2559 559 2598; x_wconf 89' lang='lat' dir='ltr'><strong>Meineke</strong></span> <span class='ocrx_word' id='word_1_256' title='bbox 668 2560 696 2597; x_wconf 90' lang='lat'><strong>6</strong></span> <span class='ocrx_word' id='word_1_257' title='bbox 723 2559 827 2610; x_wconf 82' lang='grc' dir='ltr'>μήτε</span> <span class='ocrx_word' id='word_1_258' title='bbox 848 2558 969 2597; x_wconf 85' lang='lat' dir='ltr'>Stein</span> <span class='ocrx_word' id='word_1_259' title='bbox 1084 2557 1263 2609; x_wconf 86' lang='grc' dir='ltr'>σχόντες</span> <span class='ocrx_word' id='word_1_260' title='bbox 1284 2556 1365 2596; x_wconf 90' lang='lat' dir='ltr'>SV</span> <span class='ocrx_word' id='word_1_261' title='bbox 1381 2557 1419 2595; x_wconf 94' lang='lat' dir='ltr'><strong>U</strong></span> <span class='ocrx_word' id='word_1_262' title='bbox 1535 2570 1555 2606; x_wconf 91' lang='lat'>7</span> <span class='ocrx_word' id='word_1_263' title='bbox 1585 2557 1769 2609; x_wconf 77' lang='grc' dir='ltr'>γινοίατο</span> 
     </span>
     <span class='ocr_line' id='line_1_31' title="bbox 99 2611 1767 2664; baseline -0.001 -11"><span class='ocrx_word' id='word_1_264' title='bbox 99 2615 236 2654; x_wconf 89' lang='lat' dir='ltr'>ABC</span> <span class='ocrx_word' id='word_1_265' title='bbox 387 2618 605 2664; x_wconf 83' lang='grc' dir='ltr'>9·μᾶλλον</span> <span class='ocrx_word' id='word_1_266' title='bbox 626 2627 707 2654; x_wconf 91' lang='lat' dir='ltr'>om.</span> <span class='ocrx_word' id='word_1_267' title='bbox 735 2613 870 2652; x_wconf 91' lang='lat' dir='ltr'>SVU</span> <span class='ocrx_word' id='word_1_268' title='bbox 981 2625 989 2633; x_wconf 85' lang='lat'><strong>·</strong></span> <span class='ocrx_word' id='word_1_269' title='bbox 1033 2625 1084 2651; x_wconf 93' lang='lat'>10</span> <span class='ocrx_word' id='word_1_270' title='bbox 1111 2614 1176 2653; x_wconf 81' lang='grc' dir='ltr'>ἵνα</span> <span class='ocrx_word' id='word_1_271' title='bbox 1196 2611 1450 2661; x_wconf 67' lang='grc' dir='ltr'>ἣνΡΞνΙ]</span> <span class='ocrx_word' id='word_1_272' title='bbox 1596 2624 1639 2650; x_wconf 91' lang='lat'>11</span> <span class='ocrx_word' id='word_1_273' title='bbox 1673 2613 1767 2652; x_wconf 86' lang='grc' dir='ltr'>ἀπο·</span> 
     </span>
     <span class='ocr_line' id='line_1_32' title="bbox 102 2667 1763 2721; baseline -0.003 -10"><span class='ocrx_word' id='word_1_274' title='bbox 102 2671 334 2719; x_wconf 80' lang='grc' dir='ltr'>νοστήσωσι</span> <span class='ocrx_word' id='word_1_275' title='bbox 357 2669 407 2708; x_wconf 87' lang='lat' dir='ltr'>C¹</span> <span class='ocrx_word' id='word_1_276' title='bbox 423 2669 453 2708; x_wconf 87' lang='lat' dir='ltr'>S</span> <span class='ocrx_word' id='word_1_277' title='bbox 471 2669 547 2721; x_wconf 82' lang='lat' dir='ltr'>[VJ</span> <span class='ocrx_word' id='word_1_278' title='bbox 734 2681 782 2707; x_wconf 89' lang='lat'>12</span> <span class='ocrx_word' id='word_1_279' title='bbox 813 2668 1081 2719; x_wconf 84' lang='grc' dir='ltr'>ἐμπίπτοντες</span> <span class='ocrx_word' id='word_1_280' title='bbox 1103 2667 1183 2706; x_wconf 88' lang='lat' dir='ltr'>SV</span> <span class='ocrx_word' id='word_1_281' title='bbox 1367 2679 1415 2716; x_wconf 89' lang='lat'>13</span> <span class='ocrx_word' id='word_1_282' title='bbox 1445 2670 1528 2707; x_wconf 79' lang='grc' dir='ltr'>τῶν</span> <span class='ocrx_word' id='word_1_283' title='bbox 1548 2674 1594 2707; x_wconf 90' lang='grc' dir='ltr'>Π.</span> <span class='ocrx_word' id='word_1_284' title='bbox 1617 2668 1690 2706; x_wconf 72' lang='grc' dir='ltr'>τὸν</span> <span class='ocrx_word' id='word_1_285' title='bbox 1711 2674 1763 2707; x_wconf 93' lang='grc' dir='ltr'>Μ.</span> 
     </span>
     <span class='ocr_line' id='line_1_33' title="bbox 102 2721 1768 2775; baseline -0.002 -12"><span class='ocrx_word' id='word_1_286' title='bbox 102 2724 236 2764; x_wconf 91' lang='lat' dir='ltr'>SVU</span> <span class='ocrx_word' id='word_1_287' title='bbox 463 2738 510 2773; x_wconf 93' lang='lat'>14</span> <span class='ocrx_word' id='word_1_288' title='bbox 541 2723 819 2771; x_wconf 60' lang='grc' dir='ltr'>συνεβάλοντο</span> <span class='ocrx_word' id='word_1_289' title='bbox 846 2741 893 2763; x_wconf 82' lang='grc' dir='ltr'>τε</span> <span class='ocrx_word' id='word_1_290' title='bbox 918 2723 948 2762; x_wconf 87' lang='lat' dir='ltr'>S</span> <span class='ocrx_word' id='word_1_291' title='bbox 963 2722 1001 2760; x_wconf 95' lang='lat' dir='ltr'>V</span> <span class='ocrx_word' id='word_1_292' title='bbox 1224 2723 1273 2760; x_wconf 91' lang='lat'>16</span> <span class='ocrx_word' id='word_1_293' title='bbox 1305 2722 1443 2775; x_wconf 76' lang='grc' dir='ltr'>ἄνδρες</span> <span class='ocrx_word' id='word_1_294' title='bbox 1466 2724 1505 2762; x_wconf 86' lang='grc' dir='ltr'>ἐς</span> <span class='ocrx_word' id='word_1_295' title='bbox 1525 2735 1606 2760; x_wconf 87' lang='lat' dir='ltr'>om.</span> <span class='ocrx_word' id='word_1_296' title='bbox 1633 2721 1663 2760; x_wconf 86' lang='lat' dir='ltr'>S</span> <span class='ocrx_word' id='word_1_297' title='bbox 1677 2722 1714 2760; x_wconf 94' lang='lat' dir='ltr'>V</span> <span class='ocrx_word' id='word_1_298' title='bbox 1731 2721 1768 2759; x_wconf 94' lang='lat' dir='ltr'><strong>U</strong></span> 
     </span>
     <span class='ocr_line' id='line_1_34' title="bbox 101 2775 1766 2831; baseline -0.004 -11"><span class='ocrx_word' id='word_1_299' title='bbox 101 2780 258 2831; x_wconf 78' lang='grc' dir='ltr'>χιλίους</span> <span class='ocrx_word' id='word_1_300' title='bbox 277 2779 335 2820; x_wconf 85' lang='lat' dir='ltr'>C:</span> <span class='ocrx_word' id='word_1_301' title='bbox 366 2780 564 2831; x_wconf 84' lang='grc' dir='ltr'>δισχίλιοι</span> <span class='ocrx_word' id='word_1_302' title='bbox 586 2778 667 2818; x_wconf 85' lang='lat' dir='ltr'>SV</span> <span class='ocrx_word' id='word_1_303' title='bbox 683 2778 719 2816; x_wconf 92' lang='lat' dir='ltr'><strong>U</strong></span> <span class='ocrx_word' id='word_1_304' title='bbox 854 2791 902 2827; x_wconf 96' lang='lat'>17</span> <span class='ocrx_word' id='word_1_305' title='bbox 933 2776 978 2818; x_wconf 82' lang='grc' dir='ltr'>δὲ</span> <span class='ocrx_word' id='word_1_306' title='bbox 996 2776 1126 2830; x_wconf 81' lang='grc' dir='ltr'>μύριοι</span> <span class='ocrx_word' id='word_1_307' title='bbox 1150 2776 1180 2814; x_wconf 86' lang='lat' dir='ltr'>S</span> <span class='ocrx_word' id='word_1_308' title='bbox 1194 2776 1232 2815; x_wconf 93' lang='lat' dir='ltr'>V</span> <span class='ocrx_word' id='word_1_309' title='bbox 1249 2776 1287 2814; x_wconf 95' lang='lat' dir='ltr'><strong>U</strong></span> <span class='ocrx_word' id='word_1_310' title='bbox 1403 2775 1558 2816; x_wconf 79' lang='grc' dir='ltr'>αὐτέων</span> <span class='ocrx_word' id='word_1_311' title='bbox 1581 2777 1614 2814; x_wconf 93' lang='lat' dir='ltr'>C</span> <span class='ocrx_word' id='word_1_312' title='bbox 1631 2776 1662 2814; x_wconf 87' lang='lat' dir='ltr'>P</span> <span class='ocrx_word' id='word_1_313' title='bbox 1677 2776 1714 2814; x_wconf 90' lang='lat' dir='ltr'>V</span> <span class='ocrx_word' id='word_1_314' title='bbox 1730 2776 1766 2814; x_wconf 94' lang='lat' dir='ltr'>U</span> 
     </span>
     <span class='ocr_line' id='line_1_35' title="bbox 105 2830 1769 2888; baseline -0.001 -15"><span class='ocrx_word' id='word_1_315' title='bbox 105 2835 155 2873; x_wconf 90' lang='lat'>18</span> <span class='ocrx_word' id='word_1_316' title='bbox 182 2834 397 2888; x_wconf 76' lang='grc' dir='ltr'>Λάβρανδα</span> <span class='ocrx_word' id='word_1_317' title='bbox 414 2834 447 2872; x_wconf 90' lang='lat' dir='ltr'>C</span> <span class='ocrx_word' id='word_1_318' title='bbox 467 2847 476 2872; x_wconf 76' lang='lat'>2</span> <span class='ocrx_word' id='word_1_319' title='bbox 504 2833 714 2885; x_wconf 78' lang='grc' dir='ltr'>Λάβρυνδα</span> <span class='ocrx_word' id='word_1_320' title='bbox 735 2831 768 2871; x_wconf 90' lang='grc' dir='ltr'>Ρ</span> <span class='ocrx_word' id='word_1_321' title='bbox 782 2832 812 2871; x_wconf 89' lang='lat' dir='ltr'>S</span> <span class='ocrx_word' id='word_1_322' title='bbox 826 2833 862 2871; x_wconf 93' lang='lat' dir='ltr'>V</span> <span class='ocrx_word' id='word_1_323' title='bbox 878 2832 917 2871; x_wconf 91' lang='lat' dir='ltr'><strong>U</strong></span> <span class='ocrx_word' id='word_1_324' title='bbox 1057 2845 1105 2880; x_wconf 91' lang='lat'>19</span> <span class='ocrx_word' id='word_1_325' title='bbox 1134 2834 1251 2882; x_wconf 71' lang='grc' dir='ltr'>ἴσμεν</span> <span class='ocrx_word' id='word_1_326' title='bbox 1271 2830 1311 2870; x_wconf 90' lang='grc' dir='ltr'>Α</span> <span class='ocrx_word' id='word_1_327' title='bbox 1327 2831 1361 2869; x_wconf 87' lang='grc' dir='ltr'><em>Β</em></span> <span class='ocrx_word' id='word_1_328' title='bbox 1379 2830 1430 2869; x_wconf 78' lang='lat' dir='ltr'>Cc</span> <span class='ocrx_word' id='word_1_329' title='bbox 1449 2830 1512 2883; x_wconf 89' lang='lat'>(1)</span> <span class='ocrx_word' id='word_1_330' title='bbox 1643 2844 1691 2869; x_wconf 84' lang='lat'>21</span> <span class='ocrx_word' id='word_1_331' title='bbox 1725 2830 1769 2871; x_wconf 83' lang='grc' dir='ltr'>δὲ</span> 
     </span>
     <span class='ocr_line' id='line_1_36' title="bbox 101 2885 1766 2940; baseline -0.004 -11"><span class='ocrx_word' id='word_1_332' title='bbox 101 2888 174 2940; x_wconf 79' lang='grc' dir='ltr'>ὧν]</span> <span class='ocrx_word' id='word_1_333' title='bbox 196 2893 277 2930; x_wconf 83' lang='grc' dir='ltr'>τῶν</span> <span class='ocrx_word' id='word_1_334' title='bbox 298 2889 355 2930; x_wconf 88' lang='lat' dir='ltr'>C:</span> <span class='ocrx_word' id='word_1_335' title='bbox 386 2888 440 2929; x_wconf 74' lang='grc' dir='ltr'>ὧν</span> <span class='ocrx_word' id='word_1_336' title='bbox 462 2888 539 2926; x_wconf 89' lang='lat' dir='ltr'>PS</span> <span class='ocrx_word' id='word_1_337' title='bbox 554 2888 591 2927; x_wconf 94' lang='lat' dir='ltr'>V</span> <span class='ocrx_word' id='word_1_338' title='bbox 607 2888 644 2926; x_wconf 94' lang='lat' dir='ltr'><strong>U</strong></span> <span class='ocrx_word' id='word_1_339' title='bbox 672 2935 674 2938; x_wconf 27' lang='grc' dir='ltr'>Ι</span> <span class='ocrx_word' id='word_1_340' title='bbox 775 2889 800 2936; x_wconf 78' lang='grc' dir='ltr'>ἢ</span> <span class='ocrx_word' id='word_1_341' title='bbox 822 2887 905 2927; x_wconf 90' lang='lat' dir='ltr'><strong>del.</strong></span> <span class='ocrx_word' id='word_1_342' title='bbox 929 2886 1066 2925; x_wconf 85' lang='lat' dir='ltr'>Cobet</span> <span class='ocrx_word' id='word_1_343' title='bbox 1240 2898 1292 2924; x_wconf 81' lang='lat'>22</span> <span class='ocrx_word' id='word_1_344' title='bbox 1324 2885 1506 2940; x_wconf 80' lang='grc' dir='ltr'>Πέρσῃσι</span> <span class='ocrx_word' id='word_1_345' title='bbox 1528 2898 1611 2925; x_wconf 86' lang='lat' dir='ltr'>om.</span> <span class='ocrx_word' id='word_1_346' title='bbox 1636 2885 1714 2924; x_wconf 89' lang='lat' dir='ltr'>SV</span> <span class='ocrx_word' id='word_1_347' title='bbox 1730 2886 1766 2923; x_wconf 95' lang='lat' dir='ltr'><strong>U</strong></span> 
     </span>
     <span class='ocr_line' id='line_1_37' title="bbox 103 2940 1766 2997; baseline -0.003 -13"><span class='ocrx_word' id='word_1_348' title='bbox 103 2955 155 2992; x_wconf 85' lang='lat'>23</span> <span class='ocrx_word' id='word_1_349' title='bbox 186 2944 361 2997; x_wconf 80' lang='grc' dir='ltr'>πρήξωσι</span> <span class='ocrx_word' id='word_1_350' title='bbox 390 2942 441 2981; x_wconf 86' lang='lat' dir='ltr'>Cl</span> <span class='ocrx_word' id='word_1_351' title='bbox 594 2955 645 2991; x_wconf 88' lang='lat'>24</span> <span class='ocrx_word' id='word_1_352' title='bbox 678 2943 715 2983; x_wconf 81' lang='grc' dir='ltr'>οἴ</span> <span class='ocrx_word' id='word_1_353' title='bbox 745 2941 950 2993; x_wconf 86' lang='grc' dir='ltr'>σύμμαχοι</span> <span class='ocrx_word' id='word_1_354' title='bbox 982 2942 1136 2982; x_wconf 85' lang='grc' dir='ltr'>αὐτέων</span> <span class='ocrx_word' id='word_1_355' title='bbox 1167 2940 1303 2979; x_wconf 91' lang='lat' dir='ltr'>SVU</span> <span class='ocrx_word' id='word_1_356' title='bbox 1473 2952 1524 2990; x_wconf 87' lang='lat'>25</span> <span class='ocrx_word' id='word_1_357' title='bbox 1555 2942 1603 2980; x_wconf 79' lang='grc' dir='ltr'>τὸ</span> <span class='ocrx_word' id='word_1_358' title='bbox 1632 2940 1766 2979; x_wconf 90' lang='lat' dir='ltr'>SVU</span> 
     </span>
     <span class='ocr_line' id='line_1_38' title="bbox 103 2996 1029 3047; baseline -0.004 -9"><span class='ocrx_word' id='word_1_359' title='bbox 103 2998 128 3038; x_wconf 74' lang='grc' dir='ltr'>ἃ</span> <span class='ocrx_word' id='word_1_360' title='bbox 150 2998 370 3045; x_wconf 84' lang='grc' dir='ltr'>ἐβούλοντο</span> <span class='ocrx_word' id='word_1_361' title='bbox 392 2998 422 3036; x_wconf 89' lang='lat' dir='ltr'>S</span> <span class='ocrx_word' id='word_1_362' title='bbox 437 2998 472 3036; x_wconf 95' lang='lat' dir='ltr'>V</span> <span class='ocrx_word' id='word_1_363' title='bbox 490 2998 527 3036; x_wconf 94' lang='lat' dir='ltr'><strong>U</strong></span> <span class='ocrx_word' id='word_1_364' title='bbox 694 2998 748 3035; x_wconf 88' lang='lat'>26</span> <span class='ocrx_word' id='word_1_365' title='bbox 776 2999 974 3047; x_wconf 78' lang='grc' dir='ltr'>πολεμεῖν</span> <span class='ocrx_word' id='word_1_366' title='bbox 997 2996 1029 3034; x_wconf 93' lang='lat' dir='ltr'>L</span> 
     </span>
    </p>
   </div>
  </div>
 </body>
</html>
