<?xml version="1.0" encoding="UTF-8"?>
<!DOCTYPE html PUBLIC "-//W3C//DTD XHTML 1.0 Transitional//EN"
    "http://www.w3.org/TR/xhtml1/DTD/xhtml1-transitional.dtd">
<html xmlns="http://www.w3.org/1999/xhtml" xml:lang="en" lang="en">
 <head>
  <title>
</title>
<meta http-equiv="Content-Type" content="text/html;charset=utf-8" />
  <meta name='ocr-system' content='tesseract 3.04.00' />
  <meta name='ocr-capabilities' content='ocr_page ocr_carea ocr_par ocr_line ocrx_word'/>
</head>
<body>
  <div class='ocr_page' id='page_1' title='image "./herodotihistoria02herouoft_0367.png"; bbox 0 0 2132 3340; ppageno 0'>
   <div class='ocr_carea' id='block_1_1' title="bbox 755 127 2045 192">
    <p class='ocr_par' dir='ltr' id='par_1_1' title="bbox 755 127 2045 192">
     <span class='ocr_line' id='line_1_1' title="bbox 755 127 2045 192; baseline 0.002 -14"><span class='ocrx_word' id='word_1_1' title='bbox 755 130 1131 178; x_wconf 81' lang='grc' dir='ltr'>ιΣτοΡιΩΝ</span> <span class='ocrx_word' id='word_1_2' title='bbox 1193 131 1212 180; x_wconf 84' lang='lat'><em>1</em></span> <span class='ocrx_word' id='word_1_3' title='bbox 1851 127 2045 192; x_wconf 77' lang='lat' dir='ltr'><strong>1X.58·</strong></span> 
     </span>
    </p>
   </div>
   <div class='ocr_carea' id='block_1_2' title="bbox 0 257 2132 2727">
    <p class='ocr_par' dir='ltr' id='par_1_2' title="bbox 0 257 2132 2727">
     <span class='ocr_line' id='line_1_2' title="bbox 141 257 1813 332; baseline -0.004 -14"><span class='ocrx_word' id='word_1_4' title='bbox 141 266 278 331; x_wconf 79' lang='grc' dir='ltr'>ὑμεῖς</span> <span class='ocrx_word' id='word_1_5' title='bbox 301 265 396 332; x_wconf 81' lang='grc' dir='ltr'>γὰρ</span> <span class='ocrx_word' id='word_1_6' title='bbox 420 265 466 316; x_wconf 82' lang='grc' dir='ltr'>οἱ</span> <span class='ocrx_word' id='word_1_7' title='bbox 489 262 839 331; x_wconf 84' lang='grc' dir='ltr'>πλησιόχωροι</span> <span class='ocrx_word' id='word_1_8' title='bbox 862 261 1064 329; x_wconf 83' lang='grc' dir='ltr'>ἐλέγετε</span> <span class='ocrx_word' id='word_1_9' title='bbox 1088 263 1504 326; x_wconf 89' lang='grc' dir='ltr'>Λακεδαιμονίους</span> <span class='ocrx_word' id='word_1_10' title='bbox 1527 261 1583 312; x_wconf 85' lang='grc' dir='ltr'>οὐ</span> <span class='ocrx_word' id='word_1_11' title='bbox 1607 257 1813 328; x_wconf 85' lang='grc' dir='ltr'>φεύγειν</span> 
     </span>
     <span class='ocr_line' id='line_1_3' title="bbox 141 346 1814 417; baseline -0.002 -15"><span class='ocrx_word' id='word_1_12' title='bbox 141 352 195 402; x_wconf 91' lang='grc' dir='ltr'>ἐκ</span> <span class='ocrx_word' id='word_1_13' title='bbox 238 348 418 417; x_wconf 80' lang='grc' dir='ltr'>μάχης,</span> <span class='ocrx_word' id='word_1_14' title='bbox 466 349 600 400; x_wconf 78' lang='grc' dir='ltr'>ἀλλὰ</span> <span class='ocrx_word' id='word_1_15' title='bbox 644 347 824 414; x_wconf 87' lang='grc' dir='ltr'>ἄνδρας</span> <span class='ocrx_word' id='word_1_16' title='bbox 869 346 995 400; x_wconf 86' lang='grc' dir='ltr'>εἶναι</span> <span class='ocrx_word' id='word_1_17' title='bbox 1037 348 1098 398; x_wconf 79' lang='grc' dir='ltr'>τὰ</span> <span class='ocrx_word' id='word_1_18' title='bbox 1143 346 1359 412; x_wconf 90' lang='grc' dir='ltr'>πολέμια</span> <span class='ocrx_word' id='word_1_19' title='bbox 1403 346 1640 412; x_wconf 82' lang='grc' dir='ltr'>πρώτους·</span> <span class='ocrx_word' id='word_1_20' title='bbox 1701 346 1814 399; x_wconf 83' lang='grc' dir='ltr'>τοὺς</span> 
     </span>
     <span class='ocr_line' id='line_1_4' title="bbox 141 429 1813 502; baseline -0.003 -15"><span class='ocrx_word' id='word_1_21' title='bbox 141 434 384 502; x_wconf 90' lang='grc' dir='ltr'>πρότερόν</span> <span class='ocrx_word' id='word_1_22' title='bbox 414 454 470 485; x_wconf 92' lang='grc' dir='ltr'>τε</span> <span class='ocrx_word' id='word_1_23' title='bbox 497 431 887 499; x_wconf 81' lang='grc' dir='ltr'>μετισταμένους</span> <span class='ocrx_word' id='word_1_24' title='bbox 919 433 973 482; x_wconf 86' lang='grc' dir='ltr'>ἐκ</span> <span class='ocrx_word' id='word_1_25' title='bbox 1002 434 1091 496; x_wconf 87' lang='grc' dir='ltr'>τῆς</span> <span class='ocrx_word' id='word_1_26' title='bbox 1119 429 1289 495; x_wconf 80' lang='grc' dir='ltr'>τάξιος</span> <span class='ocrx_word' id='word_1_27' title='bbox 1320 433 1490 490; x_wconf 86' lang='grc' dir='ltr'>εἴδετε,</span> <span class='ocrx_word' id='word_1_28' title='bbox 1524 435 1610 483; x_wconf 90' lang='grc' dir='ltr'>νῦν</span> <span class='ocrx_word' id='word_1_29' title='bbox 1633 452 1688 483; x_wconf 92' lang='grc' dir='ltr'>τε</span> <span class='ocrx_word' id='word_1_30' title='bbox 1716 429 1813 482; x_wconf 83' lang='grc' dir='ltr'>ὑπὸ</span> 
     </span>
     <span class='ocr_line' id='line_1_5' title="bbox 141 514 1810 586; baseline -0.001 -15"><span class='ocrx_word' id='word_1_31' title='bbox 141 518 230 584; x_wconf 82' lang='grc' dir='ltr'>τὴν</span> <span class='ocrx_word' id='word_1_32' title='bbox 266 516 636 586; x_wconf 82' lang='grc' dir='ltr'>παροιχομένην</span> <span class='ocrx_word' id='word_1_33' title='bbox 673 516 823 569; x_wconf 84' lang='grc' dir='ltr'>νύκτα</span> <span class='ocrx_word' id='word_1_34' title='bbox 863 517 940 569; x_wconf 87' lang='grc' dir='ltr'>καὶ</span> <span class='ocrx_word' id='word_1_35' title='bbox 979 518 1024 568; x_wconf 80' lang='grc' dir='ltr'>οἱ</span> <span class='ocrx_word' id='word_1_36' title='bbox 1061 515 1243 570; x_wconf 87' lang='grc' dir='ltr'>πάντες</span> <span class='ocrx_word' id='word_1_37' title='bbox 1278 517 1467 583; x_wconf 84' lang='grc' dir='ltr'>ὁρῶμεν</span> <span class='ocrx_word' id='word_1_38' title='bbox 1504 514 1810 582; x_wconf 79' lang='grc' dir='ltr'>διαδράντας·</span> 
     </span>
     <span class='ocr_line' id='line_1_6' title="bbox 93 599 1863 669; baseline -0.001 -14"><span class='ocrx_word' id='word_1_39' title='bbox 93 627 116 668; x_wconf 85' lang='lat'>5</span> <span class='ocrx_word' id='word_1_40' title='bbox 141 601 363 668; x_wconf 82' lang='grc' dir='ltr'>διέδεξάν</span> <span class='ocrx_word' id='word_1_41' title='bbox 391 623 461 661; x_wconf 89' lang='grc' dir='ltr'>τε,</span> <span class='ocrx_word' id='word_1_42' title='bbox 496 602 608 654; x_wconf 91' lang='grc' dir='ltr'>ἐπεί</span> <span class='ocrx_word' id='word_1_43' title='bbox 641 609 806 669; x_wconf 89' lang='grc' dir='ltr'>σφεας</span> <span class='ocrx_word' id='word_1_44' title='bbox 847 601 954 653; x_wconf 86' lang='grc' dir='ltr'>ἔδεε</span> <span class='ocrx_word' id='word_1_45' title='bbox 984 600 1105 667; x_wconf 88' lang='grc' dir='ltr'>πρὸς</span> <span class='ocrx_word' id='word_1_46' title='bbox 1134 600 1248 654; x_wconf 82' lang='grc' dir='ltr'>τοὺς</span> <span class='ocrx_word' id='word_1_47' title='bbox 1285 599 1543 668; x_wconf 83' lang='grc' dir='ltr'>ἀψευδέως</span> <span class='ocrx_word' id='word_1_48' title='bbox 1579 601 1813 667; x_wconf 83' lang='grc' dir='ltr'>ἀρίστους</span> <span class='ocrx_word' id='word_1_49' title='bbox 1860 656 1863 658; x_wconf 78' lang='grc'>,</span> 
     </span>
     <span class='ocr_line' id='line_1_7' title="bbox 141 672 1812 759; baseline -0.001 -20"><span class='ocrx_word' id='word_1_50' title='bbox 141 687 413 755; x_wconf 91' lang='grc' dir='ltr'>ἀνθρώπων</span> <span class='ocrx_word' id='word_1_51' title='bbox 463 685 600 759; x_wconf 83' lang='grc' dir='ltr'>μάχῃ</span> <span class='ocrx_word' id='word_1_52' title='bbox 649 689 972 753; x_wconf 87' lang='grc' dir='ltr'>διακριθῆναι,</span> <span class='ocrx_word' id='word_1_53' title='bbox 1021 687 1096 737; x_wconf 89' lang='grc' dir='ltr'>ὅτι</span> <span class='ocrx_word' id='word_1_54' title='bbox 1149 684 1344 738; x_wconf 83' lang='grc' dir='ltr'>οὐδένες</span> <span class='ocrx_word' id='word_1_55' title='bbox 1395 684 1490 751; x_wconf 85' lang='grc' dir='ltr'>ἄρα</span> <span class='ocrx_word' id='word_1_56' title='bbox 1541 685 1707 738; x_wconf 89' lang='grc' dir='ltr'>ἐόντες</span> <span class='ocrx_word' id='word_1_57' title='bbox 1750 672 1812 737; x_wconf 75' lang='grc' dir='ltr'>ἐν</span> 
     </span>
     <span class='ocr_line' id='line_1_8' title="bbox 140 769 1875 838; baseline -0.002 -14"><span class='ocrx_word' id='word_1_58' title='bbox 140 772 401 838; x_wconf 83' lang='grc' dir='ltr'>οὐδαμοῖσι</span> <span class='ocrx_word' id='word_1_59' title='bbox 426 770 804 836; x_wconf 72' lang='grc' dir='ltr'>ἐοῦσιἽΞλλησι</span> <span class='ocrx_word' id='word_1_60' title='bbox 827 769 1252 823; x_wconf 87' lang='grc' dir='ltr'>ἐναπεδεικνύατο.</span> <span class='ocrx_word' id='word_1_61' title='bbox 1321 770 1400 821; x_wconf 91' lang='grc' dir='ltr'>καὶ</span> <span class='ocrx_word' id='word_1_62' title='bbox 1422 770 1536 835; x_wconf 83' lang='grc' dir='ltr'>ὑμῖν</span> <span class='ocrx_word' id='word_1_63' title='bbox 1558 772 1649 835; x_wconf 81' lang='grc' dir='ltr'>μὲν</span> <span class='ocrx_word' id='word_1_64' title='bbox 1674 771 1811 821; x_wconf 81' lang='grc' dir='ltr'>ἐοῦσι</span> <span class='ocrx_word' id='word_1_65' title='bbox 1849 790 1875 834; x_wconf 90' lang='lat'>3</span> 
     </span>
     <span class='ocr_line' id='line_1_9' title="bbox 142 855 1808 924; baseline -0.002 -16"><span class='ocrx_word' id='word_1_66' title='bbox 142 855 385 924; x_wconf 91' lang='grc' dir='ltr'>Περσέων</span> <span class='ocrx_word' id='word_1_67' title='bbox 427 857 679 924; x_wconf 84' lang='grc' dir='ltr'>ἀπείροισι</span> <span class='ocrx_word' id='word_1_68' title='bbox 718 855 883 920; x_wconf 77' lang='grc' dir='ltr'>πολλὴ</span> <span class='ocrx_word' id='word_1_69' title='bbox 927 855 980 907; x_wconf 89' lang='grc' dir='ltr'>ἔκ</span> <span class='ocrx_word' id='word_1_70' title='bbox 1021 877 1080 922; x_wconf 91' lang='grc' dir='ltr'>γε</span> <span class='ocrx_word' id='word_1_71' title='bbox 1124 856 1241 920; x_wconf 82' lang='grc' dir='ltr'>ἐμεῦ</span> <span class='ocrx_word' id='word_1_72' title='bbox 1285 855 1476 922; x_wconf 89' lang='grc' dir='ltr'>ἐγίνετο</span> <span class='ocrx_word' id='word_1_73' title='bbox 1521 855 1808 922; x_wconf 84' lang='grc' dir='ltr'>συγγνώμη,</span> 
     </span>
     <span class='ocr_line' id='line_1_10' title="bbox 140 937 2132 1025; baseline -0.002 -32"><span class='ocrx_word' id='word_1_74' title='bbox 140 941 472 993; x_wconf 89' lang='grc' dir='ltr'>ἐπαινεόντων</span> <span class='ocrx_word' id='word_1_75' title='bbox 496 940 698 994; x_wconf 87' lang='grc' dir='ltr'>τούτους</span> <span class='ocrx_word' id='word_1_76' title='bbox 729 941 866 992; x_wconf 83' lang='grc' dir='ltr'>τοῖσί</span> <span class='ocrx_word' id='word_1_77' title='bbox 893 961 940 992; x_wconf 92' lang='grc' dir='ltr'>τι</span> <span class='ocrx_word' id='word_1_78' title='bbox 971 940 1049 992; x_wconf 89' lang='grc' dir='ltr'>καὶ</span> <span class='ocrx_word' id='word_1_79' title='bbox 1081 938 1369 1011; x_wconf 86' lang='grc' dir='ltr'>συνῃδέατε·</span> <span class='ocrx_word' id='word_1_80' title='bbox 1415 938 1728 1006; x_wconf 78' lang='grc' dir='ltr'>Ἀρταβάζου</span> <span class='ocrx_word' id='word_1_81' title='bbox 1758 942 1812 991; x_wconf 83' lang='grc' dir='ltr'>δὲ</span> <span class='ocrx_word' id='word_1_82' title='bbox 1833 937 2132 1025; x_wconf 44' lang='grc' dir='ltr'>’μ’-’Ὢ</span> 
     </span>
     <span class='ocr_line' id='line_1_11' title="bbox 67 1003 2020 1092; baseline -0.001 -15"><span class='ocrx_word' id='word_1_83' title='bbox 67 1049 116 1077; x_wconf 88' lang='lat'>10</span> <span class='ocrx_word' id='word_1_84' title='bbox 138 1028 277 1092; x_wconf 80' lang='grc' dir='ltr'>θῶμα</span> <span class='ocrx_word' id='word_1_85' title='bbox 309 1026 387 1077; x_wconf 89' lang='grc' dir='ltr'>καὶ</span> <span class='ocrx_word' id='word_1_86' title='bbox 415 1029 614 1091; x_wconf 79' lang='grc' dir='ltr'>μᾶλλον</span> <span class='ocrx_word' id='word_1_87' title='bbox 647 1025 911 1090; x_wconf 85' lang='grc' dir='ltr'>ἐποιεύμην</span> <span class='ocrx_word' id='word_1_88' title='bbox 941 1024 996 1076; x_wconf 87' lang='grc' dir='ltr'>τὸ</span> <span class='ocrx_word' id='word_1_89' title='bbox 1020 1020 1135 1090; x_wconf 82' lang='grc' dir='ltr'>[καὶ]</span> <span class='ocrx_word' id='word_1_90' title='bbox 1161 1026 1536 1090; x_wconf 88' lang='grc' dir='ltr'>καταρρωδῆσαι</span> <span class='ocrx_word' id='word_1_91' title='bbox 1565 1027 1809 1076; x_wconf 89' lang='grc' dir='ltr'>Λακεδαι-</span> <span class='ocrx_word' id='word_1_92' title='bbox 1998 1003 2020 1034; x_wconf 63' lang='lat'>⁸</span> 
     </span>
     <span class='ocr_line' id='line_1_12' title="bbox 136 1107 1808 1177; baseline 0 -16"><span class='ocrx_word' id='word_1_93' title='bbox 136 1111 338 1176; x_wconf 89' lang='grc' dir='ltr'>μονίους</span> <span class='ocrx_word' id='word_1_94' title='bbox 364 1107 813 1177; x_wconf 88' lang='grc' dir='ltr'>καταρρωδήσαντά</span> <span class='ocrx_word' id='word_1_95' title='bbox 836 1131 888 1161; x_wconf 89' lang='grc' dir='ltr'>τε</span> <span class='ocrx_word' id='word_1_96' title='bbox 914 1107 1255 1173; x_wconf 82' lang='grc' dir='ltr'>ἀποδέξασθαι</span> <span class='ocrx_word' id='word_1_97' title='bbox 1274 1109 1476 1175; x_wconf 85' lang='grc' dir='ltr'>γνώμην</span> <span class='ocrx_word' id='word_1_98' title='bbox 1500 1108 1808 1174; x_wconf 84' lang='grc' dir='ltr'>δειλοτάτην,</span> 
     </span>
     <span class='ocr_line' id='line_1_13' title="bbox 139 1192 1806 1263; baseline -0.002 -17"><span class='ocrx_word' id='word_1_99' title='bbox 139 1195 204 1249; x_wconf 84' lang='grc' dir='ltr'>ὡς</span> <span class='ocrx_word' id='word_1_100' title='bbox 233 1193 386 1263; x_wconf 88' lang='grc' dir='ltr'>χρεὸν</span> <span class='ocrx_word' id='word_1_101' title='bbox 417 1196 491 1259; x_wconf 85' lang='grc' dir='ltr'>εἴη</span> <span class='ocrx_word' id='word_1_102' title='bbox 523 1192 884 1258; x_wconf 78' lang='grc' dir='ltr'>ἀναζεύξαντας</span> <span class='ocrx_word' id='word_1_103' title='bbox 914 1193 971 1246; x_wconf 86' lang='grc' dir='ltr'>τὸ</span> <span class='ocrx_word' id='word_1_104' title='bbox 1002 1194 1341 1260; x_wconf 90' lang='grc' dir='ltr'>στρατόπεδον</span> <span class='ocrx_word' id='word_1_105' title='bbox 1371 1192 1497 1245; x_wconf 82' lang='grc' dir='ltr'>ἰέναι</span> <span class='ocrx_word' id='word_1_106' title='bbox 1533 1194 1583 1246; x_wconf 90' lang='grc' dir='ltr'>ἐς</span> <span class='ocrx_word' id='word_1_107' title='bbox 1613 1192 1669 1244; x_wconf 88' lang='grc' dir='ltr'>τὸ</span> <span class='ocrx_word' id='word_1_108' title='bbox 1702 1196 1806 1258; x_wconf 83' lang='grc' dir='ltr'>Θη-</span> 
     </span>
     <span class='ocr_line' id='line_1_14' title="bbox 137 1268 2132 1350; baseline -0.001 -19"><span class='ocrx_word' id='word_1_109' title='bbox 137 1281 301 1345; x_wconf 91' lang='grc' dir='ltr'>βαίων</span> <span class='ocrx_word' id='word_1_110' title='bbox 331 1278 459 1331; x_wconf 84' lang='grc' dir='ltr'>ἄστυ</span> <span class='ocrx_word' id='word_1_111' title='bbox 489 1268 995 1348; x_wconf 52' lang='grc' dir='ltr'>πολιοριςῃρομένους·</span> <span class='ocrx_word' id='word_1_112' title='bbox 1040 1278 1130 1342; x_wconf 81' lang='grc' dir='ltr'>τὴν</span> <span class='ocrx_word' id='word_1_113' title='bbox 1162 1278 1233 1330; x_wconf 87' lang='grc' dir='ltr'>ἔτι</span> <span class='ocrx_word' id='word_1_114' title='bbox 1265 1277 1387 1343; x_wconf 89' lang='grc' dir='ltr'>πρὸς</span> <span class='ocrx_word' id='word_1_115' title='bbox 1418 1279 1534 1343; x_wconf 88' lang='grc' dir='ltr'>ἐμεῦ</span> <span class='ocrx_word' id='word_1_116' title='bbox 1563 1278 1811 1343; x_wconf 83' lang='grc' dir='ltr'>βασιλεὺς</span> <span class='ocrx_word' id='word_1_117' title='bbox 1830 1282 2132 1350; x_wconf 45' lang='grc' dir='ltr'>(ἰαί-κοῖα,</span> 
     </span>
     <span class='ocr_line' id='line_1_15' title="bbox 137 1356 1875 1430; baseline -0.002 -14"><span class='ocrx_word' id='word_1_118' title='bbox 137 1365 390 1416; x_wconf 89' lang='grc' dir='ltr'>πεύσεται.</span> <span class='ocrx_word' id='word_1_119' title='bbox 481 1363 559 1415; x_wconf 90' lang='grc' dir='ltr'>καὶ</span> <span class='ocrx_word' id='word_1_120' title='bbox 603 1364 791 1416; x_wconf 90' lang='grc' dir='ltr'>τούτων</span> <span class='ocrx_word' id='word_1_121' title='bbox 834 1366 925 1429; x_wconf 75' lang='grc' dir='ltr'>μὲν</span> <span class='ocrx_word' id='word_1_122' title='bbox 970 1362 1173 1430; x_wconf 86' lang='grc' dir='ltr'>ἑτέρωθι</span> <span class='ocrx_word' id='word_1_123' title='bbox 1217 1362 1360 1414; x_wconf 87' lang='grc' dir='ltr'>ἔσται</span> <span class='ocrx_word' id='word_1_124' title='bbox 1391 1356 1573 1429; x_wconf 85' lang='grc' dir='ltr'>λόγος·</span> <span class='ocrx_word' id='word_1_125' title='bbox 1626 1367 1714 1414; x_wconf 90' lang='grc' dir='ltr'>νῦν</span> <span class='ocrx_word' id='word_1_126' title='bbox 1759 1365 1810 1414; x_wconf 85' lang='grc' dir='ltr'>δὲ</span> <span class='ocrx_word' id='word_1_127' title='bbox 1848 1384 1875 1425; x_wconf 85' lang='grc'>4</span> 
     </span>
     <span class='ocr_line' id='line_1_16' title="bbox 66 1447 2132 1520; baseline 0 -22"><span class='ocrx_word' id='word_1_128' title='bbox 66 1470 112 1511; x_wconf 87' lang='lat'>¹5</span> <span class='ocrx_word' id='word_1_129' title='bbox 137 1450 380 1515; x_wconf 58' lang='grc' dir='ltr'>ἐκείνοισι</span> <span class='ocrx_word' id='word_1_130' title='bbox 402 1452 555 1519; x_wconf 64' lang='grc' dir='ltr'>ταῦτα</span> <span class='ocrx_word' id='word_1_131' title='bbox 575 1453 786 1520; x_wconf 50' lang='grc' dir='ltr'>,ποιεῦσι</span> <span class='ocrx_word' id='word_1_132' title='bbox 817 1448 903 1499; x_wconf 83' lang='grc' dir='ltr'>οὐκ</span> <span class='ocrx_word' id='word_1_133' title='bbox 935 1447 1230 1514; x_wconf 76' lang='grc' dir='ltr'>ἐπιτρεπτέα</span> <span class='ocrx_word' id='word_1_134' title='bbox 1266 1448 1391 1510; x_wconf 86' lang='grc' dir='ltr'>ἐστί,</span> <span class='ocrx_word' id='word_1_135' title='bbox 1425 1448 1558 1498; x_wconf 80' lang='grc' dir='ltr'>ἀλλὰ</span> <span class='ocrx_word' id='word_1_136' title='bbox 1589 1447 2132 1519; x_wconf 49' lang='grc' dir='ltr'>διωκτέοιΦΕ-ῚΜυ</span> 
     </span>
     <span class='ocr_line' id='line_1_17' title="bbox 138 1504 2123 1600; baseline -0.001 -15"><span class='ocrx_word' id='word_1_137' title='bbox 138 1535 238 1586; x_wconf 84' lang='grc' dir='ltr'>εἰσὶ</span> <span class='ocrx_word' id='word_1_138' title='bbox 280 1536 331 1587; x_wconf 90' lang='grc' dir='ltr'>ἐς</span> <span class='ocrx_word' id='word_1_139' title='bbox 370 1531 396 1584; x_wconf 85' lang='grc' dir='ltr'><strong><em>ὃ</em></strong></span> <span class='ocrx_word' id='word_1_140' title='bbox 439 1532 879 1600; x_wconf 86' lang='grc' dir='ltr'>καταλαμφθέντες</span> <span class='ocrx_word' id='word_1_141' title='bbox 919 1533 1142 1584; x_wconf 88' lang='grc' dir='ltr'>δώσουσι</span> <span class='ocrx_word' id='word_1_142' title='bbox 1179 1533 1297 1597; x_wconf 85' lang='grc' dir='ltr'>ἡμῖν</span> <span class='ocrx_word' id='word_1_143' title='bbox 1333 1537 1433 1583; x_wconf 85' lang='grc' dir='ltr'>τῶν</span> <span class='ocrx_word' id='word_1_144' title='bbox 1469 1532 1528 1596; x_wconf 82' lang='grc' dir='ltr'>δὴ</span> <span class='ocrx_word' id='word_1_145' title='bbox 1567 1533 1811 1596; x_wconf 88' lang='grc' dir='ltr'>ἐποίησαν</span> <span class='ocrx_word' id='word_1_146' title='bbox 1965 1504 2123 1568; x_wconf 51' lang='lat'>‘⁵²7¹&#39;</span> 
     </span>
     <span class='ocr_line' id='line_1_18' title="bbox 138 1612 1917 1686; baseline -0.001 -17"><span class='ocrx_word' id='word_1_147' title='bbox 138 1617 344 1685; x_wconf 90' lang='grc' dir='ltr'>Πέρσας</span> <span class='ocrx_word' id='word_1_148' title='bbox 366 1616 564 1670; x_wconf 86' lang='grc' dir='ltr'>πάντων</span> <span class='ocrx_word' id='word_1_149' title='bbox 590 1619 741 1671; x_wconf 91' lang='grc' dir='ltr'>δίκας.</span> <span class='ocrx_word' id='word_1_150' title='bbox 811 1612 964 1669; x_wconf 88' lang='grc' dir='ltr'>ταῦτα</span> <span class='ocrx_word' id='word_1_151' title='bbox 993 1620 1135 1670; x_wconf 85' lang='grc' dir='ltr'>εἴπας</span> <span class='ocrx_word' id='word_1_152' title='bbox 1158 1615 1249 1684; x_wconf 81' lang='grc' dir='ltr'>ἦγε</span> <span class='ocrx_word' id='word_1_153' title='bbox 1277 1616 1392 1670; x_wconf 82' lang='grc' dir='ltr'>τοὺς</span> <span class='ocrx_word' id='word_1_154' title='bbox 1418 1615 1623 1683; x_wconf 89' lang='grc' dir='ltr'>Πέρσας</span> <span class='ocrx_word' id='word_1_155' title='bbox 1647 1618 1808 1686; x_wconf 83' lang='grc' dir='ltr'>δρόμῳ</span> <span class='ocrx_word' id='word_1_156' title='bbox 1847 1635 1917 1684; x_wconf 83' lang='grc'>59</span> 
     </span>
     <span class='ocr_line' id='line_1_19' title="bbox 138 1700 1809 1768; baseline -0.001 -14"><span class='ocrx_word' id='word_1_157' title='bbox 138 1701 414 1768; x_wconf 83' lang='grc' dir='ltr'>διαβάντας</span> <span class='ocrx_word' id='word_1_158' title='bbox 450 1701 535 1754; x_wconf 88' lang='grc' dir='ltr'>τὸν</span> <span class='ocrx_word' id='word_1_159' title='bbox 566 1701 805 1754; x_wconf 86' lang='grc' dir='ltr'>Ἀσωπὸν</span> <span class='ocrx_word' id='word_1_160' title='bbox 842 1703 965 1754; x_wconf 82' lang='grc' dir='ltr'>κατὰ</span> <span class='ocrx_word' id='word_1_161' title='bbox 1003 1702 1187 1767; x_wconf 90' lang='grc' dir='ltr'>στίβον</span> <span class='ocrx_word' id='word_1_162' title='bbox 1217 1706 1316 1753; x_wconf 84' lang='grc' dir='ltr'>τῶν</span> <span class='ocrx_word' id='word_1_163' title='bbox 1345 1700 1612 1766; x_wconf 86' lang='grc' dir='ltr'>Ἑλλήνων</span> <span class='ocrx_word' id='word_1_164' title='bbox 1649 1700 1714 1755; x_wconf 80' lang='grc' dir='ltr'>ὡς</span> <span class='ocrx_word' id='word_1_165' title='bbox 1750 1701 1809 1766; x_wconf 80' lang='grc' dir='ltr'>δὴ</span> 
     </span>
     <span class='ocr_line' id='line_1_20' title="bbox 138 1785 1808 1855; baseline -0.002 -16"><span class='ocrx_word' id='word_1_166' title='bbox 138 1787 622 1854; x_wconf 89' lang='grc' dir='ltr'>ἀποδιδρησκόντων,</span> <span class='ocrx_word' id='word_1_167' title='bbox 678 1785 852 1855; x_wconf 84' lang='grc' dir='ltr'>ἐπεῖχέ</span> <span class='ocrx_word' id='word_1_168' title='bbox 902 1808 957 1838; x_wconf 92' lang='grc' dir='ltr'>τε</span> <span class='ocrx_word' id='word_1_169' title='bbox 1014 1786 1096 1838; x_wconf 87' lang='grc' dir='ltr'>ἐπὶ</span> <span class='ocrx_word' id='word_1_170' title='bbox 1146 1786 1562 1851; x_wconf 89' lang='grc' dir='ltr'>Λακεδαιμονίους</span> <span class='ocrx_word' id='word_1_171' title='bbox 1612 1807 1668 1838; x_wconf 90' lang='grc' dir='ltr'>τε</span> <span class='ocrx_word' id='word_1_172' title='bbox 1728 1786 1808 1837; x_wconf 92' lang='grc' dir='ltr'>καὶ</span> 
     </span>
     <span class='ocr_line' id='line_1_21' title="bbox 64 1869 1806 1940; baseline 0.001 -20"><span class='ocrx_word' id='word_1_173' title='bbox 64 1891 114 1920; x_wconf 88' lang='lat'>20</span> <span class='ocrx_word' id='word_1_174' title='bbox 135 1870 389 1940; x_wconf 88' lang='grc' dir='ltr'>Τεγεήτας</span> <span class='ocrx_word' id='word_1_175' title='bbox 417 1872 643 1937; x_wconf 88' lang='grc' dir='ltr'>μούνους·</span> <span class='ocrx_word' id='word_1_176' title='bbox 686 1870 980 1935; x_wconf 88' lang='grc' dir='ltr'>Ἀθηναίους</span> <span class='ocrx_word' id='word_1_177' title='bbox 1002 1873 1098 1937; x_wconf 77' lang='grc' dir='ltr'>γὰρ</span> <span class='ocrx_word' id='word_1_178' title='bbox 1121 1869 1458 1937; x_wconf 87' lang='grc' dir='ltr'>τραπομένους</span> <span class='ocrx_word' id='word_1_179' title='bbox 1479 1872 1531 1924; x_wconf 87' lang='grc' dir='ltr'>ἐς</span> <span class='ocrx_word' id='word_1_180' title='bbox 1553 1869 1610 1922; x_wconf 90' lang='grc' dir='ltr'>τὸ</span> <span class='ocrx_word' id='word_1_181' title='bbox 1634 1872 1806 1922; x_wconf 88' lang='grc' dir='ltr'>πεδίον</span> 
     </span>
     <span class='ocr_line' id='line_1_22' title="bbox 134 1954 1872 2024; baseline 0.001 -16"><span class='ocrx_word' id='word_1_182' title='bbox 134 1957 229 2010; x_wconf 83' lang='grc' dir='ltr'>ὑπὸ</span> <span class='ocrx_word' id='word_1_183' title='bbox 260 1960 358 2009; x_wconf 83' lang='grc' dir='ltr'>τῶν</span> <span class='ocrx_word' id='word_1_184' title='bbox 390 1958 556 2024; x_wconf 88' lang='grc' dir='ltr'>ὄχθων</span> <span class='ocrx_word' id='word_1_185' title='bbox 579 1955 635 2007; x_wconf 83' lang='grc' dir='ltr'>οὐ</span> <span class='ocrx_word' id='word_1_186' title='bbox 667 1956 876 2022; x_wconf 89' lang='grc' dir='ltr'>κατώρα.</span> <span class='ocrx_word' id='word_1_187' title='bbox 948 1954 1149 2021; x_wconf 89' lang='grc' dir='ltr'>Πέρσας</span> <span class='ocrx_word' id='word_1_188' title='bbox 1181 1958 1234 2007; x_wconf 83' lang='grc' dir='ltr'>δὲ</span> <span class='ocrx_word' id='word_1_189' title='bbox 1265 1956 1483 2022; x_wconf 82' lang='grc' dir='ltr'>ὁρῶντες</span> <span class='ocrx_word' id='word_1_190' title='bbox 1504 1954 1807 2021; x_wconf 88' lang='grc' dir='ltr'>ὁρμημένους</span> <span class='ocrx_word' id='word_1_191' title='bbox 1846 1978 1872 2010; x_wconf 88' lang='lat'>2</span> 
     </span>
     <span class='ocr_line' id='line_1_23' title="bbox 136 2039 1806 2107; baseline 0 -15"><span class='ocrx_word' id='word_1_192' title='bbox 136 2041 328 2093; x_wconf 89' lang='grc' dir='ltr'>διώκειν</span> <span class='ocrx_word' id='word_1_193' title='bbox 368 2041 482 2094; x_wconf 89' lang='grc' dir='ltr'>τοὺς</span> <span class='ocrx_word' id='word_1_194' title='bbox 513 2039 775 2106; x_wconf 65' lang='grc' dir='ltr'>“Ελληνας</span> <span class='ocrx_word' id='word_1_195' title='bbox 816 2042 861 2092; x_wconf 80' lang='grc' dir='ltr'>οἱ</span> <span class='ocrx_word' id='word_1_196' title='bbox 900 2039 1070 2092; x_wconf 88' lang='grc' dir='ltr'>λοιποὶ</span> <span class='ocrx_word' id='word_1_197' title='bbox 1110 2044 1208 2091; x_wconf 82' lang='grc' dir='ltr'>τῶν</span> <span class='ocrx_word' id='word_1_198' title='bbox 1252 2044 1579 2107; x_wconf 81' lang='grc' dir='ltr'>βαρβαρικῶν</span> <span class='ocrx_word' id='word_1_199' title='bbox 1619 2039 1806 2092; x_wconf 89' lang='grc' dir='ltr'>τελέων</span> 
     </span>
     <span class='ocr_line' id='line_1_24' title="bbox 135 2123 1806 2194; baseline 0.001 -18"><span class='ocrx_word' id='word_1_200' title='bbox 135 2125 374 2194; x_wconf 80' lang='grc' dir='ltr'>ἄρχοντες</span> <span class='ocrx_word' id='word_1_201' title='bbox 419 2125 590 2177; x_wconf 84' lang='grc' dir='ltr'>αὐτίκα</span> <span class='ocrx_word' id='word_1_202' title='bbox 634 2124 815 2179; x_wconf 89' lang='grc' dir='ltr'>πάντες</span> <span class='ocrx_word' id='word_1_203' title='bbox 859 2124 983 2191; x_wconf 79' lang='grc' dir='ltr'>ἦραν</span> <span class='ocrx_word' id='word_1_204' title='bbox 1026 2126 1088 2175; x_wconf 80' lang='grc' dir='ltr'>τὰ</span> <span class='ocrx_word' id='word_1_205' title='bbox 1134 2123 1323 2190; x_wconf 87' lang='grc' dir='ltr'>σημήια</span> <span class='ocrx_word' id='word_1_206' title='bbox 1368 2125 1447 2176; x_wconf 83' lang='grc' dir='ltr'>καὶ</span> <span class='ocrx_word' id='word_1_207' title='bbox 1492 2126 1696 2176; x_wconf 89' lang='grc' dir='ltr'>ἐδίωκον</span> <span class='ocrx_word' id='word_1_208' title='bbox 1741 2125 1806 2178; x_wconf 83' lang='grc' dir='ltr'>ὡς</span> 
     </span>
     <span class='ocr_line' id='line_1_25' title="bbox 0 2206 1804 2279; baseline -0.002 -14"><span class='ocrx_word' id='word_1_209' title='bbox 0 2214 87 2265; x_wconf 62' lang='lat' dir='ltr'>»ka</span> <span class='ocrx_word' id='word_1_210' title='bbox 135 2214 302 2263; x_wconf 84' lang='grc' dir='ltr'>ποδῶν</span> <span class='ocrx_word' id='word_1_211' title='bbox 333 2210 544 2263; x_wconf 81' lang='grc' dir='ltr'>ἕκαστος</span> <span class='ocrx_word' id='word_1_212' title='bbox 581 2209 735 2278; x_wconf 76' lang='grc' dir='ltr'>εἶχον,</span> <span class='ocrx_word' id='word_1_213' title='bbox 768 2209 879 2261; x_wconf 83' lang='grc' dir='ltr'>οὔτε</span> <span class='ocrx_word' id='word_1_214' title='bbox 918 2210 1087 2279; x_wconf 68' lang='grc' dir='ltr'>κόσμῳ</span> <span class='ocrx_word' id='word_1_215' title='bbox 1125 2209 1286 2261; x_wconf 86' lang='grc' dir='ltr'>οὐδενὶ</span> <span class='ocrx_word' id='word_1_216' title='bbox 1323 2208 1656 2274; x_wconf 87' lang='grc' dir='ltr'>κοσμηθέντες</span> <span class='ocrx_word' id='word_1_217' title='bbox 1691 2206 1804 2261; x_wconf 85' lang='grc' dir='ltr'>οὔτε</span> 
     </span>
     <span class='ocr_line' id='line_1_26' title="bbox 0 2292 1799 2374; baseline -0.001 -28"><span class='ocrx_word' id='word_1_218' title='bbox 0 2293 260 2374; x_wconf 46' lang='grc' dir='ltr'>..ἧξτέξα</span> <span class='ocrx_word' id='word_1_219' title='bbox 326 2295 405 2347; x_wconf 86' lang='grc' dir='ltr'>καὶ</span> <span class='ocrx_word' id='word_1_220' title='bbox 430 2294 562 2346; x_wconf 78' lang='grc' dir='ltr'>οὗτοι</span> <span class='ocrx_word' id='word_1_221' title='bbox 585 2297 676 2360; x_wconf 82' lang='grc' dir='ltr'>μὲν</span> <span class='ocrx_word' id='word_1_222' title='bbox 698 2299 800 2367; x_wconf 82' lang='grc' dir='ltr'>βοῇ</span> <span class='ocrx_word' id='word_1_223' title='bbox 822 2315 876 2346; x_wconf 90' lang='grc' dir='ltr'>τε</span> <span class='ocrx_word' id='word_1_224' title='bbox 900 2295 980 2346; x_wconf 89' lang='grc' dir='ltr'>καὶ</span> <span class='ocrx_word' id='word_1_225' title='bbox 1003 2294 1160 2363; x_wconf 82' lang='grc' dir='ltr'>ὁμίλῳ</span> <span class='ocrx_word' id='word_1_226' title='bbox 1187 2292 1402 2358; x_wconf 90' lang='grc' dir='ltr'>ἐπήισαν</span> <span class='ocrx_word' id='word_1_227' title='bbox 1427 2293 1491 2347; x_wconf 81' lang='grc' dir='ltr'>ὡς</span> <span class='ocrx_word' id='word_1_228' title='bbox 1516 2294 1799 2360; x_wconf 91' lang='grc' dir='ltr'>ἀναρπασό-</span> 
     </span>
     <span class='ocr_line' id='line_1_27' title="bbox 0 2362 1914 2445; baseline 0 -13"><span class='ocrx_word' id='word_1_229' title='bbox 0 2362 115 2401; x_wconf 59' lang='lat'>‘¹⁶⁸⁴&#39;</span> <span class='ocrx_word' id='word_1_230' title='bbox 132 2400 272 2445; x_wconf 92' lang='grc' dir='ltr'>μενοι</span> <span class='ocrx_word' id='word_1_231' title='bbox 300 2379 413 2433; x_wconf 82' lang='grc' dir='ltr'>τοὺς</span> <span class='ocrx_word' id='word_1_232' title='bbox 429 2377 707 2444; x_wconf 59' lang='grc' dir='ltr'>’Ἐλληναφ</span> <span class='ocrx_word' id='word_1_233' title='bbox 754 2379 1046 2443; x_wconf 89' lang='grc' dir='ltr'>Παυσανίης</span> <span class='ocrx_word' id='word_1_234' title='bbox 1076 2377 1146 2437; x_wconf 89' lang='grc' dir='ltr'>δέ,</span> <span class='ocrx_word' id='word_1_235' title='bbox 1173 2378 1237 2432; x_wconf 83' lang='grc' dir='ltr'>ὡς</span> <span class='ocrx_word' id='word_1_236' title='bbox 1259 2377 1554 2444; x_wconf 87' lang='grc' dir='ltr'>προσέκειτο</span> <span class='ocrx_word' id='word_1_237' title='bbox 1583 2378 1612 2442; x_wconf 86' lang='grc' dir='ltr'>ἡ</span> <span class='ocrx_word' id='word_1_238' title='bbox 1636 2379 1800 2436; x_wconf 79' lang='grc' dir='ltr'>ἵππος,</span> <span class='ocrx_word' id='word_1_239' title='bbox 1839 2386 1914 2434; x_wconf 87' lang='grc'>60</span> 
     </span>
     <span class='ocr_line' id='line_1_28' title="bbox 134 2460 1802 2531; baseline 0 -15"><span class='ocrx_word' id='word_1_240' title='bbox 134 2462 341 2531; x_wconf 82' lang='grc' dir='ltr'>πέμψας</span> <span class='ocrx_word' id='word_1_241' title='bbox 384 2462 506 2531; x_wconf 88' lang='grc' dir='ltr'>πρὸς</span> <span class='ocrx_word' id='word_1_242' title='bbox 550 2463 664 2516; x_wconf 86' lang='grc' dir='ltr'>τοὺς</span> <span class='ocrx_word' id='word_1_243' title='bbox 703 2462 994 2527; x_wconf 90' lang='grc' dir='ltr'>Ἀθηναίους</span> <span class='ocrx_word' id='word_1_244' title='bbox 1039 2461 1192 2514; x_wconf 82' lang='grc' dir='ltr'>ἱππέα</span> <span class='ocrx_word' id='word_1_245' title='bbox 1235 2462 1376 2529; x_wconf 88' lang='grc' dir='ltr'>λέγει</span> <span class='ocrx_word' id='word_1_246' title='bbox 1420 2461 1553 2514; x_wconf 89' lang='grc' dir='ltr'>τάδε·</span> <span class='ocrx_word' id='word_1_247' title='bbox 1591 2460 1802 2529; x_wconf 76' lang='grc' dir='ltr'>Ἀνδρες</span> 
     </span>
     <span class='ocr_line' id='line_1_29' title="bbox 135 2543 1801 2614; baseline -0.001 -15"><span class='ocrx_word' id='word_1_248' title='bbox 135 2547 406 2612; x_wconf 82' lang='grc' dir='ltr'>Ἀθηναῖοι,</span> <span class='ocrx_word' id='word_1_249' title='bbox 445 2548 636 2614; x_wconf 84' lang='grc' dir='ltr'>ἀγῶνος</span> <span class='ocrx_word' id='word_1_250' title='bbox 671 2548 911 2613; x_wconf 89' lang='grc' dir='ltr'>μεγίστου</span> <span class='ocrx_word' id='word_1_251' title='bbox 946 2545 1270 2613; x_wconf 90' lang='grc' dir='ltr'>προκειμένου</span> <span class='ocrx_word' id='word_1_252' title='bbox 1310 2545 1574 2612; x_wconf 88' lang='grc' dir='ltr'>ἐλευθέρην</span> <span class='ocrx_word' id='word_1_253' title='bbox 1611 2546 1735 2598; x_wconf 80' lang='grc' dir='ltr'>εἶναι</span> <span class='ocrx_word' id='word_1_254' title='bbox 1771 2543 1801 2611; x_wconf 87' lang='grc' dir='ltr'>ἢ</span> 
     </span>
     <span class='ocr_line' id='line_1_30' title="bbox 135 2629 1802 2727; baseline 0.001 -45"><span class='ocrx_word' id='word_1_255' title='bbox 135 2630 506 2696; x_wconf 91' lang='grc' dir='ltr'>δεδουλωμένην</span> <span class='ocrx_word' id='word_1_256' title='bbox 529 2630 619 2695; x_wconf 76' lang='grc' dir='ltr'>τὴν</span> <span class='ocrx_word' id='word_1_257' title='bbox 642 2630 883 2690; x_wconf 84' lang='grc' dir='ltr'>Ἑλλάδα,</span> <span class='ocrx_word' id='word_1_258' title='bbox 908 2631 1245 2698; x_wconf 85' lang='grc' dir='ltr'>προδεδόμεθα</span> <span class='ocrx_word' id='word_1_259' title='bbox 1274 2630 1371 2683; x_wconf 86' lang='grc' dir='ltr'>ὑπὸ</span> <span class='ocrx_word' id='word_1_260' title='bbox 1394 2636 1491 2683; x_wconf 82' lang='grc' dir='ltr'>’τῶν</span> <span class='ocrx_word' id='word_1_261' title='bbox 1522 2629 1802 2727; x_wconf 67' lang='grc' dir='ltr'>συμμάχων</span> 
     </span>
    </p>
   </div>
   <div class='ocr_carea' id='block_1_3' title="bbox 135 2767 1841 2986">
    <p class='ocr_par' dir='ltr' id='par_1_3' title="bbox 135 2767 1841 2986">
     <span class='ocr_line' id='line_1_31' title="bbox 193 2767 1841 2823; baseline -0.001 -13"><span class='ocrx_word' id='word_1_262' title='bbox 193 2782 210 2808; x_wconf 88' lang='grc' dir='ltr'>Ι</span> <span class='ocrx_word' id='word_1_263' title='bbox 243 2769 392 2823; x_wconf 79' lang='grc' dir='ltr'>λε’·γετε</span> <span class='ocrx_word' id='word_1_264' title='bbox 414 2769 448 2808; x_wconf 88' lang='lat' dir='ltr'>C</span> <span class='ocrx_word' id='word_1_265' title='bbox 466 2768 499 2807; x_wconf 84' lang='lat' dir='ltr'>P</span> <span class='ocrx_word' id='word_1_266' title='bbox 745 2783 770 2818; x_wconf 87' lang='grc'>4</span> <span class='ocrx_word' id='word_1_267' title='bbox 801 2770 838 2810; x_wconf 78' lang='grc' dir='ltr'>οἱ</span> <span class='ocrx_word' id='word_1_268' title='bbox 856 2767 1026 2820; x_wconf 81' lang='grc' dir='ltr'>πάντες]</span> <span class='ocrx_word' id='word_1_269' title='bbox 1059 2782 1111 2808; x_wconf 86' lang='lat' dir='ltr'>an</span> <span class='ocrx_word' id='word_1_270' title='bbox 1143 2768 1344 2810; x_wconf 63' lang='grc' dir='ltr'>ἅπαντεςῗ</span> <span class='ocrx_word' id='word_1_271' title='bbox 1510 2768 1739 2822; x_wconf 76' lang='grc' dir='ltr'>διαδράντες</span> <span class='ocrx_word' id='word_1_272' title='bbox 1766 2768 1801 2808; x_wconf 92' lang='lat' dir='ltr'>C</span> <span class='ocrx_word' id='word_1_273' title='bbox 1831 2805 1841 2815; x_wconf 83' lang='grc'>,</span> 
     </span>
     <span class='ocr_line' id='line_1_32' title="bbox 135 2823 1802 2875; baseline -0.002 -11"><span class='ocrx_word' id='word_1_274' title='bbox 135 2826 162 2864; x_wconf 90' lang='grc'>8</span> <span class='ocrx_word' id='word_1_275' title='bbox 192 2825 237 2866; x_wconf 78' lang='grc' dir='ltr'>ἔκ</span> <span class='ocrx_word' id='word_1_276' title='bbox 256 2841 302 2866; x_wconf 91' lang='grc' dir='ltr'>τε</span> <span class='ocrx_word' id='word_1_277' title='bbox 326 2824 364 2862; x_wconf 89' lang='lat' dir='ltr'>R</span> <span class='ocrx_word' id='word_1_278' title='bbox 381 2823 462 2863; x_wconf 91' lang='lat' dir='ltr'>SV</span> <span class='ocrx_word' id='word_1_279' title='bbox 602 2835 629 2873; x_wconf 91' lang='lat'><strong>9</strong></span> <span class='ocrx_word' id='word_1_280' title='bbox 659 2824 957 2875; x_wconf 82' lang='grc' dir='ltr'>συνη(ι&gt;δεάται</span> <span class='ocrx_word' id='word_1_281' title='bbox 982 2824 1030 2870; x_wconf 83' lang='lat' dir='ltr'>L,</span> <span class='ocrx_word' id='word_1_282' title='bbox 1052 2837 1160 2864; x_wconf 84' lang='lat' dir='ltr'><strong>corr.</strong></span> <span class='ocrx_word' id='word_1_283' title='bbox 1183 2823 1240 2864; x_wconf 81' lang='grc' dir='ltr'>Α2</span> <span class='ocrx_word' id='word_1_284' title='bbox 1386 2836 1434 2863; x_wconf 91' lang='lat'>10</span> <span class='ocrx_word' id='word_1_285' title='bbox 1464 2828 1596 2874; x_wconf 88' lang='grc' dir='ltr'>θωυμα</span> <span class='ocrx_word' id='word_1_286' title='bbox 1619 2823 1704 2862; x_wconf 85' lang='lat' dir='ltr'>PR</span> <span class='ocrx_word' id='word_1_287' title='bbox 1720 2823 1802 2862; x_wconf 90' lang='lat' dir='ltr'>SV</span> 
     </span>
     <span class='ocr_line' id='line_1_33' title="bbox 136 2877 1802 2931; baseline -0.002 -10"><span class='ocrx_word' id='word_1_288' title='bbox 136 2881 201 2921; x_wconf 80' lang='grc' dir='ltr'>καὶ</span> <span class='ocrx_word' id='word_1_289' title='bbox 223 2893 306 2919; x_wconf 87' lang='lat' dir='ltr'>om.</span> <span class='ocrx_word' id='word_1_290' title='bbox 331 2880 371 2918; x_wconf 91' lang='lat' dir='ltr'>R</span> <span class='ocrx_word' id='word_1_291' title='bbox 386 2878 416 2919; x_wconf 90' lang='lat' dir='ltr'>S</span> <span class='ocrx_word' id='word_1_292' title='bbox 429 2878 467 2917; x_wconf 95' lang='lat' dir='ltr'>V</span> <span class='ocrx_word' id='word_1_293' title='bbox 654 2890 702 2917; x_wconf 81' lang='lat'>12</span> <span class='ocrx_word' id='word_1_294' title='bbox 727 2882 920 2927; x_wconf 35' lang='grc' dir='ltr'>μΘηβαῖον</span> <span class='ocrx_word' id='word_1_295' title='bbox 940 2877 976 2916; x_wconf 96' lang='lat' dir='ltr'>V</span> <span class='ocrx_word' id='word_1_296' title='bbox 1196 2891 1245 2917; x_wconf 83' lang='lat'>21</span> <span class='ocrx_word' id='word_1_297' title='bbox 1289 2880 1540 2931; x_wconf 79' lang='grc' dir='ltr'>ὡρμημένους</span> <span class='ocrx_word' id='word_1_298' title='bbox 1571 2878 1604 2916; x_wconf 91' lang='lat' dir='ltr'>C</span> <span class='ocrx_word' id='word_1_299' title='bbox 1619 2878 1651 2916; x_wconf 88' lang='lat' dir='ltr'>P</span> <span class='ocrx_word' id='word_1_300' title='bbox 1666 2879 1703 2917; x_wconf 87' lang='lat' dir='ltr'><strong>R</strong></span> <span class='ocrx_word' id='word_1_301' title='bbox 1721 2878 1751 2917; x_wconf 91' lang='lat' dir='ltr'>S</span> <span class='ocrx_word' id='word_1_302' title='bbox 1765 2878 1802 2917; x_wconf 93' lang='lat' dir='ltr'>V</span> 
     </span>
     <span class='ocr_line' id='line_1_34' title="bbox 138 2931 1802 2986; baseline -0.001 -11"><span class='ocrx_word' id='word_1_303' title='bbox 138 2947 191 2984; x_wconf 83' lang='lat'>23</span> <span class='ocrx_word' id='word_1_304' title='bbox 221 2934 396 2976; x_wconf 80' lang='grc' dir='ltr'>ἅπαντες</span> <span class='ocrx_word' id='word_1_305' title='bbox 419 2933 458 2972; x_wconf 89' lang='lat' dir='ltr'>R</span> <span class='ocrx_word' id='word_1_306' title='bbox 471 2932 510 2971; x_wconf 96' lang='lat' dir='ltr'>V</span> <span class='ocrx_word' id='word_1_307' title='bbox 523 2931 598 2985; x_wconf 67' lang='lat' dir='ltr'>[S]</span> <span class='ocrx_word' id='word_1_308' title='bbox 683 2936 797 2986; x_wconf 81' lang='grc' dir='ltr'>ἣιραν</span> <span class='ocrx_word' id='word_1_309' title='bbox 817 2933 856 2972; x_wconf 92' lang='grc' dir='ltr'>Α</span> <span class='ocrx_word' id='word_1_310' title='bbox 871 2933 905 2972; x_wconf 89' lang='grc' dir='ltr'><strong>Β</strong></span> <span class='ocrx_word' id='word_1_311' title='bbox 1037 2945 1090 2984; x_wconf 81' lang='lat'>24</span> <span class='ocrx_word' id='word_1_312' title='bbox 1122 2933 1287 2975; x_wconf 76' lang='grc' dir='ltr'>ἕκαστοι</span> <span class='ocrx_word' id='word_1_313' title='bbox 1308 2934 1347 2972; x_wconf 88' lang='grc' dir='ltr'>Α</span> <span class='ocrx_word' id='word_1_314' title='bbox 1362 2933 1395 2972; x_wconf 89' lang='grc' dir='ltr'><em>Β</em></span> <span class='ocrx_word' id='word_1_315' title='bbox 1413 2932 1446 2971; x_wconf 94' lang='lat' dir='ltr'>C</span> <span class='ocrx_word' id='word_1_316' title='bbox 1463 2933 1496 2972; x_wconf 91' lang='lat' dir='ltr'>P</span> <span class='ocrx_word' id='word_1_317' title='bbox 1512 2933 1588 2986; x_wconf 92' lang='lat' dir='ltr'>[V]</span> <span class='ocrx_word' id='word_1_318' title='bbox 1703 2932 1802 2981; x_wconf 71' lang='grc' dir='ltr'>ἧκον</span> 
     </span>
    </p>
   </div>
   <div class='ocr_carea' id='block_1_4' title="bbox 139 2987 1801 3084">
    <p class='ocr_par' dir='ltr' id='par_1_4' title="bbox 139 2987 1801 3084">
     <span class='ocr_line' id='line_1_35' title="bbox 139 2987 1801 3084; baseline 0.001 -57"><span class='ocrx_word' id='word_1_319' title='bbox 139 2989 275 3084; x_wconf 47' lang='lat' dir='ltr'>{gg</span> <span class='ocrx_word' id='word_1_320' title='bbox 340 3045 350 3051; x_wconf 80' lang='lat'>.</span> <span class='ocrx_word' id='word_1_321' title='bbox 449 2999 502 3038; x_wconf 83' lang='lat'>25</span> <span class='ocrx_word' id='word_1_322' title='bbox 531 2988 639 3040; x_wconf 80' lang='grc' dir='ltr'>τάξει</span> <span class='ocrx_word' id='word_1_323' title='bbox 662 2987 695 3027; x_wconf 90' lang='lat' dir='ltr'>C</span> <span class='ocrx_word' id='word_1_324' title='bbox 712 2987 748 3025; x_wconf 87' lang='lat' dir='ltr'>R</span> <span class='ocrx_word' id='word_1_325' title='bbox 765 2988 795 3027; x_wconf 92' lang='lat' dir='ltr'>S</span> <span class='ocrx_word' id='word_1_326' title='bbox 810 2988 844 3026; x_wconf 93' lang='lat' dir='ltr'>V</span> <span class='ocrx_word' id='word_1_327' title='bbox 985 2990 1200 3040; x_wconf 78' lang='grc' dir='ltr'>ἐπῆ(ι)σαν</span> <span class='ocrx_word' id='word_1_328' title='bbox 1219 2988 1259 3027; x_wconf 88' lang='grc' dir='ltr'><strong>Α</strong></span> <span class='ocrx_word' id='word_1_329' title='bbox 1273 2989 1307 3027; x_wconf 92' lang='grc' dir='ltr'>Β</span> <span class='ocrx_word' id='word_1_330' title='bbox 1323 2989 1356 3028; x_wconf 89' lang='lat' dir='ltr'>C</span> <span class='ocrx_word' id='word_1_331' title='bbox 1533 2988 1801 3042; x_wconf 83' lang='grc' dir='ltr'>αρπασόμενοι</span> 
     </span>
    </p>
   </div>
  </div>
 </body>
</html>
