<?xml version="1.0" encoding="UTF-8"?>
<!DOCTYPE html PUBLIC "-//W3C//DTD XHTML 1.0 Transitional//EN"
    "http://www.w3.org/TR/xhtml1/DTD/xhtml1-transitional.dtd">
<html xmlns="http://www.w3.org/1999/xhtml" xml:lang="en" lang="en">
 <head>
  <title>
</title>
<meta http-equiv="Content-Type" content="text/html;charset=utf-8" />
  <meta name='ocr-system' content='tesseract 3.04.00' />
  <meta name='ocr-capabilities' content='ocr_page ocr_carea ocr_par ocr_line ocrx_word'/>
</head>
<body>
  <div class='ocr_page' id='page_1' title='image "./herodotihistoria02herouoft_0275.png"; bbox 0 0 2132 3340; ppageno 0'>
   <div class='ocr_carea' id='block_1_1' title="bbox 726 103 1211 152">
    <p class='ocr_par' dir='ltr' id='par_1_1' title="bbox 726 103 1211 152">
     <span class='ocr_line' id='line_1_1' title="bbox 726 103 1211 152; baseline 0.002 -1"><span class='ocrx_word' id='word_1_1' title='bbox 726 103 1099 151; x_wconf 85' lang='grc' dir='ltr'>ΙΣΤΟΡΙΩΝ</span> <span class='ocrx_word' id='word_1_2' title='bbox 1162 103 1211 152; x_wconf 89' lang='grc' dir='ltr'>Θ</span> 
     </span>
    </p>
   </div>
   <div class='ocr_carea' id='block_1_2' title="bbox 59 233 1802 2501">
    <p class='ocr_par' dir='ltr' id='par_1_2' title="bbox 59 233 1802 2501">
     <span class='ocr_line' id='line_1_2' title="bbox 131 233 1797 309; baseline -0.003 -18"><span class='ocrx_word' id='word_1_3' title='bbox 131 238 262 309; x_wconf 80' lang='grc' dir='ltr'>μένῳ</span> <span class='ocrx_word' id='word_1_4' title='bbox 294 241 433 290; x_wconf 80' lang='grc' dir='ltr'>πᾶσα</span> <span class='ocrx_word' id='word_1_5' title='bbox 464 233 493 303; x_wconf 82' lang='grc' dir='ltr'>ἡ</span> <span class='ocrx_word' id='word_1_6' title='bbox 527 236 731 304; x_wconf 77' lang='grc' dir='ltr'>στρατιὴ</span> <span class='ocrx_word' id='word_1_7' title='bbox 770 237 919 289; x_wconf 85' lang='grc' dir='ltr'>ἔπλεε</span> <span class='ocrx_word' id='word_1_8' title='bbox 950 235 1076 301; x_wconf 76' lang='grc' dir='ltr'>ἁλὴς</span> <span class='ocrx_word' id='word_1_9' title='bbox 1107 235 1188 288; x_wconf 85' lang='grc' dir='ltr'>ἐπὶ</span> <span class='ocrx_word' id='word_1_10' title='bbox 1219 235 1276 287; x_wconf 87' lang='grc' dir='ltr'>τὸ</span> <span class='ocrx_word' id='word_1_11' title='bbox 1306 235 1643 303; x_wconf 88' lang='grc' dir='ltr'>Ἀρτεμίσιον.</span> <span class='ocrx_word' id='word_1_12' title='bbox 1691 236 1797 288; x_wconf 71' lang='grc' dir='ltr'>ἐπι-</span> 
     </span>
     <span class='ocr_line' id='line_1_3' title="bbox 134 319 1800 391; baseline -0.003 -17"><span class='ocrx_word' id='word_1_13' title='bbox 134 325 346 391; x_wconf 79' lang='grc' dir='ltr'>σχόντες</span> <span class='ocrx_word' id='word_1_14' title='bbox 377 325 428 373; x_wconf 82' lang='grc' dir='ltr'>δὲ</span> <span class='ocrx_word' id='word_1_15' title='bbox 461 324 514 372; x_wconf 87' lang='grc' dir='ltr'>ἐν</span> <span class='ocrx_word' id='word_1_16' title='bbox 545 322 700 391; x_wconf 79' lang='grc' dir='ltr'>τούτῳ</span> <span class='ocrx_word' id='word_1_17' title='bbox 731 326 797 390; x_wconf 80' lang='grc' dir='ltr'>τῷ</span> <span class='ocrx_word' id='word_1_18' title='bbox 830 322 975 391; x_wconf 79' lang='grc' dir='ltr'>χώρῳ</span> <span class='ocrx_word' id='word_1_19' title='bbox 1012 320 1161 387; x_wconf 90' lang='grc' dir='ltr'>μέχρι</span> <span class='ocrx_word' id='word_1_20' title='bbox 1190 320 1350 386; x_wconf 86' lang='grc' dir='ltr'>μέσου</span> <span class='ocrx_word' id='word_1_21' title='bbox 1381 319 1580 388; x_wconf 78' lang='grc' dir='ltr'>ἡμέρης,</span> <span class='ocrx_word' id='word_1_22' title='bbox 1615 323 1670 370; x_wconf 84' lang='grc' dir='ltr'>τὸ</span> <span class='ocrx_word' id='word_1_23' title='bbox 1702 319 1800 370; x_wconf 82' lang='grc' dir='ltr'>ἀπὸ</span> 
     </span>
     <span class='ocr_line' id='line_1_4' title="bbox 132 403 1800 471; baseline -0.004 -12"><span class='ocrx_word' id='word_1_24' title='bbox 132 407 308 459; x_wconf 87' lang='grc' dir='ltr'>τούτου</span> <span class='ocrx_word' id='word_1_25' title='bbox 338 406 520 458; x_wconf 83' lang='grc' dir='ltr'>ἔπλεον</span> <span class='ocrx_word' id='word_1_26' title='bbox 552 407 602 459; x_wconf 92' lang='grc' dir='ltr'>ἐς</span> <span class='ocrx_word' id='word_1_27' title='bbox 631 405 890 470; x_wconf 80' lang='grc' dir='ltr'>Ἱστιαίην.</span> <span class='ocrx_word' id='word_1_28' title='bbox 957 405 1250 470; x_wconf 85' lang='grc' dir='ltr'>ἀπικόμενοι</span> <span class='ocrx_word' id='word_1_29' title='bbox 1271 408 1323 457; x_wconf 81' lang='grc' dir='ltr'>δὲ</span> <span class='ocrx_word' id='word_1_30' title='bbox 1347 404 1437 468; x_wconf 77' lang='grc' dir='ltr'>τὴν</span> <span class='ocrx_word' id='word_1_31' title='bbox 1461 404 1611 456; x_wconf 91' lang='grc' dir='ltr'>πόλιν</span> <span class='ocrx_word' id='word_1_32' title='bbox 1643 403 1800 471; x_wconf 85' lang='grc' dir='ltr'>ἔσχον</span> 
     </span>
     <span class='ocr_line' id='line_1_5' title="bbox 132 487 1797 555; baseline -0.002 -12"><span class='ocrx_word' id='word_1_33' title='bbox 132 497 231 543; x_wconf 80' lang='grc' dir='ltr'>τῶν</span> <span class='ocrx_word' id='word_1_34' title='bbox 261 490 540 542; x_wconf 81' lang='grc' dir='ltr'>Ἱστιαιέων</span> <span class='ocrx_word' id='word_1_35' title='bbox 572 491 650 542; x_wconf 88' lang='grc' dir='ltr'>καὶ</span> <span class='ocrx_word' id='word_1_36' title='bbox 681 493 767 554; x_wconf 85' lang='grc' dir='ltr'>τῆς</span> <span class='ocrx_word' id='word_1_37' title='bbox 799 489 1076 553; x_wconf 84' lang='grc' dir='ltr'>Ἐλλοπίης</span> <span class='ocrx_word' id='word_1_38' title='bbox 1105 489 1295 555; x_wconf 85' lang='grc' dir='ltr'>μοίρης,</span> <span class='ocrx_word' id='word_1_39' title='bbox 1329 491 1421 555; x_wconf 79' lang='grc' dir='ltr'>γῆς</span> <span class='ocrx_word' id='word_1_40' title='bbox 1452 491 1505 540; x_wconf 78' lang='grc' dir='ltr'>δὲ</span> <span class='ocrx_word' id='word_1_41' title='bbox 1529 492 1617 553; x_wconf 86' lang='grc' dir='ltr'>τῆς</span> <span class='ocrx_word' id='word_1_42' title='bbox 1647 487 1797 539; x_wconf 88' lang='grc' dir='ltr'>Ἱστι-</span> 
     </span>
     <span class='ocr_line' id='line_1_6' title="bbox 84 571 1799 640; baseline -0.002 -13"><span class='ocrx_word' id='word_1_43' title='bbox 84 600 107 640; x_wconf 89' lang='lat'><strong>5</strong></span> <span class='ocrx_word' id='word_1_44' title='bbox 132 576 358 629; x_wconf 85' lang='grc' dir='ltr'>αιώτιδος</span> <span class='ocrx_word' id='word_1_45' title='bbox 417 577 506 627; x_wconf 77' lang='grc' dir='ltr'>τὰς</span> <span class='ocrx_word' id='word_1_46' title='bbox 562 575 987 640; x_wconf 82' lang='grc' dir='ltr'>παραθαλασσίας</span> <span class='ocrx_word' id='word_1_47' title='bbox 1050 573 1215 638; x_wconf 84' lang='grc' dir='ltr'>κώμας</span> <span class='ocrx_word' id='word_1_48' title='bbox 1274 571 1443 626; x_wconf 88' lang='grc' dir='ltr'>πάσας</span> <span class='ocrx_word' id='word_1_49' title='bbox 1503 572 1799 638; x_wconf 87' lang='grc' dir='ltr'>ἐπέδραμον.</span> 
     </span>
     <span class='ocr_line' id='line_1_7' title="bbox 132 655 1802 724; baseline -0.002 -13"><span class='ocrx_word' id='word_1_50' title='bbox 132 662 340 711; x_wconf 90' lang='grc' dir='ltr'>ἐνθαῦτα</span> <span class='ocrx_word' id='word_1_51' title='bbox 379 661 430 710; x_wconf 80' lang='grc' dir='ltr'>δὲ</span> <span class='ocrx_word' id='word_1_52' title='bbox 472 658 658 710; x_wconf 86' lang='grc' dir='ltr'>τούτων</span> <span class='ocrx_word' id='word_1_53' title='bbox 701 659 882 710; x_wconf 85' lang='grc' dir='ltr'>ἐόντων</span> <span class='ocrx_word' id='word_1_54' title='bbox 925 656 1117 724; x_wconf 82' lang='grc' dir='ltr'>Ξέρξης</span> <span class='ocrx_word' id='word_1_55' title='bbox 1159 655 1552 722; x_wconf 82' lang='grc' dir='ltr'>ἑτοιμασάμενος</span> <span class='ocrx_word' id='word_1_56' title='bbox 1590 658 1651 708; x_wconf 80' lang='grc' dir='ltr'>τὰ</span> <span class='ocrx_word' id='word_1_57' title='bbox 1692 656 1802 723; x_wconf 87' lang='grc' dir='ltr'>περὶ</span> 
     </span>
     <span class='ocr_line' id='line_1_8' title="bbox 129 739 1799 810; baseline -0.002 -16"><span class='ocrx_word' id='word_1_58' title='bbox 129 743 242 796; x_wconf 85' lang='grc' dir='ltr'>τοὺς</span> <span class='ocrx_word' id='word_1_59' title='bbox 274 743 472 810; x_wconf 85' lang='grc' dir='ltr'>νεκροὺς</span> <span class='ocrx_word' id='word_1_60' title='bbox 503 742 691 808; x_wconf 86' lang='grc' dir='ltr'>ἔπεμπε</span> <span class='ocrx_word' id='word_1_61' title='bbox 723 745 772 796; x_wconf 90' lang='grc' dir='ltr'>ἐς</span> <span class='ocrx_word' id='word_1_62' title='bbox 802 741 890 794; x_wconf 81' lang='grc' dir='ltr'>τὸν</span> <span class='ocrx_word' id='word_1_63' title='bbox 913 741 1142 794; x_wconf 87' lang='grc' dir='ltr'>ναυτικὸν</span> <span class='ocrx_word' id='word_1_64' title='bbox 1167 740 1383 808; x_wconf 87' lang='grc' dir='ltr'>στρατὸν</span> <span class='ocrx_word' id='word_1_65' title='bbox 1407 739 1605 807; x_wconf 91' lang='grc' dir='ltr'>κήρυκα.</span> <span class='ocrx_word' id='word_1_66' title='bbox 1653 762 1799 808; x_wconf 87' lang='grc' dir='ltr'>προε-</span> 
     </span>
     <span class='ocr_line' id='line_1_9' title="bbox 130 825 1802 892; baseline -0.001 -13"><span class='ocrx_word' id='word_1_67' title='bbox 130 827 404 892; x_wconf 90' lang='grc' dir='ltr'>τοιμάσατο</span> <span class='ocrx_word' id='word_1_68' title='bbox 451 830 505 878; x_wconf 82' lang='grc' dir='ltr'>δὲ</span> <span class='ocrx_word' id='word_1_69' title='bbox 552 826 682 878; x_wconf 89' lang='grc' dir='ltr'>τάδε·</span> <span class='ocrx_word' id='word_1_70' title='bbox 746 828 861 877; x_wconf 87' lang='grc' dir='ltr'>ὅσοι</span> <span class='ocrx_word' id='word_1_71' title='bbox 905 830 993 877; x_wconf 91' lang='grc' dir='ltr'>τοῦ</span> <span class='ocrx_word' id='word_1_72' title='bbox 1040 830 1256 892; x_wconf 90' lang='grc' dir='ltr'>στρατοῦ</span> <span class='ocrx_word' id='word_1_73' title='bbox 1303 830 1390 877; x_wconf 88' lang='grc' dir='ltr'>τοῦ</span> <span class='ocrx_word' id='word_1_74' title='bbox 1436 828 1618 877; x_wconf 81' lang='grc' dir='ltr'>ἑωυτοῦ</span> <span class='ocrx_word' id='word_1_75' title='bbox 1670 825 1802 890; x_wconf 78' lang='grc' dir='ltr'>ἦσαν</span> 
     </span>
     <span class='ocr_line' id='line_1_10' title="bbox 131 907 1800 982; baseline -0.001 -20"><span class='ocrx_word' id='word_1_76' title='bbox 131 912 295 978; x_wconf 89' lang='grc' dir='ltr'>νεκροὶ</span> <span class='ocrx_word' id='word_1_77' title='bbox 327 913 381 962; x_wconf 87' lang='grc' dir='ltr'>ἐν</span> <span class='ocrx_word' id='word_1_78' title='bbox 406 912 769 982; x_wconf 85' lang='grc' dir='ltr'>Θερμοπύλῃσι</span> <span class='ocrx_word' id='word_1_79' title='bbox 790 909 940 974; x_wconf 75' lang='grc' dir='ltr'>(ἦσαν</span> <span class='ocrx_word' id='word_1_80' title='bbox 964 912 1018 962; x_wconf 78' lang='grc' dir='ltr'>δὲ</span> <span class='ocrx_word' id='word_1_81' title='bbox 1050 911 1129 962; x_wconf 89' lang='grc' dir='ltr'>καὶ</span> <span class='ocrx_word' id='word_1_82' title='bbox 1161 910 1246 961; x_wconf 84' lang='grc' dir='ltr'>δύο</span> <span class='ocrx_word' id='word_1_83' title='bbox 1268 907 1530 978; x_wconf 86' lang='grc' dir='ltr'>μυριάδες),</span> <span class='ocrx_word' id='word_1_84' title='bbox 1557 910 1800 962; x_wconf 84' lang='grc' dir='ltr'>ὑπολιπό-</span> 
     </span>
     <span class='ocr_line' id='line_1_11' title="bbox 59 992 1800 1063; baseline 0.002 -19"><span class='ocrx_word' id='word_1_85' title='bbox 59 1017 109 1045; x_wconf 81' lang='lat'>10</span> <span class='ocrx_word' id='word_1_86' title='bbox 130 1016 278 1060; x_wconf 89' lang='grc' dir='ltr'>μενος</span> <span class='ocrx_word' id='word_1_87' title='bbox 307 995 493 1046; x_wconf 87' lang='grc' dir='ltr'>τούτων</span> <span class='ocrx_word' id='word_1_88' title='bbox 525 995 589 1047; x_wconf 80' lang='grc' dir='ltr'>ὡς</span> <span class='ocrx_word' id='word_1_89' title='bbox 619 996 830 1063; x_wconf 81' lang='grc' dir='ltr'>χιλίους,</span> <span class='ocrx_word' id='word_1_90' title='bbox 864 995 979 1048; x_wconf 85' lang='grc' dir='ltr'>τοὺς</span> <span class='ocrx_word' id='word_1_91' title='bbox 1009 994 1216 1047; x_wconf 83' lang='grc' dir='ltr'>λοιποὺς</span> <span class='ocrx_word' id='word_1_92' title='bbox 1247 993 1469 1062; x_wconf 86' lang='grc' dir='ltr'>τάφρους</span> <span class='ocrx_word' id='word_1_93' title='bbox 1499 992 1800 1061; x_wconf 80' lang='grc' dir='ltr'>ὀρυξάμενος</span> 
     </span>
     <span class='ocr_line' id='line_1_12' title="bbox 133 1077 1802 1146; baseline -0.001 -16"><span class='ocrx_word' id='word_1_94' title='bbox 133 1080 310 1146; x_wconf 77' lang='grc' dir='ltr'>ἔθαψε,</span> <span class='ocrx_word' id='word_1_95' title='bbox 351 1078 587 1146; x_wconf 85' lang='grc' dir='ltr'>φυλλάδα</span> <span class='ocrx_word' id='word_1_96' title='bbox 626 1100 680 1131; x_wconf 91' lang='grc' dir='ltr'>τε</span> <span class='ocrx_word' id='word_1_97' title='bbox 722 1080 984 1144; x_wconf 84' lang='grc' dir='ltr'>ἐπιβαλὼν</span> <span class='ocrx_word' id='word_1_98' title='bbox 1022 1080 1100 1131; x_wconf 80' lang='grc' dir='ltr'>καὶ</span> <span class='ocrx_word' id='word_1_99' title='bbox 1142 1081 1237 1146; x_wconf 82' lang='grc' dir='ltr'>γῆν</span> <span class='ocrx_word' id='word_1_100' title='bbox 1280 1077 1681 1143; x_wconf 85' lang='grc' dir='ltr'>ἐπαμησάμενος,</span> <span class='ocrx_word' id='word_1_101' title='bbox 1721 1078 1802 1130; x_wconf 84' lang='grc' dir='ltr'>ἵνα</span> 
     </span>
     <span class='ocr_line' id='line_1_13' title="bbox 131 1161 1802 1230; baseline 0.001 -16"><span class='ocrx_word' id='word_1_102' title='bbox 131 1162 197 1228; x_wconf 80' lang='grc' dir='ltr'>μὴ</span> <span class='ocrx_word' id='word_1_103' title='bbox 235 1163 516 1230; x_wconf 85' lang='grc' dir='ltr'>ὀφθείησαν</span> <span class='ocrx_word' id='word_1_104' title='bbox 551 1163 647 1214; x_wconf 85' lang='grc' dir='ltr'>ὑπὸ</span> <span class='ocrx_word' id='word_1_105' title='bbox 682 1167 769 1214; x_wconf 92' lang='grc' dir='ltr'>τοῦ</span> <span class='ocrx_word' id='word_1_106' title='bbox 803 1168 1031 1215; x_wconf 85' lang='grc' dir='ltr'>ναυτικοῦ</span> <span class='ocrx_word' id='word_1_107' title='bbox 1069 1167 1300 1230; x_wconf 89' lang='grc' dir='ltr'>στρατοῦ.</span> <span class='ocrx_word' id='word_1_108' title='bbox 1390 1163 1454 1215; x_wconf 85' lang='grc' dir='ltr'>ὡς</span> <span class='ocrx_word' id='word_1_109' title='bbox 1486 1165 1540 1214; x_wconf 81' lang='grc' dir='ltr'>δὲ</span> <span class='ocrx_word' id='word_1_110' title='bbox 1571 1161 1716 1227; x_wconf 83' lang='grc' dir='ltr'>διέβη</span> <span class='ocrx_word' id='word_1_111' title='bbox 1750 1164 1802 1216; x_wconf 92' lang='grc' dir='ltr'>ἐς</span> 
     </span>
     <span class='ocr_line' id='line_1_14' title="bbox 133 1245 1801 1314; baseline -0.001 -15"><span class='ocrx_word' id='word_1_112' title='bbox 133 1247 222 1312; x_wconf 76' lang='grc' dir='ltr'>τὴν</span> <span class='ocrx_word' id='word_1_113' title='bbox 261 1246 501 1311; x_wconf 87' lang='grc' dir='ltr'>Ἱστιαίην</span> <span class='ocrx_word' id='word_1_114' title='bbox 539 1248 566 1297; x_wconf 88' lang='grc' dir='ltr'>ὁ</span> <span class='ocrx_word' id='word_1_115' title='bbox 607 1245 771 1313; x_wconf 80' lang='grc' dir='ltr'>κῆρυξ,</span> <span class='ocrx_word' id='word_1_116' title='bbox 806 1247 1062 1314; x_wconf 85' lang='grc' dir='ltr'>σύλλογον</span> <span class='ocrx_word' id='word_1_117' title='bbox 1105 1246 1449 1313; x_wconf 83' lang='grc' dir='ltr'>ποιησάμενος</span> <span class='ocrx_word' id='word_1_118' title='bbox 1490 1246 1676 1300; x_wconf 89' lang='grc' dir='ltr'>παντὸς</span> <span class='ocrx_word' id='word_1_119' title='bbox 1714 1251 1801 1298; x_wconf 92' lang='grc' dir='ltr'>τοῦ</span> 
     </span>
     <span class='ocr_line' id='line_1_15' title="bbox 134 1330 1799 1405; baseline 0.002 -23"><span class='ocrx_word' id='word_1_120' title='bbox 134 1330 470 1399; x_wconf 88' lang='grc' dir='ltr'>στρατοπέδου</span> <span class='ocrx_word' id='word_1_121' title='bbox 489 1330 635 1398; x_wconf 83' lang='grc' dir='ltr'>ἔλεγε</span> <span class='ocrx_word' id='word_1_122' title='bbox 653 1330 785 1382; x_wconf 87' lang='grc' dir='ltr'>τάδε·</span> <span class='ocrx_word' id='word_1_123' title='bbox 810 1330 1022 1398; x_wconf 70' lang='grc' dir='ltr'>’Ἄνδρες</span> <span class='ocrx_word' id='word_1_124' title='bbox 1042 1331 1315 1399; x_wconf 84' lang='grc' dir='ltr'>σύμμαχοι,</span> <span class='ocrx_word' id='word_1_125' title='bbox 1335 1332 1583 1405; x_wconf 84' lang='grc' dir='ltr'>βασιλεὺς</span> <span class='ocrx_word' id='word_1_126' title='bbox 1606 1330 1799 1397; x_wconf 79' lang='grc' dir='ltr'>Ξέρξης</span> 
     </span>
     <span class='ocr_line' id='line_1_16' title="bbox 62 1411 1796 1485; baseline 0.001 -20"><span class='ocrx_word' id='word_1_127' title='bbox 62 1437 107 1480; x_wconf 85' lang='lat'>¹5</span> <span class='ocrx_word' id='word_1_128' title='bbox 131 1421 199 1485; x_wconf 80' lang='grc' dir='ltr'>τῷ</span> <span class='ocrx_word' id='word_1_129' title='bbox 229 1414 523 1485; x_wconf 80' lang='grc' dir='ltr'>βουλομένῳ</span> <span class='ocrx_word' id='word_1_130' title='bbox 555 1414 717 1480; x_wconf 83' lang='grc' dir='ltr'>ὑμέων</span> <span class='ocrx_word' id='word_1_131' title='bbox 747 1417 1058 1482; x_wconf 88' lang='grc' dir='ltr'>παραδίδωσι</span> <span class='ocrx_word' id='word_1_132' title='bbox 1090 1416 1361 1467; x_wconf 84' lang='grc' dir='ltr'>ἐκλιπόντα</span> <span class='ocrx_word' id='word_1_133' title='bbox 1390 1436 1481 1480; x_wconf 89' lang='grc' dir='ltr'>την</span> <span class='ocrx_word' id='word_1_134' title='bbox 1510 1414 1651 1480; x_wconf 80' lang='grc' dir='ltr'>τάξιν</span> <span class='ocrx_word' id='word_1_135' title='bbox 1682 1411 1796 1482; x_wconf 79' lang='grc' dir='ltr'>[καὶ]</span> 
     </span>
     <span class='ocr_line' id='line_1_17' title="bbox 133 1498 1799 1568; baseline 0.001 -18"><span class='ocrx_word' id='word_1_136' title='bbox 133 1501 344 1550; x_wconf 84' lang='grc' dir='ltr'>ἐλθόντα</span> <span class='ocrx_word' id='word_1_137' title='bbox 386 1498 665 1564; x_wconf 88' lang='grc' dir='ltr'>θεήσασθαι</span> <span class='ocrx_word' id='word_1_138' title='bbox 700 1500 826 1552; x_wconf 86' lang='grc' dir='ltr'>ὅκως</span> <span class='ocrx_word' id='word_1_139' title='bbox 862 1498 1075 1568; x_wconf 90' lang='grc' dir='ltr'>μάχεται</span> <span class='ocrx_word' id='word_1_140' title='bbox 1116 1499 1239 1564; x_wconf 88' lang='grc' dir='ltr'>πρὸς</span> <span class='ocrx_word' id='word_1_141' title='bbox 1273 1499 1387 1553; x_wconf 82' lang='grc' dir='ltr'>τοὺς</span> <span class='ocrx_word' id='word_1_142' title='bbox 1426 1498 1664 1564; x_wconf 81' lang='grc' dir='ltr'>ἀνοήτους</span> <span class='ocrx_word' id='word_1_143' title='bbox 1700 1504 1799 1552; x_wconf 83' lang='grc' dir='ltr'>τῶν</span> 
     </span>
     <span class='ocr_line' id='line_1_18' title="bbox 132 1583 1797 1651; baseline 0.001 -16"><span class='ocrx_word' id='word_1_144' title='bbox 132 1585 421 1651; x_wconf 86' lang='grc' dir='ltr'>ἀνθρώπων,</span> <span class='ocrx_word' id='word_1_145' title='bbox 446 1584 492 1636; x_wconf 79' lang='grc' dir='ltr'>οἳ</span> <span class='ocrx_word' id='word_1_146' title='bbox 515 1583 739 1649; x_wconf 84' lang='grc' dir='ltr'>ἤλπισαν</span> <span class='ocrx_word' id='word_1_147' title='bbox 762 1584 851 1649; x_wconf 75' lang='grc' dir='ltr'>τὴν</span> <span class='ocrx_word' id='word_1_148' title='bbox 875 1583 1123 1648; x_wconf 77' lang='grc' dir='ltr'>βασιλέος</span> <span class='ocrx_word' id='word_1_149' title='bbox 1147 1584 1351 1650; x_wconf 87' lang='grc' dir='ltr'>δύναμιν</span> <span class='ocrx_word' id='word_1_150' title='bbox 1373 1583 1797 1651; x_wconf 83' lang='grc' dir='ltr'>ὑπερβαλέεσθαι.</span> 
     </span>
     <span class='ocr_line' id='line_1_19' title="bbox 132 1667 1800 1735; baseline 0.001 -16"><span class='ocrx_word' id='word_1_151' title='bbox 132 1673 285 1719; x_wconf 88' lang='grc' dir='ltr'>ταῦτα</span> <span class='ocrx_word' id='word_1_152' title='bbox 329 1667 773 1735; x_wconf 84' lang='grc' dir='ltr'>ἐπαγγειλαμένου,</span> <span class='ocrx_word' id='word_1_153' title='bbox 821 1671 945 1734; x_wconf 81' lang='grc' dir='ltr'>μετὰ</span> <span class='ocrx_word' id='word_1_154' title='bbox 989 1674 1143 1720; x_wconf 89' lang='grc' dir='ltr'>ταῦτα</span> <span class='ocrx_word' id='word_1_155' title='bbox 1182 1668 1325 1720; x_wconf 80' lang='grc' dir='ltr'>οὐδὲν</span> <span class='ocrx_word' id='word_1_156' title='bbox 1370 1669 1563 1735; x_wconf 85' lang='grc' dir='ltr'>ἐγίνετο</span> <span class='ocrx_word' id='word_1_157' title='bbox 1609 1670 1800 1720; x_wconf 75' lang='grc' dir='ltr'>πλοίων</span> 
     </span>
     <span class='ocr_line' id='line_1_20' title="bbox 133 1752 1797 1821; baseline 0.001 -19"><span class='ocrx_word' id='word_1_158' title='bbox 133 1753 489 1821; x_wconf 84' lang='grc' dir='ltr'>σπανιώτερον·</span> <span class='ocrx_word' id='word_1_159' title='bbox 535 1754 661 1805; x_wconf 86' lang='grc' dir='ltr'>οὕτω</span> <span class='ocrx_word' id='word_1_160' title='bbox 693 1753 877 1805; x_wconf 84' lang='grc' dir='ltr'>πολλοὶ</span> <span class='ocrx_word' id='word_1_161' title='bbox 907 1752 1090 1818; x_wconf 84' lang='grc' dir='ltr'>ἤθελον</span> <span class='ocrx_word' id='word_1_162' title='bbox 1122 1752 1415 1817; x_wconf 88' lang='grc' dir='ltr'>θεήσασθαι.</span> <span class='ocrx_word' id='word_1_163' title='bbox 1505 1757 1797 1820; x_wconf 88' lang='grc' dir='ltr'>διαπεραιω-</span> 
     </span>
     <span class='ocr_line' id='line_1_21' title="bbox 59 1835 1797 1904; baseline 0.002 -19"><span class='ocrx_word' id='word_1_164' title='bbox 59 1858 110 1885; x_wconf 89' lang='lat'>20</span> <span class='ocrx_word' id='word_1_165' title='bbox 133 1836 300 1891; x_wconf 87' lang='grc' dir='ltr'>θέντες</span> <span class='ocrx_word' id='word_1_166' title='bbox 331 1840 382 1889; x_wconf 85' lang='grc' dir='ltr'>δὲ</span> <span class='ocrx_word' id='word_1_167' title='bbox 422 1840 652 1902; x_wconf 83' lang='grc' dir='ltr'>ἐθηεῦντο</span> <span class='ocrx_word' id='word_1_168' title='bbox 684 1835 948 1901; x_wconf 80' lang='grc' dir='ltr'>διεξιόντες</span> <span class='ocrx_word' id='word_1_169' title='bbox 972 1838 1086 1892; x_wconf 86' lang='grc' dir='ltr'>τοὺς</span> <span class='ocrx_word' id='word_1_170' title='bbox 1114 1838 1331 1904; x_wconf 87' lang='grc' dir='ltr'>νεκρούς·</span> <span class='ocrx_word' id='word_1_171' title='bbox 1377 1836 1558 1892; x_wconf 89' lang='grc' dir='ltr'>πάντες</span> <span class='ocrx_word' id='word_1_172' title='bbox 1596 1841 1650 1889; x_wconf 82' lang='grc' dir='ltr'>δὲ</span> <span class='ocrx_word' id='word_1_173' title='bbox 1684 1838 1797 1902; x_wconf 83' lang='grc' dir='ltr'>ἠπι-</span> 
     </span>
     <span class='ocr_line' id='line_1_22' title="bbox 133 1921 1800 1988; baseline 0.001 -17"><span class='ocrx_word' id='word_1_174' title='bbox 133 1921 314 1973; x_wconf 89' lang='grc' dir='ltr'>στέατο</span> <span class='ocrx_word' id='word_1_175' title='bbox 364 1923 479 1976; x_wconf 82' lang='grc' dir='ltr'>τοὺς</span> <span class='ocrx_word' id='word_1_176' title='bbox 531 1921 780 1988; x_wconf 86' lang='grc' dir='ltr'>κειμένους</span> <span class='ocrx_word' id='word_1_177' title='bbox 833 1923 959 1974; x_wconf 76' lang='grc' dir='ltr'>εἶναι</span> <span class='ocrx_word' id='word_1_178' title='bbox 1010 1921 1199 1985; x_wconf 83' lang='grc' dir='ltr'>πάντας</span> <span class='ocrx_word' id='word_1_179' title='bbox 1250 1924 1668 1988; x_wconf 88' lang='grc' dir='ltr'>Λακεδαιμονίους</span> <span class='ocrx_word' id='word_1_180' title='bbox 1721 1923 1800 1973; x_wconf 88' lang='grc' dir='ltr'>καὶ</span> 
     </span>
     <span class='ocr_line' id='line_1_23' title="bbox 134 2005 1800 2073; baseline 0 -16"><span class='ocrx_word' id='word_1_181' title='bbox 134 2005 408 2072; x_wconf 79' lang='grc' dir='ltr'>Θεσπιέας,</span> <span class='ocrx_word' id='word_1_182' title='bbox 436 2008 644 2073; x_wconf 82' lang='grc' dir='ltr'>ὁρῶντες</span> <span class='ocrx_word' id='word_1_183' title='bbox 677 2007 755 2058; x_wconf 90' lang='grc' dir='ltr'>καὶ</span> <span class='ocrx_word' id='word_1_184' title='bbox 777 2006 891 2060; x_wconf 83' lang='grc' dir='ltr'>τοὺς</span> <span class='ocrx_word' id='word_1_185' title='bbox 916 2008 1143 2060; x_wconf 84' lang='grc' dir='ltr'>εἵλωτας.</span> <span class='ocrx_word' id='word_1_186' title='bbox 1216 2007 1273 2058; x_wconf 83' lang='grc' dir='ltr'>οὗ</span> <span class='ocrx_word' id='word_1_187' title='bbox 1302 2009 1394 2072; x_wconf 81' lang='grc' dir='ltr'>μὲν</span> <span class='ocrx_word' id='word_1_188' title='bbox 1424 2007 1525 2058; x_wconf 82' lang='grc' dir='ltr'>οὐδ’</span> <span class='ocrx_word' id='word_1_189' title='bbox 1558 2005 1800 2058; x_wconf 88' lang='grc' dir='ltr'>ἐλάνθανε</span> 
     </span>
     <span class='ocr_line' id='line_1_24' title="bbox 132 2089 1800 2158; baseline 0.002 -18"><span class='ocrx_word' id='word_1_190' title='bbox 132 2089 246 2144; x_wconf 86' lang='grc' dir='ltr'>τοὺς</span> <span class='ocrx_word' id='word_1_191' title='bbox 276 2091 642 2156; x_wconf 84' lang='grc' dir='ltr'>διαβεβηκότας</span> <span class='ocrx_word' id='word_1_192' title='bbox 675 2090 867 2158; x_wconf 79' lang='grc' dir='ltr'>Ξέρξης</span> <span class='ocrx_word' id='word_1_193' title='bbox 901 2096 1056 2142; x_wconf 90' lang='grc' dir='ltr'>ταῦτα</span> <span class='ocrx_word' id='word_1_194' title='bbox 1091 2089 1281 2157; x_wconf 84' lang='grc' dir='ltr'>πρήξας</span> <span class='ocrx_word' id='word_1_195' title='bbox 1311 2092 1423 2158; x_wconf 88' lang='grc' dir='ltr'>περὶ</span> <span class='ocrx_word' id='word_1_196' title='bbox 1454 2091 1568 2145; x_wconf 85' lang='grc' dir='ltr'>τοὺς</span> <span class='ocrx_word' id='word_1_197' title='bbox 1598 2091 1800 2158; x_wconf 85' lang='grc' dir='ltr'>νεκροὺς</span> 
     </span>
     <span class='ocr_line' id='line_1_25' title="bbox 133 2174 1801 2244; baseline 0.001 -19"><span class='ocrx_word' id='word_1_198' title='bbox 133 2174 247 2227; x_wconf 84' lang='grc' dir='ltr'>τοὺς</span> <span class='ocrx_word' id='word_1_199' title='bbox 287 2177 485 2226; x_wconf 81' lang='grc' dir='ltr'>ἑωυτοῦ·</span> <span class='ocrx_word' id='word_1_200' title='bbox 547 2177 625 2227; x_wconf 89' lang='grc' dir='ltr'>καὶ</span> <span class='ocrx_word' id='word_1_201' title='bbox 660 2178 754 2243; x_wconf 72' lang='grc' dir='ltr'>γὰρ</span> <span class='ocrx_word' id='word_1_202' title='bbox 792 2175 849 2239; x_wconf 78' lang='grc' dir='ltr'>δὴ</span> <span class='ocrx_word' id='word_1_203' title='bbox 890 2176 968 2227; x_wconf 88' lang='grc' dir='ltr'>καὶ</span> <span class='ocrx_word' id='word_1_204' title='bbox 1008 2180 1211 2242; x_wconf 84' lang='grc' dir='ltr'>γελοῖον</span> <span class='ocrx_word' id='word_1_205' title='bbox 1246 2174 1323 2239; x_wconf 80' lang='grc' dir='ltr'>ἦν·</span> <span class='ocrx_word' id='word_1_206' title='bbox 1375 2180 1474 2227; x_wconf 82' lang='grc' dir='ltr'>τῶν</span> <span class='ocrx_word' id='word_1_207' title='bbox 1507 2178 1599 2240; x_wconf 84' lang='grc' dir='ltr'>μὲν</span> <span class='ocrx_word' id='word_1_208' title='bbox 1640 2177 1801 2244; x_wconf 86' lang='grc' dir='ltr'>χίλιοι</span> 
     </span>
     <span class='ocr_line' id='line_1_26' title="bbox 60 2258 1799 2327; baseline 0.003 -21"><span class='ocrx_word' id='word_1_209' title='bbox 60 2278 108 2318; x_wconf 86' lang='lat'>25</span> <span class='ocrx_word' id='word_1_210' title='bbox 133 2259 400 2325; x_wconf 88' lang='grc' dir='ltr'>ἐφαίνοντο</span> <span class='ocrx_word' id='word_1_211' title='bbox 431 2259 593 2325; x_wconf 88' lang='grc' dir='ltr'>νεκροὶ</span> <span class='ocrx_word' id='word_1_212' title='bbox 625 2260 854 2324; x_wconf 90' lang='grc' dir='ltr'>κείμενοι,</span> <span class='ocrx_word' id='word_1_213' title='bbox 884 2262 929 2311; x_wconf 84' lang='grc' dir='ltr'>οἱ</span> <span class='ocrx_word' id='word_1_214' title='bbox 954 2262 1006 2311; x_wconf 81' lang='grc' dir='ltr'>δὲ</span> <span class='ocrx_word' id='word_1_215' title='bbox 1032 2258 1215 2313; x_wconf 89' lang='grc' dir='ltr'>πάντες</span> <span class='ocrx_word' id='word_1_216' title='bbox 1239 2259 1411 2311; x_wconf 84' lang='grc' dir='ltr'>ἐκέατο</span> <span class='ocrx_word' id='word_1_217' title='bbox 1442 2259 1586 2314; x_wconf 82' lang='grc' dir='ltr'>ἁλέες</span> <span class='ocrx_word' id='word_1_218' title='bbox 1618 2281 1799 2327; x_wconf 84' lang='grc' dir='ltr'>συγκε-</span> 
     </span>
     <span class='ocr_line' id='line_1_27' title="bbox 134 2341 1800 2412; baseline 0.002 -20"><span class='ocrx_word' id='word_1_219' title='bbox 134 2341 423 2407; x_wconf 88' lang='grc' dir='ltr'>κομισμένοι</span> <span class='ocrx_word' id='word_1_220' title='bbox 468 2345 519 2396; x_wconf 90' lang='grc' dir='ltr'>ἐς</span> <span class='ocrx_word' id='word_1_221' title='bbox 562 2344 717 2396; x_wconf 83' lang='grc' dir='ltr'>τώυτὸ</span> <span class='ocrx_word' id='word_1_222' title='bbox 761 2345 961 2411; x_wconf 82' lang='grc' dir='ltr'>χωρίον,</span> <span class='ocrx_word' id='word_1_223' title='bbox 1003 2342 1245 2410; x_wconf 87' lang='grc' dir='ltr'>τέσσερες</span> <span class='ocrx_word' id='word_1_224' title='bbox 1288 2343 1528 2412; x_wconf 83' lang='grc' dir='ltr'>χιλιάδες.</span> <span class='ocrx_word' id='word_1_225' title='bbox 1618 2344 1800 2409; x_wconf 86' lang='grc' dir='ltr'>ταύτην</span> 
     </span>
     <span class='ocr_line' id='line_1_28' title="bbox 130 2426 1800 2501; baseline 0.002 -24"><span class='ocrx_word' id='word_1_226' title='bbox 130 2428 222 2491; x_wconf 86' lang='grc' dir='ltr'>μὲν</span> <span class='ocrx_word' id='word_1_227' title='bbox 252 2426 341 2490; x_wconf 77' lang='grc' dir='ltr'>τὴν</span> <span class='ocrx_word' id='word_1_228' title='bbox 371 2426 557 2494; x_wconf 87' lang='grc' dir='ltr'>ἡμέρην</span> <span class='ocrx_word' id='word_1_229' title='bbox 589 2432 709 2494; x_wconf 81' lang='grc' dir='ltr'>πρὸς</span> <span class='ocrx_word' id='word_1_230' title='bbox 735 2427 852 2492; x_wconf 88' lang='grc' dir='ltr'>θέην</span> <span class='ocrx_word' id='word_1_231' title='bbox 885 2426 1174 2494; x_wconf 86' lang='grc' dir='ltr'>ἐτράποντο,</span> <span class='ocrx_word' id='word_1_232' title='bbox 1201 2429 1259 2500; x_wconf 83' lang='grc' dir='ltr'>τῇ</span> <span class='ocrx_word' id='word_1_233' title='bbox 1291 2428 1333 2480; x_wconf 86' lang='grc' dir='ltr'>δ’</span> <span class='ocrx_word' id='word_1_234' title='bbox 1363 2429 1600 2501; x_wconf 84' lang='grc' dir='ltr'>ὑστεραίῃ</span> <span class='ocrx_word' id='word_1_235' title='bbox 1633 2431 1679 2480; x_wconf 83' lang='grc' dir='ltr'>οἱ</span> <span class='ocrx_word' id='word_1_236' title='bbox 1708 2431 1800 2493; x_wconf 82' lang='grc' dir='ltr'>μὲν</span> 
     </span>
    </p>
   </div>
   <div class='ocr_carea' id='block_1_3' title="bbox 193 2563 1801 2615">
    <p class='ocr_par' dir='ltr' id='par_1_3' title="bbox 193 2563 1801 2615">
     <span class='ocr_line' id='line_1_29' title="bbox 193 2563 1801 2615; baseline 0.004 -14"><span class='ocrx_word' id='word_1_237' title='bbox 193 2576 209 2601; x_wconf 90' lang='lat'>1</span> <span class='ocrx_word' id='word_1_238' title='bbox 243 2564 365 2605; x_wconf 76' lang='grc' dir='ltr'>ἔπλεε</span> <span class='ocrx_word' id='word_1_239' title='bbox 387 2564 443 2605; x_wconf 87' lang='lat' dir='ltr'>P:</span> <span class='ocrx_word' id='word_1_240' title='bbox 475 2565 632 2605; x_wconf 81' lang='grc' dir='ltr'>ἔπλωεν</span> <span class='ocrx_word' id='word_1_241' title='bbox 653 2565 692 2603; x_wconf 88' lang='lat' dir='ltr'>R</span> <span class='ocrx_word' id='word_1_242' title='bbox 709 2565 812 2604; x_wconf 86' lang='lat' dir='ltr'>SV:</span> <span class='ocrx_word' id='word_1_243' title='bbox 845 2563 1018 2605; x_wconf 83' lang='grc' dir='ltr'>ἐπέπλεε</span> <span class='ocrx_word' id='word_1_244' title='bbox 1039 2565 1078 2603; x_wconf 91' lang='grc' dir='ltr'>Α</span> <span class='ocrx_word' id='word_1_245' title='bbox 1093 2564 1127 2603; x_wconf 90' lang='grc' dir='ltr'><em>Β</em></span> <span class='ocrx_word' id='word_1_246' title='bbox 1143 2565 1176 2603; x_wconf 91' lang='lat' dir='ltr'>C</span> <span class='ocrx_word' id='word_1_247' title='bbox 1269 2565 1400 2614; x_wconf 81' lang='grc' dir='ltr'>ἆλλὴς</span> <span class='ocrx_word' id='word_1_248' title='bbox 1424 2565 1462 2603; x_wconf 92' lang='lat' dir='ltr'><strong>R</strong></span> <span class='ocrx_word' id='word_1_249' title='bbox 1479 2565 1518 2603; x_wconf 94' lang='lat' dir='ltr'>V</span> <span class='ocrx_word' id='word_1_250' title='bbox 1627 2578 1653 2615; x_wconf 85' lang='lat'><strong>3</strong></span> <span class='ocrx_word' id='word_1_251' title='bbox 1674 2574 1801 2607; x_wconf 84' lang='grc' dir='ltr'>-πλω-</span> 
     </span>
    </p>
   </div>
   <div class='ocr_carea' id='block_1_4' title="bbox 131 2618 1802 3001">
    <p class='ocr_par' dir='ltr' id='par_1_4' title="bbox 131 2618 1802 3001">
     <span class='ocr_line' id='line_1_30' title="bbox 136 2618 1802 2671; baseline 0.001 -15"><span class='ocrx_word' id='word_1_252' title='bbox 136 2618 177 2656; x_wconf 92' lang='lat' dir='ltr'><strong>R</strong></span> <span class='ocrx_word' id='word_1_253' title='bbox 199 2618 229 2657; x_wconf 90' lang='lat' dir='ltr'>S</span> <span class='ocrx_word' id='word_1_254' title='bbox 251 2619 288 2658; x_wconf 95' lang='lat' dir='ltr'>V</span> <span class='ocrx_word' id='word_1_255' title='bbox 439 2633 463 2668; x_wconf 90' lang='lat'>4</span> <span class='ocrx_word' id='word_1_256' title='bbox 512 2619 734 2660; x_wconf 85' lang='grc' dir='ltr'>Ἱστιαιέων</span> <span class='ocrx_word' id='word_1_257' title='bbox 786 2619 843 2665; x_wconf 85' lang='lat' dir='ltr'>S;</span> <span class='ocrx_word' id='word_1_258' title='bbox 902 2620 1103 2660; x_wconf 82' lang='grc' dir='ltr'>Ἱστιαίων</span> <span class='ocrx_word' id='word_1_259' title='bbox 1152 2619 1241 2658; x_wconf 84' lang='lat' dir='ltr'><strong>rell.</strong></span> <span class='ocrx_word' id='word_1_260' title='bbox 1372 2620 1597 2671; x_wconf 77' lang='grc' dir='ltr'>ελλογίμης</span> <span class='ocrx_word' id='word_1_261' title='bbox 1647 2619 1686 2658; x_wconf 91' lang='lat' dir='ltr'>R</span> <span class='ocrx_word' id='word_1_262' title='bbox 1710 2620 1740 2659; x_wconf 93' lang='lat' dir='ltr'>S</span> <span class='ocrx_word' id='word_1_263' title='bbox 1763 2620 1802 2658; x_wconf 94' lang='lat' dir='ltr'>V</span> 
     </span>
     <span class='ocr_line' id='line_1_31' title="bbox 134 2673 1800 2723; baseline -0.001 -9"><span class='ocrx_word' id='word_1_264' title='bbox 134 2674 414 2722; x_wconf 66' lang='grc' dir='ltr'>’Ῑστιαιῆτιδος</span> <span class='ocrx_word' id='word_1_265' title='bbox 445 2673 483 2711; x_wconf 88' lang='lat' dir='ltr'>R</span> <span class='ocrx_word' id='word_1_266' title='bbox 501 2674 582 2712; x_wconf 87' lang='lat' dir='ltr'>SV</span> <span class='ocrx_word' id='word_1_267' title='bbox 801 2685 826 2723; x_wconf 87' lang='grc'>5</span> <span class='ocrx_word' id='word_1_268' title='bbox 855 2676 927 2715; x_wconf 77' lang='grc' dir='ltr'>τὰς</span> <span class='ocrx_word' id='word_1_269' title='bbox 954 2686 1034 2713; x_wconf 84' lang='lat' dir='ltr'>om.</span> <span class='ocrx_word' id='word_1_270' title='bbox 1068 2673 1204 2712; x_wconf 88' lang='lat' dir='ltr'>RSV</span> <span class='ocrx_word' id='word_1_271' title='bbox 1421 2675 1449 2712; x_wconf 89' lang='lat'><strong>6</strong></span> <span class='ocrx_word' id='word_1_272' title='bbox 1476 2675 1529 2715; x_wconf 82' lang='grc' dir='ltr'>τὰ,</span> <span class='ocrx_word' id='word_1_273' title='bbox 1554 2688 1635 2713; x_wconf 90' lang='lat' dir='ltr'>om.</span> <span class='ocrx_word' id='word_1_274' title='bbox 1664 2675 1704 2713; x_wconf 92' lang='lat' dir='ltr'><strong>R</strong></span> <span class='ocrx_word' id='word_1_275' title='bbox 1720 2675 1800 2714; x_wconf 90' lang='lat' dir='ltr'>SV</span> 
     </span>
     <span class='ocr_line' id='line_1_32' title="bbox 134 2727 1800 2782; baseline 0 -14"><span class='ocrx_word' id='word_1_276' title='bbox 134 2741 157 2777; x_wconf 89' lang='lat'><strong>7</strong></span> <span class='ocrx_word' id='word_1_277' title='bbox 188 2730 364 2781; x_wconf 79' lang='grc' dir='ltr'>στρατὸν</span> <span class='ocrx_word' id='word_1_278' title='bbox 384 2741 467 2768; x_wconf 89' lang='lat' dir='ltr'>om.</span> <span class='ocrx_word' id='word_1_279' title='bbox 492 2728 522 2766; x_wconf 89' lang='lat' dir='ltr'>S</span> <span class='ocrx_word' id='word_1_280' title='bbox 539 2727 573 2766; x_wconf 94' lang='lat' dir='ltr'>V</span> <span class='ocrx_word' id='word_1_281' title='bbox 595 2727 701 2776; x_wconf 89' lang='lat' dir='ltr'>(non</span> <span class='ocrx_word' id='word_1_282' title='bbox 720 2728 780 2778; x_wconf 83' lang='lat' dir='ltr'><strong>R)</strong></span> <span class='ocrx_word' id='word_1_283' title='bbox 892 2745 1102 2782; x_wconf 84' lang='grc' dir='ltr'>προητοιμ.</span> <span class='ocrx_word' id='word_1_284' title='bbox 1124 2729 1162 2766; x_wconf 88' lang='grc' dir='ltr'>Α</span> <span class='ocrx_word' id='word_1_285' title='bbox 1177 2728 1211 2765; x_wconf 90' lang='grc' dir='ltr'><em>Β</em></span> <span class='ocrx_word' id='word_1_286' title='bbox 1226 2728 1260 2766; x_wconf 93' lang='lat' dir='ltr'>C</span> <span class='ocrx_word' id='word_1_287' title='bbox 1415 2731 1441 2767; x_wconf 90' lang='lat'><em>8</em></span> <span class='ocrx_word' id='word_1_288' title='bbox 1470 2728 1543 2771; x_wconf 87' lang='lat' dir='ltr'><strong>alt.</strong></span> <span class='ocrx_word' id='word_1_289' title='bbox 1566 2733 1638 2770; x_wconf 82' lang='grc' dir='ltr'>τοῦ</span> <span class='ocrx_word' id='word_1_290' title='bbox 1658 2742 1739 2768; x_wconf 90' lang='lat' dir='ltr'>om.</span> <span class='ocrx_word' id='word_1_291' title='bbox 1766 2729 1800 2768; x_wconf 92' lang='lat' dir='ltr'>C</span> 
     </span>
     <span class='ocr_line' id='line_1_33' title="bbox 131 2745 1801 2834; baseline 0 -12"><span class='ocrx_word' id='word_1_292' title='bbox 131 2795 160 2832; x_wconf 90' lang='lat'>9</span> <span class='ocrx_word' id='word_1_293' title='bbox 189 2745 498 2824; x_wconf 78' lang='grc' dir='ltr'>ὑπολειπόμενος</span> <span class='ocrx_word' id='word_1_294' title='bbox 520 2782 571 2820; x_wconf 78' lang='lat' dir='ltr'>C⁰</span> <span class='ocrx_word' id='word_1_295' title='bbox 587 2784 651 2834; x_wconf 89' lang='lat'>(1)</span> <span class='ocrx_word' id='word_1_296' title='bbox 781 2795 824 2822; x_wconf 88' lang='lat'>11</span> <span class='ocrx_word' id='word_1_297' title='bbox 860 2783 1096 2830; x_wconf 73' lang='grc' dir='ltr'>ἐπιβάλλων</span> <span class='ocrx_word' id='word_1_298' title='bbox 1118 2782 1157 2820; x_wconf 91' lang='lat' dir='ltr'><strong>R</strong></span> <span class='ocrx_word' id='word_1_299' title='bbox 1173 2783 1202 2821; x_wconf 89' lang='lat' dir='ltr'>S</span> <span class='ocrx_word' id='word_1_300' title='bbox 1216 2783 1252 2820; x_wconf 95' lang='lat' dir='ltr'>V</span> <span class='ocrx_word' id='word_1_301' title='bbox 1387 2795 1434 2833; x_wconf 89' lang='lat'>15</span> <span class='ocrx_word' id='word_1_302' title='bbox 1465 2786 1530 2824; x_wconf 80' lang='grc' dir='ltr'>καὶ</span> <span class='ocrx_word' id='word_1_303' title='bbox 1554 2797 1635 2823; x_wconf 88' lang='lat' dir='ltr'>om.</span> <span class='ocrx_word' id='word_1_304' title='bbox 1664 2785 1703 2822; x_wconf 92' lang='lat' dir='ltr'><strong>R</strong></span> <span class='ocrx_word' id='word_1_305' title='bbox 1718 2783 1747 2822; x_wconf 88' lang='lat' dir='ltr'>S</span> <span class='ocrx_word' id='word_1_306' title='bbox 1762 2784 1801 2822; x_wconf 93' lang='lat' dir='ltr'>V</span> 
     </span>
     <span class='ocr_line' id='line_1_34' title="bbox 137 2836 1801 2891; baseline 0.003 -17"><span class='ocrx_word' id='word_1_307' title='bbox 137 2837 188 2875; x_wconf 87' lang='lat'>16</span> <span class='ocrx_word' id='word_1_308' title='bbox 217 2836 509 2885; x_wconf 78' lang='grc' dir='ltr'>ἀνοητοτάτους</span> <span class='ocrx_word' id='word_1_309' title='bbox 524 2837 685 2876; x_wconf 88' lang='lat' dir='ltr'>conieci</span> <span class='ocrx_word' id='word_1_310' title='bbox 858 2851 903 2888; x_wconf 87' lang='lat'>17</span> <span class='ocrx_word' id='word_1_311' title='bbox 935 2837 1232 2890; x_wconf 66' lang='grc' dir='ltr'>ὑπερβαλέσθαι</span> <span class='ocrx_word' id='word_1_312' title='bbox 1252 2837 1290 2874; x_wconf 88' lang='lat' dir='ltr'><strong>R</strong></span> <span class='ocrx_word' id='word_1_313' title='bbox 1307 2837 1337 2876; x_wconf 83' lang='lat' dir='ltr'>S</span> <span class='ocrx_word' id='word_1_314' title='bbox 1351 2838 1388 2875; x_wconf 93' lang='lat' dir='ltr'>V</span> <span class='ocrx_word' id='word_1_315' title='bbox 1559 2839 1608 2877; x_wconf 89' lang='lat'>18</span> <span class='ocrx_word' id='word_1_316' title='bbox 1635 2838 1801 2891; x_wconf 80' lang='grc' dir='ltr'>ἐγένετο</span> 
     </span>
     <span class='ocr_line' id='line_1_35' title="bbox 134 2890 1800 2946; baseline 0.002 -16"><span class='ocrx_word' id='word_1_317' title='bbox 134 2891 169 2930; x_wconf 92' lang='lat' dir='ltr'>C</span> <span class='ocrx_word' id='word_1_318' title='bbox 183 2890 217 2929; x_wconf 95' lang='lat' dir='ltr'>P</span> <span class='ocrx_word' id='word_1_319' title='bbox 405 2905 458 2931; x_wconf 84' lang='lat'>20</span> <span class='ocrx_word' id='word_1_320' title='bbox 488 2894 675 2940; x_wconf 79' lang='grc' dir='ltr'>ἐθηεῦντο</span> <span class='ocrx_word' id='word_1_321' title='bbox 698 2891 906 2944; x_wconf 83' lang='grc' dir='ltr'>(ἐθηέοντο</span> <span class='ocrx_word' id='word_1_322' title='bbox 928 2892 1026 2941; x_wconf 87' lang='lat' dir='ltr'>SV)</span> <span class='ocrx_word' id='word_1_323' title='bbox 1045 2923 1054 2932; x_wconf 87' lang='lat'><strong>.</strong></span> <span class='ocrx_word' id='word_1_324' title='bbox 1077 2922 1087 2932; x_wconf 89' lang='lat'><em>.</em></span> <span class='ocrx_word' id='word_1_325' title='bbox 1104 2921 1113 2931; x_wconf 88' lang='lat'><strong>.</strong></span> <span class='ocrx_word' id='word_1_326' title='bbox 1134 2891 1178 2932; x_wconf 86' lang='grc' dir='ltr'>δὲ</span> <span class='ocrx_word' id='word_1_327' title='bbox 1199 2905 1279 2930; x_wconf 87' lang='lat' dir='ltr'>orn.</span> <span class='ocrx_word' id='word_1_328' title='bbox 1307 2891 1347 2930; x_wconf 90' lang='lat' dir='ltr'><strong>R</strong></span> <span class='ocrx_word' id='word_1_329' title='bbox 1533 2905 1586 2931; x_wconf 81' lang='lat'>22</span> <span class='ocrx_word' id='word_1_330' title='bbox 1617 2892 1800 2946; x_wconf 83' lang='grc' dir='ltr'>ὁρέοντες</span> 
     </span>
     <span class='ocr_line' id='line_1_36' title="bbox 134 2944 1800 3001; baseline 0.002 -18"><span class='ocrx_word' id='word_1_331' title='bbox 134 2946 168 2984; x_wconf 87' lang='grc' dir='ltr'><em>Ρ</em></span> <span class='ocrx_word' id='word_1_332' title='bbox 182 2946 218 2983; x_wconf 89' lang='lat' dir='ltr'><strong>R</strong></span> <span class='ocrx_word' id='word_1_333' title='bbox 235 2945 265 2983; x_wconf 86' lang='lat' dir='ltr'>S</span> <span class='ocrx_word' id='word_1_334' title='bbox 279 2945 317 2983; x_wconf 94' lang='lat' dir='ltr'>V</span> <span class='ocrx_word' id='word_1_335' title='bbox 333 2960 343 2985; x_wconf 71' lang='grc' dir='ltr'>τ</span> <span class='ocrx_word' id='word_1_336' title='bbox 382 2945 571 2999; x_wconf 82' lang='grc' dir='ltr'>ὁρέωντες</span> <span class='ocrx_word' id='word_1_337' title='bbox 602 2944 636 2983; x_wconf 92' lang='lat' dir='ltr'>C</span> <span class='ocrx_word' id='word_1_338' title='bbox 802 2958 855 2996; x_wconf 88' lang='lat'>23</span> <span class='ocrx_word' id='word_1_339' title='bbox 896 2946 1039 2998; x_wconf 84' lang='grc' dir='ltr'>Ξέρξης</span> <span class='ocrx_word' id='word_1_340' title='bbox 1069 2947 1111 2987; x_wconf 85' lang='grc' dir='ltr'>δὲ</span> <span class='ocrx_word' id='word_1_341' title='bbox 1144 2945 1191 2984; x_wconf 88' lang='grc' dir='ltr'>Ρ1</span> <span class='ocrx_word' id='word_1_342' title='bbox 1209 2945 1248 2983; x_wconf 93' lang='lat' dir='ltr'><strong>R</strong></span> <span class='ocrx_word' id='word_1_343' title='bbox 1264 2947 1293 2986; x_wconf 86' lang='lat' dir='ltr'>S</span> <span class='ocrx_word' id='word_1_344' title='bbox 1306 2945 1343 2984; x_wconf 94' lang='lat' dir='ltr'>V</span> <span class='ocrx_word' id='word_1_345' title='bbox 1514 2949 1567 2986; x_wconf 82' lang='lat'>26</span> <span class='ocrx_word' id='word_1_346' title='bbox 1605 2946 1800 3001; x_wconf 78' lang='grc' dir='ltr'>τέσσερες</span> 
     </span>
    </p>
   </div>
   <div class='ocr_carea' id='block_1_5' title="bbox 133 2999 1636 3100">
    <p class='ocr_par' dir='ltr' id='par_1_5' title="bbox 133 2999 1636 3100">
     <span class='ocr_line' id='line_1_37' title="bbox 133 2999 974 3053; baseline 0.001 -14"><span class='ocrx_word' id='word_1_347' title='bbox 133 3001 262 3053; x_wconf 88' lang='grc' dir='ltr'>(·αρες</span> <span class='ocrx_word' id='word_1_348' title='bbox 282 3000 315 3038; x_wconf 93' lang='lat' dir='ltr'>C</span> <span class='ocrx_word' id='word_1_349' title='bbox 330 2999 368 3038; x_wconf 91' lang='lat' dir='ltr'><strong>R</strong></span> <span class='ocrx_word' id='word_1_350' title='bbox 382 3000 438 3052; x_wconf 93' lang='lat' dir='ltr'>V)</span> <span class='ocrx_word' id='word_1_351' title='bbox 459 3000 642 3053; x_wconf 80' lang='grc' dir='ltr'>χιλιάδες</span> <span class='ocrx_word' id='word_1_352' title='bbox 663 3001 745 3042; x_wconf 86' lang='lat' dir='ltr'><strong>del.</strong></span> <span class='ocrx_word' id='word_1_353' title='bbox 773 3001 974 3040; x_wconf 83' lang='lat' dir='ltr'>Heraeus</span> 
     </span>
     <span class='ocr_line' id='line_1_38' title="bbox 187 3061 1636 3100; baseline 0.005 -7"><span class='ocrx_word' id='word_1_354' title='bbox 187 3066 288 3095; x_wconf 77' lang='grc' dir='ltr'>Ηῡτ.</span> <span class='ocrx_word' id='word_1_355' title='bbox 314 3067 358 3094; x_wconf 86' lang='lat'>11.</span> <span class='ocrx_word' id='word_1_356' title='bbox 1586 3061 1636 3100; x_wconf 90' lang='lat'>18</span> 
     </span>
    </p>
   </div>
   <div class='ocr_carea' id='block_1_6' title="bbox 1838 105 2089 166">
    <p class='ocr_par' dir='ltr' id='par_1_6' title="bbox 1838 105 2089 166">
     <span class='ocr_line' id='line_1_39' title="bbox 1838 105 2089 166; baseline 0.008 -15"><span class='ocrx_word' id='word_1_357' title='bbox 1838 105 1975 152; x_wconf 94' lang='lat' dir='ltr'>VIII.</span> <span class='ocrx_word' id='word_1_358' title='bbox 2003 118 2089 166; x_wconf 81' lang='lat'>23-</span> 
     </span>
    </p>
   </div>
   <div class='ocr_carea' id='block_1_7' title="bbox 1839 252 1864 284">
    <p class='ocr_par' dir='ltr' id='par_1_7' title="bbox 1839 252 1864 284">
     <span class='ocr_line' id='line_1_40' title="bbox 1839 252 1864 284; baseline 0 0"><span class='ocrx_word' id='word_1_359' title='bbox 1839 252 1864 284; x_wconf 87' lang='grc'><strong>2</strong></span> 
     </span>
    </p>
   </div>
   <div class='ocr_carea' id='block_1_8' title="bbox 1839 671 1906 719">
    <p class='ocr_par' dir='ltr' id='par_1_8' title="bbox 1839 671 1906 719">
     <span class='ocr_line' id='line_1_41' title="bbox 1839 671 1906 719; baseline 0 0"><span class='ocrx_word' id='word_1_360' title='bbox 1839 671 1906 719; x_wconf 87' lang='lat'>24</span> 
     </span>
    </p>
   </div>
   <div class='ocr_carea' id='block_1_9' title="bbox 1839 1187 1864 1218">
    <p class='ocr_par' dir='ltr' id='par_1_9' title="bbox 1839 1187 1864 1218">
     <span class='ocr_line' id='line_1_42' title="bbox 1839 1187 1864 1218; baseline 0 0"><span class='ocrx_word' id='word_1_361' title='bbox 1839 1187 1864 1218; x_wconf 89' lang='lat'><strong>2</strong></span> 
     </span>
    </p>
   </div>
   <div class='ocr_carea' id='block_1_10' title="bbox 1839 1689 1904 1740">
    <p class='ocr_par' dir='ltr' id='par_1_10' title="bbox 1839 1689 1904 1740">
     <span class='ocr_line' id='line_1_43' title="bbox 1839 1689 1904 1740; baseline 0 0"><span class='ocrx_word' id='word_1_362' title='bbox 1839 1689 1904 1740; x_wconf 85' lang='lat'>25</span> 
     </span>
    </p>
   </div>
  </div>
 </body>
</html>
