2080 3328
45 114 110 164 V·
136 127 210 177 94

869 110 917 157 H
933 108 1298 158 ΡΟΔΟΤΟΎ

0 203 321 262 '‘m''
460 241 552 292 Ἀθ
648 241 941 309 ⁶5⁸⁹g
1039 263 1105 309 χχ
1279 241 1326 309 Ἐ
1469 242 1586 293 ’δ
1709 242 1725 261 ’
1894 264 1919 303 e

0 253 434 334 Ἥχωρην,
556 262 716 306 ηναιοι
776 264 799 294 ε
827 262 916 307 νουτ
973 262 1036 292 συ
1110 262 1289 292 ινωσκο
1329 262 1432 294 ενοι
1460 263 1558 294 απο
1592 262 1836 296 εικνυντες
1862 263 1892 294 τ

0 302 383 403 Ἅῲωλόγῳ
421 326 563 378 οὐδὲν
597 329 794 391 μᾶλλον
832 327 1070 377 Αἰολεῦσι
1105 324 1282 390 μετεὸν
1315 328 1402 390 τῆς
1439 324 1658 399 Ἰλιάδος,
1687 325 1852 393 χώρης
1885 322 1916 391 ἢ

114 397 203 439 ιη.

140 505 210 555 95

142 2254 211 2304 97

248 410 304 461 οὐ
329 410 407 461 καὶ
431 411 585 478 σφίσι
618 410 696 461 καὶ
718 414 853 461 τοῖσι
875 408 1094 468 ἄλλοισι,
1120 410 1235 461 ὅσοι
1256 408 1520 474 Ἑλλήνων
1545 408 1919 476 συνεπρήξαντο

250 493 488 564 Μενέλεῳ
533 495 622 547 τὰς
664 492 876 558 Ἑλένης
921 492 1162 561 ἁρπαγάς.
1251 494 1598 559 πολεμεόντων
1643 493 1697 545 δέ
1742 499 1922 560 σφεων

248 582 458 629 παντοῖα
503 577 581 629 καὶ
625 576 759 629 ἄλλα
800 576 997 644 ἐγένετο
1037 579 1092 629 ἐν
1130 584 1248 650 τῇσι
1290 576 1500 649 μάχῃσι,
1546 579 1598 630 ἐν
1639 579 1693 630 δὲ
1737 577 1794 642 δὴ
1838 579 1916 631 καὶ
1941 603 1964 643 5

249 661 481 715 Ἀλκαῖος
511 663 538 712 6
567 661 771 726 ποιητὴς
796 664 1061 727 συμβολῆς
1085 660 1354 728 γενομένης
1384 662 1464 713 καὶ
1493 661 1742 714 νικώντων
1765 657 1912 727 Ἀθη-
1941 704 1948 709 .

248 747 398 798 ναίων
434 745 579 799 αὐτὸς
612 748 705 811 μὲν
742 745 946 813 φεύγων
980 746 1228 812 ἐκφεύγει,
1267 746 1329 796 τὰ
1365 744 1420 797 δέ
1455 747 1502 797 οἱ
1537 746 1672 797 ὅπλα
1710 748 1918 813 ἴσχουσι

249 829 505 894 Ἀθηναῖοι
541 831 626 881 καί
660 836 798 897 σφεα
837 827 1181 896 ἀνεκρέμασαν
1216 829 1336 895 πρὸς
1371 828 1429 880 τὸ
1465 827 1730 894 Ἀθήναιον
1765 828 1822 881 τὸ
1863 832 1918 882 ἐν

248 914 442 983 Σιγείῳ.
531 918 684 964 ταῦτα
721 916 774 964 δὲ
813 912 1048 966 Ἀλκαῖος
1093 915 1146 964 ἐν
1186 912 1330 978 μέλεϊ
1368 911 1581 977 ποιήσας
1623 915 1831 981 ἐπιτιθεῖ
1866 916 1919 967 ἐς
1944 907 2080 969 tund

250 996 542 1062 Μυτιλήνην
587 995 1017 1064 ἐξαγγελλόμενος
1062 995 1120 1047 τὸ
1169 1000 1351 1049 ἑωυτοῦ
1396 995 1554 1049 πάθος
1603 998 1916 1067 Μελανίππῳ
1945 1019 1993 1047 10

248 1081 386 1147 ἀνδρὶ
423 1082 614 1150 ἑταίρῳ.
704 1082 1074 1145 Μυτιληναίους
1109 1083 1164 1133 δὲ
1203 1082 1280 1133 καὶ
1311 1080 1602 1145 Ἀθηναίους
1639 1079 1918 1145 κατήλλαξε

250 1167 553 1232 Περίανδρος
599 1166 625 1216 6
666 1164 920 1233 Κυψέλου·
966 1165 1119 1235 τούτῳ
1164 1167 1260 1232 γὰρ
1302 1169 1523 1237 διαιτητῇ
1564 1163 1915 1232 ἐπετράποντο·

250 1248 532 1314 κατήλλαξε
562 1251 614 1301 δὲ
644 1250 752 1308 ὧδε,
781 1248 1020 1314 νέμεσθαι
1050 1248 1305 1314 ἑκατέρους
1336 1248 1425 1313 τὴν
1458 1248 1648 1317 ἔχουσι.
1716 1249 1916 1315 Σίγειον

246 1333 337 1399 μέν
374 1355 460 1386 νυν
495 1334 619 1385 οὕτω
656 1332 854 1400 ἐγένετο
893 1333 975 1386 ὑπ’
1010 1332 1337 1403 Ἀθηναίοισι.
1427 1331 1622 1397 Ἱππίης
1659 1335 1712 1384 δὲ
1753 1333 1917 1385 ἐπείτε

247 1419 452 1470 ἀπίκετο
497 1420 550 1469 ἐκ
593 1421 680 1482 τῆς
724 1418 1093 1483 Λακεδαίμονος
1138 1419 1188 1470 ἐς
1231 1417 1322 1481 τὴν
1365 1416 1561 1481 Ἀσίην,
1608 1420 1706 1468 πᾶν
1749 1419 1915 1483 χρῆμα
1942 1442 1989 1483 15
2058 1420 2063 1424 ’

247 1504 418 1561 ἐκίνεε,
446 1500 740 1567 διαβάλλων
769 1523 824 1553 τε
853 1501 965 1555 τοὺς
987 1501 1278 1566 Ἀθηναίους
1309 1505 1430 1568 πρὸς
1462 1501 1550 1553 τὸν
1575 1500 1915 1567 Ἀρταφρένεα

249 1587 327 1638 καὶ
364 1585 546 1638 ποιέων
582 1584 776 1638 ἅπαντα
810 1586 936 1639 ὅκως
970 1588 1019 1637 αἱ
1051 1586 1258 1650 Ἀθῆναι
1289 1586 1516 1653 γενοίατο
1553 1585 1633 1636 ὑπ’
1665 1587 1825 1654 ἑωυτῷ
1861 1606 1915 1636 τε

217 1709 219 1711 -
250 1670 327 1721 καὶ
361 1672 570 1740 Δαρείῳ.
637 1669 832 1735 Ἱππίης
861 1692 915 1721 τε
947 1670 1003 1734 δὴ
1033 1675 1187 1721 ταῦτα
1217 1669 1442 1737 ἔπρησσε
1475 1669 1552 1720 καὶ
1586 1671 1632 1721 οἱ
1656 1668 1914 1733 Ἀθηναῖοι

247 1755 513 1819 πυθόμενοι
543 1759 694 1806 ταῦτα
730 1753 984 1819 πέμπουσι
1018 1756 1069 1807 ἐς
1105 1753 1282 1820 Σάρδις
1319 1752 1578 1820 ἀγγέλους,
1613 1753 1698 1804 οὐκ
1736 1754 1914 1806 ἐῶντες

246 1838 360 1891 τοὺς
408 1837 612 1904 Πέρσας
664 1839 923 1890 πείθεσθαι
969 1837 1243 1902 Ἀθηναίων
1294 1843 1430 1889 τοῖσι
1485 1836 1694 1904 φυγάσι.
1782 1838 1822 1886 6⁴
1859 1839 1913 1888 δὲ
1940 1861 1990 1889 20

247 1921 587 1989 Ἀρταφρένης
619 1921 817 1973 ἐκέλευέ
847 1929 1027 1989 σφεας,
1062 1924 1103 1973 εἷ
1132 1922 1404 1987 βουλοίατο
1436 1922 1548 1972 σόοι
1586 1920 1727 1979 εἶναι,
1763 1941 1909 1972 κατα-

246 2006 477 2057 δέκεσθαι
505 2007 666 2058 ὀπίσω
696 2005 907 2070 Ἱππίην.
975 2005 1061 2056 οὐκ
1092 2003 1160 2057 ὧν
1189 2005 1247 2069 δὴ
1279 2004 1559 2057 ἐνεδέκοντο
1589 2005 1702 2058 τοὺς
1731 2005 1912 2072 λόγους

247 2089 649 2156 ἀποφερομένους
705 2092 751 2141 οἱ
803 2089 1070 2154 Ἀθηναῖοι·
1138 2090 1225 2141 οὐκ
1285 2088 1653 2154 ἐνδεκομένοισι
1709 2088 1764 2140 δέ
1814 2095 1910 2155 σφι

246 2173 473 2225 ἐδέδοκτο
503 2175 557 2224 ἐκ
587 2178 672 2224 τοῦ
690 2178 919 2240 7φανεροῦ
947 2179 1078 2225 τοῖσι
1112 2173 1344 2245 Πέρσῃσι
1374 2174 1639 2238 πολεμίους
1670 2171 1811 2224 εἶναι.

333 2258 609 2322 Νομίζουσι
641 2259 693 2309 δὲ
722 2262 873 2309 ταῦτα
904 2259 982 2309 καὶ
1013 2256 1463 2323 διαβεβλημένοισι
1497 2258 1545 2310 ἐς
1568 2255 1682 2323 τοὺς
1706 2255 1911 2322 Πέρσας
1936 2278 1986 2319 ²5

247 2342 301 2392 ἐν
331 2340 486 2410 τούτῳ
519 2341 576 2405 δὴ
606 2346 673 2410 τῷ
707 2345 853 2410 καιρῷ
891 2342 917 2391 6
949 2340 1202 2405 Μιλήσιος
1233 2340 1594 2408 Ἀρισταγόρης
1624 2339 1720 2390 ὑπὸ
1750 2343 1908 2390 Κλεο-

247 2423 420 2489 μένεος
444 2429 529 2475 τοῦ
548 2426 936 2489 Λακεδαιμονίου
961 2424 1247 2489 ἐξελασθεὶς
1273 2426 1324 2475 ἐκ
1348 2427 1433 2488 τῆς
1457 2422 1684 2491 Σπάρτης
1707 2423 1917 2474 ἀπίκετο-

308 2575 325 2599 1
354 2563 552 2602 ἆπῡδεικν.
579 2560 705 2612 (-ύτες
727 2560 780 2599 Α1
798 2560 871 2613 ΒῙ)
894 2579 941 2602 τε
962 2561 1073 2614 λόγῳ
1095 2575 1175 2601 om.
1202 2561 1231 2600 S
1245 2561 1282 2598 V
1296 2561 1334 2599 U
1555 2574 1579 2599 2
1607 2559 1753 2614 μέτρον
1773 2560 1907 2600 SVU

250 2630 276 2666 3
306 2625 378 2667 σφι
401 2615 481 2654 SV
496 2615 534 2654 U
649 2616 855 2668 συνεπράξ.
883 2616 1009 2655 PSV
1024 2617 1062 2654 U
1085 2630 1093 2654 ε
1124 2615 1379 2668 συνεξεπρήξ.
1405 2615 1602 2665 Krueger
1729 2629 1754 2665 4
1784 2616 1905 2656 Μενέ-

250 2680 331 2722 λεῳ
353 2683 432 2709 om.
459 2670 490 2708 S
602 2671 628 2708 8
658 2671 751 2723 σφε’
776 2670 835 2709 P:
866 2679 944 2721 σφε
969 2671 1049 2709 SV
1066 2671 1102 2708 U
1215 2684 1242 2720 9
1270 2672 1441 2719 ποιήσας
1462 2682 1542 2709 om.
1568 2669 1598 2707 S
1714 2681 1761 2718 13
1783 2670 1906 2721 ἀμφο-

249 2724 588 2778 τέρουςΡὸνῙ]
812 2736 860 2772 15
888 2724 1269 2773 7550m.PSVU
1468 2726 1516 2762 16
1544 2723 1905 2764 votis-rePSVU

255 2791 300 2827 17
331 2781 370 2819 αἱ
389 2792 469 2818 orn.
495 2779 625 2817 SVU
810 2781 859 2818 18
888 2796 933 2819 τε
954 2791 1037 2818 om.
1061 2779 1142 2817 SV
1321 2791 1370 2828 19
1400 2778 1627 2819 eamme:
1662 2778 1795 2819 ἐόντες
1814 2778 1853 2816 V
1868 2778 1906 2815 U

251 2846 299 2870 21
348 2832 540 2873 ἐκέλευσέ
578 2832 618 2870 Α
641 2833 674 2870 Β
700 2832 732 2870 C
899 2834 1051 2881 σῶζιλοι
1093 2833 1126 2870 C
1150 2832 1182 2871 P
1205 2832 1235 2871 S
1456 2845 1508 2881 23
1546 2834 1583 2872 οἱ
1610 2845 1690 2871 om.
1723 2831 1904 2870 PSVU
1933 2872 1943 2880 ,

251 2898 303 2935 25
334 2887 388 2978 δὲ
404 2887 436 2924 C
454 2887 485 2924 P
615 2888 668 2924 26
699 2890 742 2927 ἐν
761 2899 840 2927 οῐη.
868 2887 898 2926 S
911 2887 948 2925 V
963 2887 1001 2925 U
1131 2900 1181 2936 27
1215 2889 1413 2940 ἐξελαθεὶς
1435 2887 1469 2926 Β
1487 2887 1516 2924 S
1530 2886 1568 2925 V
1581 2886 1620 2924 U
1731 2888 1804 2934 τῆς
1824 2898 1903 2926 om.
