2132 3340
1336 61 1359 79 ὅ

727 85 1106 133 ΙΣΤΟΡΙΩΝ
1166 85 1214 133 Η
1853 85 1963 134 V11.
1992 99 2025 150 5

144 215 249 270 κατ’
271 217 428 284 ἀρχὰς
451 216 828 283 στρατεύεσθαι,
855 217 936 269 ἐπὶ
967 219 1021 269 δὲ
1050 218 1304 283 Αἴγυπτον
1326 215 1550 269 ἐποιέετο
1574 219 1808 282 στρατιῆς

141 301 366 369 ἄγερσιν.
455 302 653 366 παρεὼν
701 304 753 353 δὲ
802 301 879 352 καὶ
920 300 1189 365 δυνάμενος
1229 300 1344 367 παρ’
1390 302 1521 370 αὐτῷ
1560 300 1806 368 μέγιστον

144 383 386 452 Περσέων
418 384 700 450 Μαρδόνιος
731 386 757 435 ὁ
790 385 1052 451 Γωβρύεω,
1085 383 1139 438 ὃς
1170 383 1230 450 ἧν
1254 383 1421 456 Ξέρξῃ
1450 387 1542 450 μὲν
1573 386 1802 452 ἀνεψιός,

144 469 359 536 Δαρείου
394 471 446 520 δὲ
483 469 735 535 ἀδελφεῆς
773 474 906 531 παῖς,
945 468 1168 519 τοιούτου
1204 470 1362 535 λόγου
1401 471 1582 537 εἴχετο,
1620 468 1802 536 λέγων·

94 575 118 616 5
144 551 400 611 Δέσποτα,
441 553 527 604 οὐκ
566 553 701 606 οἰκός
742 554 855 604 ἐστι
885 552 1178 617 Ἀθηναίους
1219 553 1591 620 ἐργασαμένους
1636 556 1804 606 πολλὰ
1841 575 1867 607 2

141 637 199 702 δὴ
238 639 361 688 κακὰ
393 636 597 703 Πέρσας
631 636 698 702 μὴ
737 636 794 688 οὐ
830 641 999 689 δοῦναι
1034 638 1173 691 δίκας
1207 642 1307 689 τῶν
1339 638 1599 702 ἐποίησαν.
1686 637 1803 690 ἀλλ’

141 723 184 773 εἰ
232 720 289 772 τὸ
339 723 431 786 μὲν
482 726 568 773 νῦν
617 725 770 773 ταῦτα
822 719 1072 787 πρήσσοις
1121 721 1182 772 τά
1226 742 1318 788 περ
1367 723 1421 773 ἐν
1459 722 1608 789 χερσὶ
1649 722 1800 790 ἔχεις·

139 805 400 872 ἡμερώσας
442 807 493 856 δὲ
534 806 790 872 Αἴγυπτον
827 805 918 869 τὴν
959 804 1306 872 ἐξυβρίσασαν
1341 805 1683 872 στρατηλάτεε
1718 808 1801 859 ἐπὶ

138 891 226 943 τὰς
261 887 489 953 Ἀθήνας,
523 890 604 941 ἵνα
639 890 795 956 λόγος
829 889 883 941 τέ
920 912 980 941 σε
1016 889 1111 961 ἔχῃ
1147 889 1269 957 πρὸς
1304 890 1577 957 ἀνθρώπων
1615 892 1801 958 ἀγαθὸς

6 1005 9 1009 >
70 1001 117 1028 ιο
138 973 222 1024 καί
247 994 322 1028 τις
350 974 561 1040 ὕστερον
591 972 918 1041 φυλάσσηται
942 975 1024 1026 ἐπὶ
1046 977 1142 1042 γῆν
1171 974 1262 1039 τὴν
1292 974 1389 1039 σὴν
1420 974 1797 1042 στρατεύεσθαι.
1822 1021 1830 1062 Ι
2003 1015 2132 1062 Μ

138 1058 280 1111 οὗτος
317 1056 410 1123 μέν
451 1060 497 1109 οἱ
533 1053 595 1124 [ὁ]
636 1058 792 1124 λόγος
837 1057 898 1122 ἣν
943 1059 1171 1125 τιμωρός,
1204 1059 1379 1110 τούτου
1419 1061 1473 1111 δὲ
1511 1064 1598 1110 τοῦ
1642 1059 1799 1127 λόγου
1836 1074 2132 1143 3νω5ιμῗ

136 1140 450 1208 παρενθήκην
496 1139 787 1194 ποιεέσκετο
834 1141 996 1206 τήνδε,
1048 1142 1113 1197 ὡς
1154 1143 1183 1208 ἡ
1234 1143 1445 1209 Εὐρώπη
1492 1143 1799 1210 περικαλλὴς

137 1221 251 1292 [εἴη]
279 1226 414 1294 χώρη
448 1227 527 1279 καὶ
557 1225 761 1293 δένδρεα
796 1232 1008 1279 παντοῖα
1044 1223 1187 1294 φέρει
1223 1228 1284 1278 τὰ
1321 1227 1478 1292 ἥμερα
1528 1226 1709 1294 ἀρετήν
1745 1250 1799 1279 τε
1832 1231 1835 1233 Δ

137 1309 274 1376 ἄκρη,
305 1308 519 1375 βασιλέϊ
548 1332 603 1363 τε
639 1311 806 1380 μούνῳ
844 1315 1035 1375 θνητῶν
1072 1309 1184 1375 ἀξίη
1217 1313 1467 1375 ἐκτῆσθαι.
1560 1316 1713 1363 ταῦτα
1743 1315 1797 1364 δὲ
1837 1321 1873 1368 6

65 1419 111 1462 ¹5
135 1394 277 1461 ἔλεγε
310 1396 390 1446 οἶα
419 1392 671 1461 νεωτέρων
702 1396 862 1462 ἔργων
892 1395 1195 1460 ἐπιθυμητὴς
1227 1396 1320 1447 ἐὼν
1354 1396 1432 1446 καὶ
1464 1393 1625 1448 θέλων
1654 1395 1799 1450 αὐτὸς

134 1481 220 1543 τῆς
249 1477 749 1547 Ἐλλάδοςγῦπαρχος
775 1479 917 1531 εἶναι.
991 1480 1157 1549 χρόνῳ
1183 1482 1235 1531 δὲ
1260 1479 1605 1546 κατεργάσατό
1631 1501 1685 1531 τε
1719 1481 1798 1532 καὶ

135 1560 367 1615 ἀνέπεισε
409 1561 606 1630 Ξέρξην
646 1564 779 1615 ὥστε
815 1561 1003 1615 ποιέειν
1044 1568 1210 1615 ταῦτα·
1285 1562 1542 1630 συνέλαβε
1582 1566 1676 1631 γὰρ
1718 1565 1798 1616 καὶ

132 1646 267 1699 ἄλλα
297 1649 342 1699 οἱ
375 1648 614 1716 σύμμαχα
644 1649 890 1716 γενόμενα
921 1649 973 1702 ἐς
1001 1647 1058 1699 τὸ
1088 1650 1351 1700 πείθεσθαι
1378 1645 1592 1715 Ξέρξην.
1655 1653 1797 1700 τοῦτο
1836 1669 1861 1699 2

131 1734 224 1796 μὲν
265 1731 363 1783 ἀπὸ
398 1735 484 1796 τῆς
524 1734 821 1797 Θεσσαλίης
861 1734 994 1800 παρὰ
1034 1737 1132 1784 τῶν
1178 1730 1492 1784 Ἀλευαδέων
1531 1730 1798 1800 ἀπιγμένοι

60 1840 111 1867 20
133 1814 343 1883 ἄγγελοι
365 1814 699 1868 ἐπεκαλέοντο
721 1815 948 1883 βασιλέα
971 1820 1140 1869 πᾶσαν
1164 1817 1437 1883 προθυμίην
1462 1818 1796 1885 παρεχόμενοι

132 1900 214 1952 ἐπὶ
249 1899 338 1964 τὴν
372 1899 599 1952 Ἑλλάδα
642 1901 707 1966 (οἱ
752 1903 803 1952 δὲ
840 1899 1109 1953 Ἀλευάδαι
1147 1901 1283 1953 οὗτοι
1323 1900 1455 1965 ἦσαν
1497 1904 1796 1966 Θεσσαλίης

129 1981 408 2049 βασιλέες),
449 1990 595 2036 τοῦτο
641 1988 695 2037 δὲ
736 1982 1198 2052 Πεισιστρατιδέων
1238 1988 1286 2037 οἱ
1327 1987 1706 2051 ἀναβεβηκότες
1743 1987 1794 2039 ἐς

120 2071 316 2128 Σοῦσα,
348 2073 530 2121 τῶν’τε
561 2069 723 2122 αὐτῶν
751 2070 922 2136 λόγων
945 2070 1176 2138 ἐχόμενοι
1198 2074 1297 2121 τῶν
1330 2070 1408 2120 καὶ
1433 2072 1479 2122 οῖ
1509 2069 1790 2128 Ἀλευάδαι,

60 533 93 557 Χ

132 2153 212 2204 καὶ
234 2151 292 2217 δή
317 2175 364 2204 τι
388 2153 510 2219 πρὸς
531 2154 753 2205 τούτοισι
779 2154 851 2206 ἔτι
874 2152 1033 2206 πλέον
1056 2152 1441 2224 προσωρέγοντό
1465 2156 1527 2206 οἱ.
1590 2126 2132 2230 ἔχοντεςἪῗω

58 2259 105 2301 ²5
129 2233 220 2302 (δ’)
243 2236 616 2304 Ὀνομάκριτον,
643 2238 798 2304 ἄνδρα
821 2237 1087 2303 Ἀθηναῖον
1110 2238 1469 2305 χρησμολόγον
1491 2261 1546 2291 τε
1578 2239 1656 2290 καὶ
1685 2242 1788 2290 δια-

129 2319 274 2385 θέτην
309 2327 550 2389 χρησμῶν
585 2327 685 2389 τῶν
721 2323 1000 2381 Μουσαίου,
1039 2321 1442 2387 ἀνεβεβήκεσαν,
1480 2322 1571 2387 τὴν
1607 2322 1792 2391 ἔχθρην

130 2404 645 2471 προκαταλυσάμενοι·
709 2405 966 2471 ἐξηλάσθη
997 2408 1093 2474 γὰρ
1123 2406 1218 2458 ὑπὸ
1247 2405 1521 2474 Ἱππάρχου
1551 2412 1637 2458 τοῦ
1669 2411 1788 2459 Πει-

182 2554 207 2579 2
237 2542 402 2594 ἄγερσιν
424 2541 481 2583 P:
516 2542 678 2595 ἔγερσιν
697 2542 788 2584 rell.
985 2556 1012 2593 3
1042 2548 1159 2595 Γοβρ.
1183 2542 1223 2582 Α
1239 2543 1273 2581 Β
1288 2542 1322 2582 C
1339 2542 1373 2581 P
1511 2542 1653 2597 Ξέρξου
1675 2543 1712 2582 R
1727 2544 1792 2583 V:

128 2594 276 2648 Ξέρξεω
300 2598 330 2635 S
442 2598 470 2634 6
498 2599 573 2645 ἥδη
598 2597 635 2634 R
653 2597 682 2636 S
695 2598 733 2636 V
845 2597 960 2646 δίκην
980 2598 1018 2636 Α
1032 2597 1067 2635 Β
1083 2598 1117 2636 C
1133 2598 1167 2635 P
1278 2596 1375 2639 ἀλλ’
1397 2597 1452 2649 εἰ]
1476 2599 1585 2639 ἀλλὰ
1607 2598 1640 2636 Ρ
1655 2599 1693 2636 R
1710 2598 1739 2636 S
1754 2599 1793 2637 V

128 2662 151 2698 7
181 2650 233 2691 τά
258 2651 351 2703 περ]
381 2655 511 2692 ταῦτα
541 2651 572 2690 S
588 2651 627 2690 V
853 2665 895 2690 11
930 2655 950 2692 ὁ
971 2664 1053 2691 om.
1078 2651 1108 2692 S
1122 2652 1160 2690 V
1325 2652 1490 2704 τούτου]
1513 2656 1631 2693 τοῦδε
1651 2653 1690 2691 Α
1705 2653 1740 2691 Β
1757 2653 1791 2691 C

131 2716 180 2742 12
219 2705 434 2746 ποιέσκετο
468 2705 507 2743 Α
524 2705 558 2744 Β
577 2705 610 2743 C
630 2720 639 2745 :
685 2705 864 2752 ἐποιέετο
900 2707 933 2744 Ρ
949 2706 986 2744 R
1003 2708 1033 2746 S
1046 2706 1083 2744 V
1307 2720 1355 2756 13
1398 2710 1457 2755 εἴη
1492 2719 1574 2746 om.
1610 2707 1644 2745 P
1657 2707 1695 2745 R
1710 2708 1741 2746 S
1754 2707 1792 2745 V

131 2770 179 2807 14
217 2759 260 2800 δὲ
289 2773 367 2798 om.
399 2759 436 2798 A
462 2760 496 2798 B
518 2760 550 2798 C
776 2773 822 2809 17
863 2760 1009 2814 Ξέρξην
1037 2763 1124 2810 (-εα
1152 2760 1354 2813 PRSV)
1379 2768 1475 2812 post
1500 2764 1629 2802 ταῦτα
1651 2761 1738 2800 ΑΒ
1755 2762 1788 2800 C

131 2814 181 2852 18
219 2813 280 2865 ἐς]
316 2815 412 2867 πρὸς
443 2813 626 2854 PRSV
756 2815 898 2868 Ξέρξεα
939 2815 1023 2854 PR
1040 2815 1122 2854 SV
1337 2828 1387 2866 19
1424 2819 1499 2865 τῆς
1537 2829 1620 2855 om.
1657 2815 1792 2855 RSV

126 2880 179 2916 23
226 2870 262 2909 οἱ
299 2880 380 2908 om.
424 2867 457 2906 P
480 2868 519 2907 R
541 2868 572 2908 S
592 2868 630 2907 V
823 2882 873 2918 24
919 2869 998 2921 ἔτι]
1041 2870 1104 2910 ὅτι
1143 2869 1183 2908 Α
1204 2869 1239 2908 Β
1265 2869 1298 2908 C
1486 2882 1538 2920 25
1582 2871 1617 2910 δ’
1648 2871 1790 2909 addidi

125 2923 179 2960 26
207 2922 375 2970 ἆναβεβ.
399 2922 434 2961 L
543 2923 622 2975 ’γὰρ
641 2924 718 2971 τὴν
738 2923 772 2962 C
792 2923 827 2961 P
935 2936 985 2972 27
1014 2924 1412 2976 προκαταλυσάμενοι
1433 2924 1473 2962 Λ
1489 2925 1523 2962 Β
1536 2925 1570 2963 C
1591 2925 1709 2978 (πρὸς
1730 2925 1788 2978 κ.)

127 2976 299 3028 ἐξηλάθη
322 2977 354 3015 L
455 2980 527 3017 τοῦ
548 2990 629 3016 om.
656 2978 690 3016 C
804 2980 1147 3030 Πεισιστρατίδεω
1166 2980 1453 3030 Ὀνομάκριτος
1471 2979 1512 3019 Α
1525 2979 1561 3019 Β
1576 2979 1611 3019 C

632 3060 634 3062 ’
1577 3048 1650 3088 10*
