2132 3340
745 57 1124 105 ΙΣΤΟΡΙΩΝ
1202 58 1247 104 H
1871 58 1984 107 VII.
2013 59 2106 120 176

167 191 219 241 δὲ
261 187 459 242 Φωκέες
503 187 560 240 τὸ
599 193 766 256 τεῖχος
809 190 1081 248 δείσαντες,
1126 188 1233 240 ἐπεὶ
1275 188 1543 240 Θεσσαλοὶ
1582 187 1738 252 ἦλθον
1781 190 1834 240 ἐκ

167 277 490 340 Θεσπρωτῶν
548 264 836 337 οἰκήσοντες
884 276 981 341 γῆν
1031 271 1121 337 τὴν
1174 274 1399 332 Αἰολίδα,
1453 271 1543 337 τήν
1599 295 1689 340 περ
1748 278 1835 325 νῦν

167 356 407 409 ἐκτέαται.
496 356 582 410 ἅτε
627 356 684 421 δὴ
727 356 1044 425 πειρωμένων
1085 362 1183 409 τῶν
1224 361 1516 410 Θεσσαλῶν
1560 357 1831 425 καταστρέ-

165 443 359 509 φεσθαί
387 448 566 509 σφεας,
599 446 742 494 τοῦτο
766 440 1181 509 προεφυλάξαντο
1213 444 1258 493 οἱ
1283 440 1482 496 Φωκέες
1513 443 1593 494 καὶ
1621 446 1676 493 τὸ
1705 443 1835 509 ὕδωρ

117 549 141 588 5
165 525 222 578 τὸ
257 525 439 592 θερμὸν
469 527 582 579 τότε
619 527 809 591 ἐπῆκαν
841 525 922 578 ἐπὶ
952 524 1042 590 τὴν
1073 526 1267 585 ἔσοδον,
1301 526 1366 579 ὡς
1403 526 1462 578 ἂν
1493 528 1832 595 χαραδρωθείη

165 612 191 661 ὁ
243 615 419 678 χῶρος,
470 614 569 663 πᾶν
618 611 968 679 μηχανώμενοι
1019 611 1144 665 ὅκως
1195 609 1261 675 μή
1315 618 1412 678 σφι
1464 610 1738 676 ἐσβάλοιεν
1787 614 1834 663 οἱ

165 696 434 748 Θεσσαλοὶ
467 697 518 749 ἐς
547 694 637 760 τὴν
667 695 852 764 χώρην.
931 694 987 747 τὸ
1017 694 1107 761 μέν
1137 716 1224 747 νυν
1254 700 1421 764 τεῖχος
1450 694 1507 746 τὸ
1538 697 1748 764 ἀρχαῖον
1780 697 1833 747 ἐκ
1872 718 1894 766 5

163 785 379 831 παλαιοῦ
413 801 467 832 τε
507 779 744 845 ἐδέδμητο
786 780 864 831 καὶ
904 779 961 831 τὸ
1003 779 1159 832 πλέον
1199 779 1347 831 αὐτοῦ
1386 779 1476 845 ἤδη
1514 779 1610 832 ὑπὸ
1650 781 1834 848 χρόνου

162 864 337 916 ἔκειτο·
382 869 517 916 τοῖσι
547 867 600 917 δὲ
628 852 765 919 αὖτις
794 864 1054 931 ὀρθώσασι
1084 862 1224 928 ἔδοξε
1254 865 1406 936 ταύτῃ
1439 864 1712 930 ἀπαμύνειν
1736 865 1833 917 ἀπὸ

90 964 138 998 10
161 952 248 1014 τῆς
277 947 529 1003 Ἑλλάδος
564 948 651 1002 τὸν
681 947 960 1017 βάρβαρον.
1052 949 1185 1014 κώμη
1218 948 1272 1001 δέ
1307 951 1417 1001 ἐστι
1453 948 1715 1017 ἀγχοτάτω
1746 953 1833 1015 τῆς

162 1035 293 1094 ὁδοῦ,
332 1033 582 1099 Ἀλπηνοὶ
616 1034 819 1100 οὔνομα·
868 1034 922 1085 ἐκ
958 1034 1137 1100 ταύτης
1178 1036 1231 1086 δὲ
1274 1035 1632 1086 ἐπισιτιεῖσθαι
1668 1035 1833 1101 ἐλογί-

163 1119 303 1182 ζοντο
341 1121 387 1171 οἱ
409 1116 682 1184 ’Έλληνες
771 1120 818 1171 οἱ
851 1120 943 1184 μὲν
975 1119 1060 1171 οῦν
1095 1123 1251 1186 χῶροι
1285 1118 1421 1170 οῦτοι
1450 1123 1584 1170 τοῖσι
1604 1116 1833 1184 ’Έλλησι
1869 1132 1954 1182 177
2003 1147 2008 1149 ⁴

160 1202 288 1255 εἶναι
324 1204 591 1271 ἐφαίνοντο
628 1201 891 1268 ἐπιτήδεοι·
938 1203 1134 1256 ἅπαντα
1168 1203 1264 1270 γὰρ
1299 1202 1712 1270 προσκεψάμενοι
1754 1204 1833 1256 καὶ

161 1287 569 1356 ἐπιλογισθέντες
600 1290 676 1340 ὅτι
706 1289 819 1340 οὔτε
843 1286 1024 1352 πλήθεϊ
1047 1287 1219 1352 ἕξουσι
1248 1290 1471 1357 χρᾶσθαι
1500 1290 1546 1339 οἱ
1576 1286 1832 1355 βάρβαροι

88 1391 134 1433 15
160 1372 271 1424 οὔτε
306 1373 457 1443 ἵππῳ,
489 1374 641 1445 ταύτῃ
680 1379 779 1440 σφι
816 1371 955 1437 ἔδοξε
992 1371 1223 1425 δέκεσθαι
1258 1371 1345 1424 τὸν
1382 1373 1588 1425 ἐπιόντα
1623 1373 1705 1425 ἐπὶ
1741 1372 1832 1437 τὴν

157 1455 403 1510 Ἑλλάδα.
493 1457 558 1511 ὡς
601 1460 653 1510 δὲ
695 1457 935 1510 ἐπύθοντο
974 1457 1063 1510 τὸν
1104 1455 1311 1524 Πέρσην
1353 1457 1500 1510 ἐόντα
1542 1458 1596 1508 ἐν
1633 1458 1828 1529 Πιερίῃ,

159 1541 475 1596 διαλυθέντες
513 1544 566 1618 ἐκ
603 1547 687 1594 τοῦ
723 1541 928 1608 Ἰσθμοῦ
967 1542 1326 1610 ἐστρατεύοντο
1366 1542 1528 1594 αὐτῶν
1564 1543 1611 1593 οἱ
1651 1544 1743 1606 μὲν
1780 1543 1832 1595 ἐς

161 1628 497 1693 Θερμοπύλας
520 1627 663 1698 πεζῇ,
690 1626 840 1680 ἄλλοι
863 1629 915 1679 δὲ
943 1629 1066 1679 κατὰ
1096 1625 1364 1679 θάλασσαν
1390 1626 1467 1679 ἐπ’
1492 1626 1828 1692 Ἀρτεμίσιον.

243 1714 309 1764 Οἱ
343 1714 435 1778 μὲν
465 1712 524 1777 δὴ
546 1710 803 1777 ’Έλληνες
839 1713 962 1763 κατὰ
996 1710 1151 1780 τάχος
1187 1711 1433 1777 ἐβοήθεον
1462 1709 1826 1779 διαταχθέντες,
1866 1718 2002 1824 1³86
2018 1714 2132 1761 aad.

36 1848 44 1856 ,
85 1816 135 1846 20
161 1797 362 1864 Δελφοὶ
409 1796 451 1848 δ’
497 1798 552 1849 ἐν
594 1796 751 1867 τούτῳ
795 1801 863 1866 τῷ
911 1797 1076 1866 χρόνῳ
1126 1794 1578 1864 ἐχρηστηριάζοντο
1621 1800 1687 1864 τῷ
1733 1798 1827 1865 θεῷ
2089 1773 2132 1828 μ

156 1882 298 1948 ὑπὲρ·
323 1884 518 1934 ἑωυτῶν
564 1881 642 1933 καὶ
685 1884 773 1946 τῆς
815 1880 1065 1935 Ἑλλάδος
1113 1881 1557 1947 καταρρωδηκότες,
1608 1881 1691 1931 καί
1731 1885 1828 1946 σφι

158 1964 382 2033 ἐχρήσθη
415 1965 645 2032 ἀνέμοισι
681 1966 935 2034 εὔχεσθαι·
982 1964 1231 2033 μεγάλους
1261 1967 1356 2032 γὰρ
1385 1965 1586 2019 τούτους
1617 1961 1828 2016 ἔσεσθαι

155 2051 214 2122 τῇ
245 2049 458 2103 Ἑλλάδι
497 2049 805 2119 συμμάχους.
895 2050 1097 2118 Δελφοὶ
1127 2052 1181 2102 δὲ
1212 2048 1473 2115 δεξάμενοι
1501 2048 1558 2100 τὸ
1586 2046 1827 2114 μαντήιον
1865 2065 1890 2097 2

155 2140 325 2201 πρῶτα
358 2138 451 2202 μὲν
484 2133 749 2200 Ἑλλήνων
784 2139 920 2187 τοῖσι
955 2133 1318 2200 βουλομένοισι
1354 2133 1481 2186 εἶναι
1517 2131 1827 2199 ἐλευθέροισι

81 2237 130 2280 25
157 2217 456 2287 ἐξήγγειλαν
479 2222 540 2272 τὰ
571 2218 858 2289 χρησθέντα
888 2218 1102 2283 αὐτοῖσι,
1131 2220 1214 2271 καί
1241 2224 1338 2285 σφι
1370 2221 1541 2271 δεινῶς
1575 2238 1824 2285 καταρρω-

155 2302 324 2356 δέουσι
359 2304 445 2358 τὸν
479 2303 747 2372 βάρβαρον
785 2302 1168 2372 ἐξαγγείλαντες
1207 2302 1356 2372 χάριν
1395 2301 1642 2354 ἀθάνατον
1684 2301 1824 2353 κατέ-

157 2391 315 2441 θεντο·
363 2391 488 2454 μετὰ
523 2391 578 2441 δὲ
612 2393 767 2440 ταῦτα
802 2391 849 2440 οῖ
887 2388 1087 2456 Δελφοὶ
1123 2392 1258 2439 τοῖσι
1293 2386 1524 2452 ἀνέμοισι
1559 2387 1735 2452 βωμόν
1771 2407 1827 2438 τε

156 2472 399 2538 ἀπέδεξαν
431 2475 485 2525 ἐν
516 2475 663 2545 Θυίῃ,
699 2480 758 2546 τῇ
789 2494 880 2539 περ
910 2475 996 2536 τῆς
1028 2476 1264 2539 Κηφισοῦ
1301 2471 1543 2538 θυγατρὸς
1574 2472 1733 2535 Θυίης
1769 2469 1826 2522 τὸ

209 2626 235 2651 2
265 2612 503 2661 οἰκήσαντες
523 2610 611 2650 ΑΒ
734 2623 760 2661 3
791 2610 832 2652 δὲ
856 2611 887 2650 S
998 2624 1023 2659 4
1053 2613 1174 2651 τοῦτο
1197 2623 1280 2649 om.
1308 2609 1446 2649 RSV
1557 2611 1585 2647 6
1612 2610 1824 2661 μηχανεώ-

152 2684 266 2718 μενοι
302 2668 342 2707 R
364 2667 396 2708 S
417 2667 478 2706 V:
524 2666 696 2717 -εόμενοι
729 2666 763 2705 Ρ
931 2665 1151 2715 ἐμβάλοιεν
1183 2663 1326 2704 RSV
1492 2666 1530 2704 οἱ
1562 2677 1646 2703 om.
1681 2663 1825 2702 RSV

156 2733 179 2771 7
211 2724 273 2764 ἐπὶ
294 2721 481 2762 ABCP
583 2721 655 2761 alt.
684 2723 732 2762 τὸ
752 2733 833 2760 orn.
860 2719 998 2759 RSV
1107 2720 1133 2757 8
1162 2737 1209 2760 τε
1231 2732 1313 2758 om.
1341 2718 1375 2757 C
1480 2717 1626 2769 πλέον]
1650 2719 1824 2759 παλαιὸν

153 2776 290 2816 ABC
469 2790 496 2827 9
526 2780 656 2817 ταῦτα
675 2776 811 2815 ABC
980 2787 1031 2813 10
1060 2773 1276 2827 ἀγχοτάτη
1299 2774 1336 2812 R
1354 2773 1407 2825 [C
1422 2773 1479 2825 V]
1653 2785 1700 2811 12
1730 2771 1821 2824 οὖν]

154 2848 224 2873 νυν
250 2831 436 2871 ABCP
588 2844 636 2882 13
678 2830 812 2872 πάντα
839 2829 977 2869 ABC
1133 2842 1181 2879 17
1222 2832 1380 2878 διαληθ.
1416 2828 1455 2866 R
1570 2826 1631 2879 ἐς]
1655 2830 1699 2868 ἐν
1729 2826 1824 2872 RV

157 2887 208 2926 18
234 2885 347 2937 πεζοί
367 2885 502 2926 RSV
613 2888 653 2927 ἐς
670 2885 806 2925 RSV
919 2897 968 2934 19
997 2882 1325 2936 καταταχθέντες
1347 2883 1380 2921 C
1507 2894 1559 2921 22
1602 2882 1823 2934 μεγίστους

154 2939 196 2979 R
216 2940 246 2980 S
266 2941 306 2980 V
488 2954 541 2990 23
571 2939 799 2994 ξυμμάχους
821 2940 856 2978 R
875 2939 905 2980 S
922 2939 960 2978 V
1119 2940 1173 2978 28
1201 2938 1315 2988 Θύιηι
1338 2938 1373 2976 Β
1391 2951 1400 2977 :
1432 2938 1552 2987 Θυίης
1572 2935 1660 2976 ΑΡ
1677 2950 1687 2977 t
1717 2935 1823 2986 Θύης

151 2995 380 3048 CRV[S]
495 2995 700 3045 ΘύιηςΒι
731 2993 1044 3044 ΘύηςΟΚΞν
