2132 3340
751 67 1123 116 ΙΣΤΟΡΙΩΝ
1185 66 1234 116 H
1868 65 2100 131 V11.194

161 198 409 252 ἐσέπεσον
441 201 490 251 ἐς
526 197 639 252 τοὺς
675 198 956 264 πολεμίους·
1002 202 1102 250 τῶν
1140 195 1440 265 ἐστρατήγεε
1471 198 1498 249 6
1529 196 1628 250 ἀπὸ
1659 196 1829 264 Κύμης

159 287 246 349 τῆς
282 283 512 336 Αἰολίδος
546 284 767 350 ὕπαρχος
805 282 1067 347 Σανδώκης
1103 282 1129 331 6
1161 282 1451 347 Θαμασίου,
1484 285 1570 333 τὸν
1610 281 1667 346 δὴ
1704 282 1823 348 πρό-

160 389 304 435 τερον
346 367 533 419 τούτων
576 366 824 432 βασιλεὺς
873 370 1085 433 Δαρεῖος
1136 365 1214 418 ἐπ’
1263 367 1395 437 αἰτίῃ
1440 369 1606 438 τοιῇδε
1647 366 1826 432 λαβὼν

160 451 527 519 ἀνεσταύρωσε,
561 451 708 503 ἐόντα
736 455 832 503 τῶν
855 451 1144 516 βασιληίων
1176 449 1467 502 δικαστέων·
1514 451 1540 500 6
1563 449 1826 515 Σανδώκης

112 558 136 600 5
160 536 242 590 ἐπὶ
281 534 506 604 χρήμασι
549 534 719 588 ἄδικον
763 536 902 599 δίκην
948 534 1163 586 ἐδίκασε.
1252 532 1716 601 ἀνακρεμασθέντος
1756 531 1825 586 ὧν
1862 549 1889 582 2

158 620 306 672 αὐτοῦ
323 619 644 688 λογιζόμενος
668 620 694 670 6
715 624 927 687 Δαρεῖος
947 617 1057 685 εὗρέ
1073 620 1121 670 οἱ
1145 616 1282 670 πλέω
1307 619 1470 686 ἀγαθὰ
1487 623 1587 670 τῶν
1606 621 1821 686 ἁμαρτη-

156 703 325 770 μάτων
358 702 666 771 πεποιημένα
702 705 753 758 ἐς
783 704 918 755 οἶκον
948 702 1036 755 τὸν
1071 701 1361 769 βασιλήιον·
1416 702 1569 770 εὑρὼν
1600 705 1654 756 δὲ
1683 707 1824 755 τοῦτο

157 790 185 840 6
217 792 429 857 Δαρεῖος
465 789 544 841 καὶ
574 787 722 856 γνοὺς
759 788 824 841 ὡς
860 786 1108 857 ταχύτερα
1138 787 1284 841 αὐτὸς
1313 782 1343 851 ἢ
1377 787 1646 854 σοφώτερα
1676 788 1822 854 ἐργα-

157 871 341 940 σμένος
365 874 455 939 εἵη,
477 872 645 934 ἔλυσε.
716 870 942 939 βασιλέα
972 875 1062 937 μὲν
1093 870 1150 936 δὴ
1176 875 1392 938 Δαρεῖον
1417 872 1541 922 οὕτω
1567 871 1824 939 διαφυγὼν
1863 890 1888 934 3

85 980 133 1010 10
155 957 222 1024 μὴ
254 955 536 1010 ἀπολέσθαι
559 959 747 1024 περιῆν,
773 957 887 1009 τότε
911 958 963 1008 δὲ
989 958 1040 1010 ἐς
1062 955 1177 1009 τοὺς
1198 954 1459 1020 ’Έλληνας
1490 955 1825 1010 καταπλώσας

157 1042 341 1108 ἔμελλε
381 1041 438 1093 οὐ
480 1040 538 1093 τὸ
579 1041 804 1109 δεύτερον
848 1041 1106 1108 διαφυγὼν
1151 1040 1376 1092 ἔσεσθαι·
1423 1039 1489 1093 ὡς
1527 1038 1622 1106 γάρ
1659 1045 1824 1106 σφεας

157 1125 290 1181 εἶδον
319 1124 699 1194 προσπλέοντας
730 1127 776 1178 οἱ
797 1123 1071 1190 ’Έλληνες,
1102 1125 1345 1190 μαθόντες
1375 1123 1533 1175 αὐτῶν
1563 1123 1654 1187 τὴν
1684 1144 1818 1191 γινο“

154 1209 309 1278 μένην
344 1209 599 1278 ἁμαρτάδα
635 1208 1000 1279 ἐπαναχθέντες
1041 1206 1283 1261 εὐπετέως
1320 1206 1484 1275 σφέας
1525 1208 1678 1260 εἶλον.
1768 1209 1822 1260 ἐν
1859 1222 1951 1272 195

155 1293 366 1354 τουτέων
399 1295 487 1367 μιῇ
529 1293 792 1362 Ἀρίδωλις
836 1291 1005 1345 πλέων
1049 1292 1172 1356 ἥλω,
1209 1292 1447 1360 τύραννος
1490 1290 1822 1357 Ἀλαβάνδων

84 1398 130 1440 15
155 1383 254 1432 τῶν
292 1380 345 1431 ἐν
381 1378 557 1451 Καρίῃ,
591 1380 646 1430 ἐν
685 1376 827 1450 ἑτέρῃ
858 1380 912 1430 δὲ
947 1378 976 1427 6
1011 1375 1215 1444 Πάφιος
1252 1375 1531 1444 στρατηγὸς
1562 1375 1822 1430 Πενθύλος

155 1464 182 1514 6
208 1463 486 1530 Δημονόου,
512 1461 566 1516 ὃς
597 1460 688 1530 ἦγε
716 1466 808 1529 μὲν
832 1462 1049 1514 δυώδεκα
1080 1459 1194 1516 νέας
1225 1462 1279 1512 ἐκ
1310 1459 1513 1528 Πάφου,
1541 1461 1820 1526 ἀποβαλὼν

155 1547 210 1600 δέ
233 1553 409 1615 σφεων
430 1549 519 1602 τὰς
542 1547 716 1599 ἕνδεκα
738 1552 806 1618 τῷ
829 1550 1038 1615 χειμῶνι
1060 1550 1127 1615 τῷ
1152 1543 1403 1614 γενομένῳ
1429 1546 1552 1596 κατὰ
1576 1544 1818 1610 Σηπιάδα,

153 1633 239 1704 μιῇ
270 1633 329 1705 τῇ
360 1630 716 1703 περιγενομένῃ
748 1629 1040 1683 καταπλέων
1070 1629 1147 1682 ἐπ’
1171 1629 1490 1697 Ἀρτεμίσιον
1520 1629 1642 1693 ἥλω.
1673 1671 1677 1673 «
1705 1630 1816 1682 τού-

154 1737 266 1772 τους
306 1719 353 1769 oz
386 1715 644 1781 οΈλληνες
689 1713 1108 1783 ἐξιστορήσαντες
1150 1716 1212 1766 τὰ
1257 1714 1535 1780 ἐβούλοντο
1575 1712 1821 1766 πυθέσθαι

80 1825 131 1854 20
153 1800 250 1853 ἀπὸ
285 1804 372 1866 τῆς
410 1799 609 1869 Ξέρξεω
647 1802 899 1868 στρατιῆς,
934 1797 1288 1866 ἀποπέμπουσι
1324 1796 1610 1864 δεδεμένους
1646 1799 1697 1852 ἐς
1732 1798 1820 1852 τὸν

154 1887 428 1952 Κορινθίων
458 1885 652 1952 ἰσθμόν.

234 1969 296 2022 Ὁ
331 1972 424 2036 μὲν
463 1969 522 2035 δὴ
563 1968 788 2022 ναυτικὸς
829 1964 892 2036 [6]
933 1973 1032 2021 τῶν
1073 1966 1352 2036 βαρβάρων
1393 1968 1623 2035 στρατός,
1662 1966 1824 2034 πάρεξ
1856 1973 1956 2034 196

150 2058 250 2107 τῶν
288 2055 639 2107 πεντεκαίδεκα
678 2058 803 2106 νεῶν
842 2058 941 2105 τῶν
982 2053 1122 2106 εἷπον
1166 2052 1432 2105 Σανδώκεα
1472 2050 1814 2118 στρατηγέειν,

151 2139 389 2192 ἀπίκοντο
420 2140 471 2193 ἐς
501 2137 739 2207 Ἀφέτας.
803 2135 996 2205 Ξέρξης
1027 2139 1080 2189 δὲ
1112 2137 1192 2189 καὶ
1222 2137 1249 2187 6
1278 2135 1425 2201 πεζὸς
1453 2136 1709 2204 πορευθεὶς
1738 2137 1817 2188 διὰ

78 2246 126 2288 25
153 2225 452 2288 Θεσσαλίης
483 2223 563 2275 καὶ
594 2222 823 2290 Ἀχαιίης
855 2221 1190 2288 ἐσβεβληκὼς
1221 2219 1282 2286 ἧν
1313 2221 1393 2273 καὶ
1423 2220 1482 2286 δὴ
1514 2225 1734 2288 τριταῖος
1766 2221 1817 2275 ἐς

152 2306 394 2373 Μηλιέας,
427 2307 480 2359 ἐν
505 2307 777 2380 Θεσσαλίῃ
804 2308 897 2373 μὲν
920 2305 1139 2371 ἅμιλλαν
1163 2303 1500 2371 ποιησάμενος
1523 2306 1689 2357 ἵππων
1717 2309 1816 2356 τῶν

150 2392 349 2451 ἑωυτοῦ,
375 2391 777 2459 ἀποπειρώμενος
801 2390 880 2442 καὶ
909 2393 997 2454 τῆς
1022 2390 1320 2454 Θεσσαλίης
1344 2390 1513 2448 ἵππου,
1539 2390 1817 2454 πυθόμενος

149 2474 216 2530 ὣς
245 2476 424 2544 ἀρίστη
456 2476 530 2540 εἵη
560 2480 661 2528 τῶν
691 2476 746 2529 ἐν
767 2473 1012 2539 ’Έλλησι-
1058 2473 1176 2526 ἔνθα
1197 2472 1257 2538 δὴ
1282 2475 1332 2527 αἱ
1354 2472 1650 2537 Ἑλληνίδες
1672 2473 1816 2526 ἵπποι

209 2625 228 2653 1
262 2613 411 2656 ἔπεσον
432 2612 473 2652 R
487 2612 569 2653 SV
679 2615 702 2655 6
721 2625 804 2654 om.
828 2611 869 2651 A
884 2612 919 2651 B
934 2611 969 2652 C
1152 2624 1178 2651 2
1209 2611 1439 2663 Θαυμασίου
1460 2611 1495 2651 C
1612 2610 1657 2653 δὲ
1679 2610 1718 2649 R
1734 2610 1816 2650 SV

148 2669 178 2708 6
206 2667 297 2723 εὗρέ
315 2671 351 2710 οἱ
371 2681 455 2709 om.
478 2667 519 2708 A
535 2668 570 2707 B
585 2667 619 2708 C
790 2667 818 2706 8
849 2665 1120 2720 ἐργασάμενος
1139 2666 1227 2706 ΑΒ
1244 2666 1278 2705 C
1441 2680 1469 2718 9
1499 2667 1547 2716 δὴ
1568 2678 1650 2706 orn.
1679 2666 1717 2704 R
1734 2666 1816 2705 SV

153 2736 199 2763 11
231 2723 485 2778 περιέσεσθαι
512 2722 672 2773 Reiske
894 2734 942 2772 14
966 2721 1162 2776 Ἀρδωλις
1194 2720 1233 2759 R
1249 2720 1331 2760 SV
1554 2733 1604 2770 19
1632 2720 1658 2762 ἃ
1678 2719 1717 2759 R
1734 2720 1764 2759 S
1778 2720 1816 2758 V

148 2777 380 2828 ἠβούλοντο
399 2777 441 2816 Α
454 2777 489 2817 Β
505 2777 538 2817 C
734 2789 786 2816 22
816 2779 838 2817 ὁ
858 2776 940 2817 del.
965 2775 1173 2816 Schaefer
1365 2788 1418 2827 23
1448 2779 1548 2817 νεῶν
1568 2788 1649 2815 om.
1673 2774 1712 2813 A
1728 2775 1764 2813 B
1780 2774 1814 2813 C

149 2845 204 2882 24
232 2832 398 2874 ἀπίκετο
420 2831 460 2870 R
475 2831 505 2871 S
519 2832 559 2871 V
670 2833 735 2873 καὶ
757 2844 839 2871 om.
865 2831 900 2870 C
1083 2844 1135 2881 25
1167 2830 1336 2882 Ἀχαίης
1358 2830 1397 2869 R
1413 2829 1492 2883 [V]
1605 2831 1653 2878 δὴ
1675 2841 1757 2867 om.
1778 2829 1814 2868 C

149 2888 204 2926 26
229 2884 326 2938 μὲν]
355 2886 398 2928 δὲ
426 2885 562 2927 RSV
753 2898 804 2936 27
836 2887 1119 2934 Θεσσαλικῆςῖ
1150 2884 1322 2926 Bekker
1525 2884 1578 2923 28
1607 2886 1650 2926 ἐν
1671 2895 1754 2924 om.
1781 2882 1815 2923 C

150 2943 198 2992 δὴ
219 2942 455 2991 Ἑλληνίδες
475 2941 533 2982 C:
566 2942 614 2992 δὴ
636 2941 867 2992 αἶλληνίδες
888 2940 928 2980 R

205 3022 307 3050 nm.
329 3023 375 3050 11.
1352 3016 1362 3025 '
1602 3010 1652 3054 16
