2132 3340
72 116 189 165 VII.
219 118 252 164 6

908 115 1334 164 ΗΡΟΔΟΤΟΎ

296 246 565 313 σιστράτου
597 248 622 297 6
645 245 1002 314 Ὀνομάκριτος
1026 244 1116 312 ἐξ’
1122 245 1423 312 Αθηνέων,’
1399 246 1478 300 επ’
1503 247 1774 318 αὐτοφώρῳ
1805 247 1958 302 ἁλοὺς

294 331 391 383 ὑπὸ
421 331 592 382 Λάσου
630 337 716 383 τοῦ
744 330 1035 398 ςΕρμιονεός
1071 330 1319 397 ἐμποιέων
1357 331 1409 385 ἐς
1409 327 1797 384 ταἮΪουο-αίου
1830 354 1953 400 χρη-

298 416 428 482 σμὸν
460 416 524 469 ὡς
554 418 604 468 αἱ
640 415 722 467 ἐπὶ
754 414 936 485 Λήμνῳ
969 415 1272 481 ἐπικείμεναι
1302 419 1448 480 νῆσοι
1480 417 1803 484 ἀφανιζοίατο
1835 419 1957 469 κατὰ

296 505 384 566 τῆς
424 499 702 565 θαλάσσης.
796 499 871 552 διὸ
918 498 1139 565 ἐξήλασέ
1181 521 1266 565 μιν
1310 502 1336 551 6
1370 498 1667 568 Ἵππαρχος,
1715 501 1958 568 πρότερον

295 585 426 654 χρεώ
469 606 577 653 ενος
607 587 668 636 τὰ
697 584 937 650 μάλιστα.
1025 585 1137 637 τότε
1170 587 1223 636 δὲ
1255 587 1545 651 συναναβὰς
1575 586 1700 639 ὅκως
1732 586 1958 637 ἀπίκοιτο
1983 577 2033 650 5’

295 607 622 736 mi)
652 667 916 734 βασιλέος,
942 670 1198 737 λεγόντων
1227 675 1327 722 τῶν
1359 667 1818 737 Πεισιστρατιδέων
1847 669 1958 736 περὶ

296 754 444 805 αὐτοῦ
485 754 698 819 σεμνοὺς
733 755 917 821 λόγους
967 753 1206 822 κατέλεγε
1251 759 1350 806 τῶν
1385 759 1644 822 χρησμῶν·
1708 756 1750 805 εἰ
1785 751 1877 819 μέν
1912 776 1959 806 τι

0 846 284 940 um&
296 836 431 892 ἐνέοι
463 836 874 940 σφάλμα-φέρον
904 845 971 909 τῷ
1008 838 1271 908 βαρβάρῳ,
1305 843 1405 890 τῶν
1439 841 1532 903 μὲν
1562 838 1709 905 ἔλεγε
1739 835 1899 897 οὐδέν,
1933 838 1960 888 6

295 926 349 977 δὲ
378 945 439 975 τα
469 921 806 991 εὐτυχέστατα
836 923 1167 989 ἐκλεγόμενος
1197 923 1358 990 ἔλεγε,
1384 923 1472 974 τόν
1501 943 1555 975 τε
1576 920 1961 991 Ελλήσποντον

0 984 362 1121 ων,άΐῷιθυιῑιὡς
396 1009 658 1076 ζευχθηναι
694 1007 845 1075 χρεὸν
882 1009 956 1073 εἵη
993 1007 1074 1060 ὑπ’
1106 1007 1282 1074 ἀνδρὸς
1315 1005 1542 1074 Πέρσεω,
1575 1005 1664 1071 τήν
1694 1028 1749 1059 τε
1779 1007 1959 1059 ἔλασιν
1988 1028 2036 1057 10

0 1088 208 1171 A&
232 1113 319 1159 5⁶
296 1092 638 1164 ἐξηγεόμ.ενος
728 1092 871 1146 οὗτός
911 1114 963 1144 τε
1002 1091 1061 1156 δὴ
1100 1089 1836 1195 χρησμωδεω-Ἶ-ροσεφερετο,
1881 1076 2132 1214 nai&

295 1179 348 1229 οἵ
379 1199 433 1229 τε
471 1177 885 1259 Πεισιστρατίδαι
927 1177 1005 1228 καὶ
1043 1178 1089 1228 οἱ
1120 1176 1389 1228 Ἀλευάδαι
1425 1197 1626 1243 γνωμας
1669 1168 1957 1228 ἀποδεικνύ-

226 1276 257 1326 7
294 1282 451 1326 μενοι.
542 1261 606 1314 ὡς
650 1263 702 1312 δὲ
748 1261 1040 1328 ἀνεγνώσθη
1090 1259 1281 1328 Ξερξης
1333 1261 1694 1329 στρατεύεσθαι
1744 1259 1825 1311 ἐπὶ
1869 1259 1960 1324 τὴν

0 1355 234 1499 ww<

294 1344 537 1404 Ἑλλάδα,
572 1347 782 1396 ἐνθαῦτα
824 1345 1031 1415 δευτέρῳ
1076 1367 1167 1410 μεν
1203 1345 1302 1397 ἔτεϊ
1336 1347 1461 1410 μετὰ
1493 1344 1579 1396 τὸν
1616 1342 1832 1396 θάνατον
1873 1343 1961 1395 τὸν

299 1430 516 1496 Δαρείου
561 1435 731 1496 πρῶτα
776 1430 1016 1496 στρατιὴν
1062 1429 1282 1481 ποιέεται
1334 1429 1415 1481 ἐπὶ
1465 1428 1578 1482 τοὺς
1625 1429 1957 1482 ἀπεστεῶτας.
1987 1448 2035 1489 15

297 1512 498 1567 τούτους
548 1514 640 1579 μέν
693 1535 779 1565 νυν
831 1513 1307 1581 καταστρεψάμενος
1360 1514 1437 1564 καὶ
1491 1515 1742 1580 Αἴγυπτον
1790 1515 1959 1564 πᾶσαν

298 1598 492 1651 πολλὸν
529 1597 826 1664 δουλοτέρην
870 1596 1083 1662 ποιήσας
1127 1594 1156 1661 ἢ
1205 1599 1285 1650 ἐπὶ
1333 1599 1547 1663 Δαρείου
1588 1596 1665 1662 ἤν,
1709 1595 1961 1663 ἐπιτρέπει

298 1682 604 1751 Ἀχαιμένεί,
631 1684 861 1752 ἀδελφεῷ
881 1686 970 1747 μὲν
1002 1685 1197 1742 ἑωυτοῦ,
1228 1682 1441 1748 Δαρείου
1471 1683 1524 1732 δὲ
1556 1683 1708 1733 παιδί.
1783 1680 1957 1748 Ἀχαι-

296 1766 448 1831 μένεα
490 1766 582 1832 μέν
627 1788 713 1818 νυν
758 1766 1142 1837 ἐπιτροπεύοντα
1187 1765 1439 1832 Αἰγύπτου
1490 1766 1653 1835 χρόνῳ
1697 1764 1961 1830 μετέπειτα

300 1853 547 1918 ἐφόνευσε
585 1838 816 1918 ἸνάρωςΓ
818 1835 1214 1917 ἶνΨαμμητίχου
1253 1849 1378 1916 ἀνὴρ
1407 1851 1582 1915 Λίβυς.
1675 1847 1867 1916 Ξέρξης
1906 1851 1960 1900 δε
1987 1869 2036 1896 20

298 1938 422 2000 μετὰ
466 1936 718 2002 Αἰγύπτου
763 1934 956 1986 ἅλωσιν
1001 1934 1066 1987 ὡς
1113 1933 1296 1999 ἔμελλε
1343 1935 1395 1987 ἐς
1444 1938 1615 2002 χεῖρας
1654 1931 1864 1997 ἄξεσθαι
1902 1932 1960 1983 τὸ

301 2018 583 2086 στράτευμα
617 2020 674 2070 τὸ
711 2021 790 2071 ἐπὶ
827 2022 916 2072 τὰς
951 2016 1181 2083 Ἀθήνας,
1225 2019 1483 2085 σύλλογον
1521 2018 1787 2082 ἐπίκλητον
1824 2021 1957 2083 Περ-

302 2102 435 2155 σέων
464 2109 562 2156 τῶν
594 2105 811 2170 ἀρίστων
843 2103 1081 2162 ἐποιέετο,
1117 2104 1198 2154 ἵνα
1227 2103 1427 2169 γνώμας
1458 2123 1514 2154 τε
1542 2103 1758 2167 πύθηταί
1785 2107 1959 2168 σφεων

304 2188 382 2239 καὶ
419 2188 566 2241 αὐτὸς
606 2190 658 2239 ἐν
697 2191 823 2239 πᾶσι
860 2189 974 2258 εἴπῃ
1010 2189 1071 2237 τὰ
1107 2186 1256 2238 θέλει.
1350 2186 1415 2240 ὡς
1454 2188 1508 2237 δὲ
1554 2184 2132 2299 ουνελέχθησανὶμωι·

1915 2267 1930 2287 Ι

303 2272 448 2339 ἔλεγε
488 2271 679 2338 Ξέρξης
713 2272 846 2324 τάδε·
902 2270 1112 2336 ’Ἄνδρες
1151 2269 1364 2337 Πέρσαι,
1412 2269 1509 2320 οὔτ’
1555 2269 1699 2323 αὐτὸς
1745 2290 1954 2337 κατηγῃ-
1986 2284 2132 2328 255„

288 2377 458 2421 -σομαι
492 2357 645 2421 νόμον
682 2357 825 2408 τόνδε
869 2357 922 2407 ἐν
961 2356 1076 2420 ὑμῖν
1117 2354 1266 2407 τιθεὶς
1302 2352 1701 2420 παραδεξάμενός
1734 2374 1789 2405 τε
1829 2352 1958 2422 αὐτῷ

302 2439 570 2507 χρήσομαι.
660 2441 724 2494 ὡς
774 2442 868 2507 γὰρ
922 2440 1019 2506 ἐγὼ
1077 2437 1385 2504 πυνθάνομαι
1433 2442 1533 2489 τῶν
1584 2430 1957 2513 πρεσβυτέρων,

304 2524 494 2589 οὐδαμά
526 2547 592 2576 κω
623 2524 974 2590 ἠτρεμίσαμεν,
1004 2525 1168 2576 ἐπείτε
1199 2520 1557 2589 παρελάβομεν
1579 2520 1670 2586 τὴν
1691 2521 1961 2588 ἡγεμονίην

363 2677 382 2702 1
428 2662 643 2712 Ἀθηναίων
678 2662 710 2700 C
734 2662 780 2700 P¹
807 2662 844 2700 R
866 2652 904 2700 V
921 2662 996 2714 [S]
1218 2674 1244 2711 3
1283 2660 1427 2713 Λήμνῳ
1463 2659 1660 2710 Krueger
1677 2673 1688 2699 z
1734 2658 1892 2711 Λήμνου
1928 2659 1961 2698 L

306 2718 539 2769 ἀφανιοίατο
557 2718 753 2767 Krueger
861 2731 886 2766 4
915 2716 991 2767 μὲν
1005 2716 1045 2755 Α
1061 2717 1095 2754 Β
1109 2717 1143 2756 C
1255 2728 1280 2765 5
1310 2717 1413 2757 κατὰ
1428 2713 1612 2766 μάλιστα
1624 2714 1658 2753 C
1771 2726 1793 2763 7
1823 2713 1961 2765 μέντοι

307 2773 341 2810 Β
360 2772 396 2809 R
413 2772 491 2823 [V]
647 2785 696 2810 10
725 2773 855 2822 χρεὼν
878 2771 915 2809 R
930 2772 969 2810 V
1128 2782 1173 2809 11
1206 2769 1450 2823 προεφέρετο
1469 2768 1509 2808 Α
1523 2769 1605 2808 BC
1764 2780 1813 2807 12
1841 2769 1906 2809 καὶ
1928 2770 1963 2808 οἱ

306 2826 516 2866 Ἀλευάδαι
538 2839 621 2866 om.
643 2826 682 2864 A
697 2826 731 2878 Β
747 2826 780 2864 C
1011 2839 1058 2875 14
1087 2842 1156 2876 μιν
1178 2825 1217 2863 R
1232 2825 1262 2864 S
1275 2824 1314 2862 V
1476 2823 1546 2864 alt.
1570 2824 1642 2864 τὸν
1660 2835 1744 2862 om.
1771 2821 1806 2860 P
1822 2822 1861 2860 R
1879 2822 1909 2861 S
1926 2822 1964 2860 V

308 2883 359 2924 16
386 2883 522 2920 πᾶσαν
544 2893 624 2920 om.
652 2880 685 2918 P
699 2881 738 2919 R
754 2880 833 2919 SV
1033 2891 1081 2929 19
1108 2878 1184 2931 μέν
1203 2896 1273 2919 νυν
1292 2891 1373 2918 om.
1402 2878 1439 2917 R
1457 2877 1539 2916 SV
1729 2888 1782 2914 22
1811 2877 1859 2916 τὸ
1878 2888 1957 2915 om.

306 2934 345 2972 A
361 2934 393 2971 B
407 2934 440 2972 C
623 2947 675 2984 23
704 2951 750 2974 τε
771 2947 852 2973 om.
880 2934 918 2972 R
932 2934 971 2972 V
1145 2944 1199 2984 25
1227 2933 1340 2986 ἔλεξε
1360 2933 1400 2972 Α
1413 2932 1446 2971 Β
1459 2931 1493 2971 C
1511 2931 1541 2971 S
1718 2932 1771 2969 28
1800 2930 1960 2984 ἠτρεμί-

308 3005 434 3039 σαμεν
454 2987 494 3026 Α
510 2989 543 3027 Β
564 3003 573 3027 2
602 2989 884 3041 ἠτρεμήσαμεν
905 2989 994 3028 rell.
