2132 3340
44 97 155 144 VII.
183 109 263 159 171

240 244 266 274 2

0 710 265 844 &51⁷2

923 97 1351 145 HPOAOTOT

309 230 502 292 Κρῆτας
546 225 785 291 τιμωροὺς
828 224 1084 295 Μενέλεῳ.
1172 227 1283 278 ἀντὶ
1322 226 1508 277 τούτων
1548 225 1603 277 δέ
1646 233 1745 293 σφι
1789 227 1968 279 ἀπονο-

305 308 530 374 στήσασι
553 312 607 361 ἐκ
629 311 812 375 Τροίης
840 310 989 374 λιμόν
1012 331 1065 362 τε
1090 310 1169 361 καὶ
1197 309 1376 375 λοιμὸν
1399 309 1636 377 γενέσθαι
1664 310 1745 362 καὶ
1775 311 1972 364 αὐτοῖσι

304 394 384 446 καὶ
416 399 546 445 τοῖσι
577 392 895 459 προβάτοισι,
922 393 1038 446 ἔστε
1068 394 1124 446 τὸ
1155 394 1383 461 δεύτερον
1414 394 1752 461 ἐρημωθείσης
1778 393 1971 461 Κρήτης

302 481 426 544 μετὰ
467 483 564 529 τῶν
604 478 892 530 ὑπολοίπων
932 480 1124 545 τρίτους
1164 478 1316 543 αὐτὴν
1355 483 1441 531 νῦν
1481 477 1721 544 νέμεσθαι
1755 482 1968 546 Κρῆτας.

301 563 330 627 ἡ
380 566 474 628 μὲν
524 561 581 626 δὴ
637 564 796 626 Πυθίη
849 561 1186 628 ὑπομνήσασα
1236 568 1389 615 ταῦτα
1447 563 1571 631 ἔσχε
1629 561 1970 628 βουλομένους

285 646 557 714 ,τιμωρέειν
594 651 727 698 τοῖσι
747 645 993 711 ”Ελλησι.

388 731 656 783 Θεσσαλοὶ
701 733 754 782 δὲ
801 730 1214 798 ὑπῤ-ᾀμαγκαίης
1259 732 1316 783 τὸ
1361 737 1556 798 πρῶτον
1601 731 1856 796 ἐμήδισαν,
1904 732 1968 786 ὡς

301 814 540 879 διέδεξαν,
580 816 657 866 ὅτι
698 815 754 866 οὔ
791 821 888 882 σφι
928 815 1109 879 ἥνδανε
1144 817 1205 867 τὰ
1246 818 1292 868 οἱ
1329 814 1593 867 Ἀλευάδαι
1629 818 1966 884 ἐμηχανῶντο.

300 901 463 952 ἐπείτε
520 901 614 965 γὰρ
668 899 909 951 ἐπύθοντο
959 898 1176 967 τάχιστα
1234 899 1488 965 μέλλοντα
1545 901 1822 965 διαβαίνειν
1880 899 1967 952 τὸν

300 983 508 1050 Πέρσην
533 985 582 1036 ἐς
605 984 696 1047 τὴν
721 984 978 1049 Εὐρώπην,
1007 982 1261 1045 πέμπουσι
1291 986 1341 1038 ἐς
1370 983 1456 1035 τὸν
1479 983 1682 1049 Ἰσθμὸν
1705 982 1963 1051 ἀγγέλους.

300 1069 353 1119 ἐν
389 1070 442 1119 δὲ
479 1073 545 1137 τῷ
583 1067 769 1137 Ἰσθμῷ
811 1066 941 1131 ἦσαν
979 1067 1242 1133 ἁλισμένοι
1280 1069 1560 1135 πρόβουλοι
1598 1070 1685 1132 τῆς
1719 1067 1967 1122 Ἑλλάδος

298 1150 615 1218 ἀραιρημένοι
654 1151 753 1203 ἀπὸ
793 1157 891 1203 τῶν
927 1153 1118 1204 πολίων
1158 1157 1255 1205 τῶν
1296 1155 1357 1204 τὰ
1397 1153 1580 1218 ἀμείνω
1618 1150 1966 1219 φρονεουσέων

299 1237 408 1302 περὶ
429 1235 518 1300 τὴν
537 1235 782 1287 Ἑλλάδα.
851 1237 1142 1301 ἀπικόμενοι
1161 1239 1214 1288 δὲ
1238 1238 1319 1289 ἐπὶ
1337 1237 1538 1291 τούτους
1557 1241 1653 1288 τῶν
1674 1240 1965 1289 Θεσσαλῶν

298 1323 343 1372 οἱ
381 1320 590 1387 ἄγγελοι
626 1319 819 1387 ἔλεγον·
846 1320 1055 1386 ’Ἄνδρες
1076 1319 1344 1386 “Ἐλ·ληνες,
1379 1324 1456 1373 δεῖ
1482 1319 1844 1388 φυλάσσεσθαι
1874 1319 1965 1386 τὴν

297 1404 574 1470 ἐσβολην
559 1403 650 1469 τὴν
680 1404 1065 1470 Ὀλυμπικήν,“
1046 1426 1124 1456 ινα
1156 1406 1424 1470 Θεσσαλίη
1457 1427 1511 1458 τε
1549 1405 1629 1457 καὶ
1659 1405 1688 1470 ἡ
1721 1405 1965 1470 σύμπασα

0 1489 307 1588 ἱῶἁθΰ*“
314 1491 487 1543 Ελλᾶς
531 1491 585 1541 ἐν
626 1487 785 1553 σκέπη
825 1494 911 1541 τοῦ
949 1487 1169 1554 πολέμου
1212 1488 1255 1562 ᾖ.
1342 1490 1481 1556 ἡμεῖς
1520 1488 1612 1555 μέν
1651 1511 1737 1542 νυν
1778 1489 1968 1555 ἕτοιμοί

166 2174 253 2224 173

297 1576 432 1639 εἰμεν
477 1572 884 1640 συμφυλάσσειν,
929 1573 1139 1639 πέμπειν
1177 1576 1230 1626 δὲ
1274 1573 1371 1642 χρὴ
1415 1575 1495 1626 καὶ
1534 1572 1683 1639 ὑμέας
1725 1573 1963 1640 στρατιὴν

296 1657 510 1722 πολλήν,
551 1658 616 1711 ὡς
654 1660 696 1710 εἷ
734 1680 800 1723 μη
838 1657 1079 1725 πέμψετε,
1118 1659 1395 1710 ἐπίστασθε
1434 1657 1586 1723 ἡμεας
1627 1656 1962 1725 ὁμολογήσειν

294 1747 360 1812 τῷ
388 1741 580 1813 Πέρσῃ·
619 1743 676 1794 οὐ
699 1741 794 1809 γάρ
818 1764 895 1794 τοι
918 1741 1315 1809 προκατημένους
1336 1747 1548 1794 τοσοῦτο
1573 1741 1667 1809 πρὸ
1690 1745 1777 1806 τῆς
1799 1741 1962 1806 ἄλλης

293 1826 542 1880 Ἑλλάδος
578 1827 787 1892 μούνους
823 1826 918 1893 πρὸ
954 1826 1114 1892 ὑμέων
1151 1830 1228 1879 δεῖ
1260 1825 1557 1879 ἀπολέσθαι.
1644 1824 1877 1892 βοηθέειν
1907 1827 1961 1878 δὲ

293 1911 349 1962 οὐ
385 1911 689 1976 βουλόμενοι
720 1911 993 1977 ἀναγκαίην
1021 1911 1139 1976 ἡμῖν
1171 1913 1402 1976 οὐδεμίαν
1433 1912 1534 1963 οἷοί
1563 1908 1620 1962 τέ
1654 1911 1771 1962 ἐστε
1801 1931 1958 1976 προσ-

293 1994 481 2062 φέρειν·
527 1995 714 2059 οὐδαμὰ
737 1996 831 2062 γὰρ
855 1996 1125 2060 ἀδυνασίης
1155 1994 1343 2062 ἀνάγκη
1377 1993 1605 2062 κρέσσων
1635 1994 1748 2061 ἔφυ.
1818 1994 1960 2059 ἡμεῖς

291 2081 343 2131 δὲ
381 2079 720 2145 πειρησόμεθα
755 2079 898 2130 αὐτοί
923 2100 1035 2131 τινα
1071 2081 1320 2146 σωτηρίην
1356 2079 1718 2147 μηχανώμενοι.
1806 2082 1960 2130 ταῦτα

291 2164 469 2229 ἔλεγον
500 2166 546 2215 οἱ
579 2165 864 2215 Θεσσαλοί.
947 2165 993 2215 οἱ
1023 2166 1077 2216 δὲ
1099 2161 1354 2228 “Ἐλληνες
1385 2162 1505 2229 πρὸς
1535 2167 1687 2214 ταῦτα
1717 2161 1955 2227 ἐβουλεύ-

292 2268 450 2299 σαντο
482 2249 532 2300 ἐς
559 2249 861 2311 Θεσσαλίην
885 2245 1096 2312 πέμπειν
1121 2249 1242 2298 κατὰ
1273 2246 1539 2298 θάλασσαν
1562 2245 1712 2310 πεζὸν
1743 2245 1959 2312 στρατὸν

293 2330 584 2397 φυλάξοντα
631 2330 722 2395 τὴν
771 2329 1016 2396 ἐσβολήν.
1106 2331 1171 2384 ὣς
1219 2333 1271 2383 δὲ
1324 2329 1603 2399 συνελέχθη
1653 2331 1679 2380 ὁ
1728 2330 1955 2395 στρατός,

293 2415 443 2467 ἔπλεε
480 2414 541 2466 δι’
574 2415 807 2480 Εὐρίπου.
897 2415 1194 2480 ἀπικόμενος
1230 2417 1283 2466 δὲ
1318 2418 1404 2478 τῆς
1435 2414 1661 2482 Ἀχαιίης
1698 2416 1748 2468 ἐς
1775 2412 1955 2471 Ἀλον,

349 2565 365 2590 1
399 2552 509 2604 ἀντὶ]
533 2553 608 2593 ἀπὸ
628 2551 668 2589 Α
683 2551 717 2590 Β
735 2551 767 2589 C
784 2551 817 2590 P
968 2565 994 2601 3
1024 2553 1131 2592 ὥστε
1155 2551 1350 2601 Heiberg
1492 2564 1516 2600 4
1547 2549 1747 2601 νέμεσθαι.
1800 2553 1957 2603 Κρῆτας

290 2606 364 2657 μὲν
386 2609 433 2656 δὴ
455 2608 479 2656 ἡ
503 2607 628 2655 Πυθίη
651 2606 774 2646 Stein
799 2612 843 2646 et
867 2606 1142 2646 Herwerden
1253 2618 1279 2656 5
1309 2605 1555 2656 βουλόμενος
1579 2605 1614 2644 C
1744 2618 1766 2654 7
1797 2604 1868 2656 ὣς]
1890 2606 1957 2646 καὶ

293 2662 442 2711 Pingel
588 2663 614 2699 8
643 2659 859 2713 διεδέξαντ’
881 2661 915 2699 C
1079 2674 1107 2712 9
1137 2660 1331 2701 ε’πυθέατο
1354 2660 1438 2699 PR
1454 2660 1537 2700 SV
1677 2672 1728 2698 10
1755 2659 1956 2710 πέμπουσι

290 2717 370 2768 γὰρ
403 2719 442 2757 ἐς
479 2716 518 2754 R
542 2716 572 2755 S
592 2715 630 2753 V
799 2727 843 2753 11
888 2714 1148 2765 ἁλισκόμενοι
1181 2715 1215 2754 C
1383 2727 1432 2753 12
1475 2714 1771 2768 προνοεουσέων
1806 2714 1844 2752 R
1867 2713 1899 2752 S
1919 2713 1957 2752 V

298 2772 347 2807 16
387 2772 431 2811 ἐν
458 2783 540 2809 om.
576 2770 711 2809 RSV
839 2769 867 2823 ᾗ
895 2775 996 2809 ante
1027 2771 1176 2811 Ἑλλὰς
1204 2768 1391 2807 ABCP
1502 2788 1508 2793 ·
1572 2781 1619 2818 17
1660 2771 1785 2818 ἐσμεν
1812 2767 1954 2806 ABC

296 2824 344 2861 18
372 2823 558 2876 πέμψητε
581 2824 631 2862 C¹
648 2823 687 2862 R
703 2824 732 2863 S
746 2824 784 2863 V
989 2837 1038 2874 19
1067 2841 1130 2865 τοι
1153 2824 1183 2863 S
1197 2824 1262 2863 V:
1291 2841 1332 2864 τι
1353 2823 1444 2862 rell.
1603 2825 1800 2863 τοσοῦτον
1820 2822 1861 2860 R
1875 2821 1957 2861 SV

292 2890 339 2915 21
383 2878 692 2929 βουλομένοισιν
733 2879 826 2917 sine
863 2881 908 2919 οὐ
947 2878 988 2916 R
1012 2878 1100 2917 SV
1228 2878 1416 2928 οὐδεμῖ-ην
1456 2876 1548 2916 PR
1571 2876 1661 2916 SV
1790 2879 1881 2916 ἐστι
1921 2875 1956 2916 C

293 2945 346 2970 22
377 2933 550 2985 κρέσσον
574 2933 607 2970 C

1995 587 2017 626 5

1995 1005 2043 1034 10

1993 1426 2040 1467 15

1989 1845 2037 1874 20

1986 2265 2034 2306 25
