2132 3340
749 74 1123 123 ιΣΤοΡιΩΝ
1187 75 1236 123 Θ
1658 79 1661 82 “
1862 80 2000 127 v111.
2027 90 2090 140 37

149 209 196 261 οἱ
225 205 482 274 βάρβαροι
513 208 635 258 κατὰ
665 210 720 258 τὸ
754 204 860 273 ἱρὸν
882 207 970 271 τῆς
993 206 1244 272 Προνηίης
1268 202 1591 273 [Ἀθηναίης],
1625 207 1679 258 ἐν
1711 205 1820 256 τού-

150 315 217 362 τῳ
249 294 303 344 ἐκ
338 294 430 357 μὲν
465 295 552 342 τοῦ
587 290 795 357 οὐρανοῦ
830 290 1058 357 κεραυνοὶ
1095 291 1290 342 αὐτοῖσι
1322 289 1602 348 ἐνέπιπτον,
1636 288 1733 341 ἀπὸ
1770 291 1823 340 δὲ

150 381 236 429 τοῦ
267 380 575 442 Παρνησσοῦ
610 377 971 442 ἀπορραγεῖσαι
1009 374 1094 426 δύο
1133 375 1342 441 κορυφαὶ
1373 373 1615 441 ἐφέροντο
1647 378 1821 443 πολλῷ

42 526 45 528 -
150 459 354 529 πατάγῳ
388 461 438 513 ἐς
469 459 644 514 αὐτοὺς
677 460 756 511 καὶ
780 457 1064 523 κατέλαβον
1096 459 1313 527 συχνούς
1345 465 1537 526 σφεων,
1573 460 1626 510 ἐκ
1655 460 1707 510 δὲ
1737 462 1825 509 τοῦ
2036 508 2132 552 Μ

104 569 126 609 5
152 548 256 612 ἱροῦ
286 547 384 609 τῆςὁ
404 546 657 611 Προνηίης
686 542 786 609 βοή
818 543 982 596 τεκαὶ
1013 543 1307 614 ἀλαλαγμὸς
1339 544 1550 609 ἐγίνετο.
1642 563 1821 608 συμμι·
1804 505 2018 608 pugn)

151 628 339 697 γέντων
375 631 427 680 δὲ
459 629 648 680 τούτων
684 627 882 681 πάντων
915 628 1083 694 φόβος
1119 632 1255 678 τοῖσι
1295 626 1608 695 βαρβάροισι
1652 629 1821 679 ἐνεπε-

151 714 357 767 πτώκεε.
432 713 674 779 μαθόντες
698 715 750 764 δὲ
775 715 821 764 οἱ
847 711 1047 779 Δελφοὶ
1072 710 1353 778 φεύγοντάς
1379 718 1561 779 σφεας,
1585 713 1818 764 ἐπικατα-

150 798 334 865 βάντες
365 796 660 850 ἆπέκτειναν
696 797 888 862 πλῆθός
925 818 972 848 τι
1004 797 1180 848 αὐτῶν.
1272 799 1318 848 οἱ
1350 799 1401 847 δὲ
1433 796 1715 863 περιεόντες
1747 795 1824 847 ἰθὺ

154 887 382 935 Βοιωτῶν
413 883 643 950 ἔφευγον.
719 881 899 948 ἔλεγον
930 883 982 932 δὲ
1014 883 1060 933 οἱ
1093 879 1536 945 ἀπονοστήσαντες
1567 880 1703 932 οὗτοι
1724 885 1824 932 τῶν

79 990 128 1018 10
150 966 443 1034 βαρβάρων,
478 967 542 1020 ὡς
573 968 671 1034 ἐγὼ
709 965 1032 1030 πυνθάνομαι,
1067 964 1132 1018 ὡς
1168 964 1290 1032 πρὸς
1322 966 1544 1018 τούτοισι
1577 965 1657 1017 καὶ
1688 964 1825 1016 ἄλλα

150 1053 290 1118 ὥρων
337 1055 459 1103 θεῖα·
521 1051 607 1102 δύο
658 1053 753 1118 γὰρ
797 1051 1006 1104 ὁπλίτας
1049 1048 1259 1116 μέζονας
1303 1045 1333 1114 ἢ
1380 1052 1504 1102 κατὰ
1547 1049 1823 1117 ἀνθρώπων

151 1136 308 1203 φύσιν
339 1137 511 1190 ἐόντας
542 1135 756 1187 ἕπεσθαί
784 1140 883 1202 σφι
915 1134 1196 1188 κτείνοντας
1228 1134 1306 1186 καὶ
1337 1136 1620 1189 διώκοντας.
1710 1135 1820 1186 τού-
1861 1151 1931 1200 39

150 1243 262 1274 τους
299 1223 352 1273 δὲ
388 1220 500 1274 τοὺς
536 1219 622 1272 δύο
656 1219 856 1287 Δελφοὶ
892 1218 1107 1286 λέγουσι
1147 1218 1275 1271 εἶναι
1311 1221 1606 1288 ἐπιχωρίους
1643 1219 1820 1286 ἥρωας,

151 1305 386 1357 Φύλακόν
409 1326 462 1356 τε
496 1305 574 1356 καὶ
599 1303 865 1363 Αὐτόνοον,
892 1309 989 1356 τῶν
1013 1306 1073 1356 τὰ
1097 1302 1304 1370 τεμένεά
1328 1306 1438 1357 ἐστι
1469 1306 1580 1372 περὶ
1610 1303 1667 1356 τὸ
1699 1302 1820 1370 ἱρόν,

79 1410 126 1452 15
151 1389 386 1441 Φυλάκου
414 1392 505 1455 μὲν
541 1388 654 1456 παρ’
691 1388 847 1453 αὐτὴν
883 1387 973 1452 τὴν
1010 1387 1126 1440 ὁδὸν
1164 1389 1436 1456 κατύπερθε
1473 1393 1559 1440 τοῦ
1596 1391 1700 1455 ἱροῦ
1736 1391 1824 1453 τῆς

152 1475 418 1541 Προνηίης,
453 1473 701 1526 Αὐτονόου
731 1475 783 1525 δὲ
816 1472 972 1526 πέλας
1003 1475 1089 1537 τῆς
1123 1475 1418 1539 Κασταλίης
1449 1473 1544 1526 ὑπὸ
1575 1474 1633 1545 τῇ
1665 1472 1819 1538 υΓαμ-

151 1559 266 1630 πείῃ
312 1559 513 1630 κορυφῇ.
593 1560 639 1610 οἱ
680 1559 733 1609 δὲ
775 1556 1018 1610 πεσόντες
1063 1557 1160 1609 ἀπὸ
1204 1563 1290 1609 τοῦ
1336 1561 1646 1626 Παρνησσοῦ
1690 1559 1824 1609 λίθοι
1864 1571 1890 1604 2

151 1642 226 1695 ἔτι
264 1643 341 1694 καὶ
378 1644 428 1696 ἐς
463 1641 616 1708 ἡμέας
654 1641 785 1706 ἦσαν
827 1641 955 1701 σόοι,
996 1643 1050 1693 ἐν
1084 1648 1152 1712 τῷ
1198 1642 1394 1708 τεμένεϊ
1439 1646 1527 1707 τῆς
1573 1641 1823 1709 Προνηίης

151 1726 417 1792 Ἀθηναίης
465 1727 692 1793 κείμενοι,
741 1728 791 1780 ἐς
831 1726 887 1778 τὸ
936 1725 1228 1793 ἐνέσκηψαν
1275 1730 1355 1780 διὰ
1401 1732 1499 1780 τῶν
1545 1725 1824 1793 βαρβάρων

79 1833 129 1861 20
153 1812 436 1879 φερόμενοι.
525 1811 711 1864 τούτων
740 1810 831 1878 μέν
862 1831 950 1864 νυν
972 1815 1071 1863 τῶν
1102 1811 1291 1879 ἀνδρῶν
1322 1814 1441 1877 αὕτη
1474 1811 1572 1864 ἀπὸ
1601 1816 1688 1863 τοῦ
1720 1813 1825 1878 ἱροῦ

151 1895 423 1963 ἀπαλλαγη
454 1897 659 1963 γίνεται.

235 1980 296 2032 ‘O
324 1983 393 2084 g}
423 1979 688 2045 Ἑλληνων
729 1980 954 2035 ναυτικὸς
996 1972 1346 2085 ffrpa†69(d7rb
1382 1986 1469 2032 τοῦ
1505 1975 1840 2084 Ἀρτεμισιου)
1860 1961 1951 2113 40,

131 2054 432 2141 (Ἀθηναιων
453 2064 767 2130 δεηθέντων
777 2070 1082 2132 ςΣαλαμῖνα
1104 2086 1336 2134 κατισχει
1358 2068 1447 2119 τὰς
1471 2065 1602 2119 νέας.
1669 2069 1823 2117 τῶνδε

155 2151 207 2202 δὲ
260 2151 423 2202 εἵνεκα
480 2147 1115 2225 wpoffebe⁷16noavfflrssv
1174 2147 1346 2218 σχεῖνὸ
1381 2154 1504 2217 πρὸς
1562 2154 1824 2215 Σαλαμῖνα
1913 2099 1970 2187 5!

81 2252 130 2292 25
155 2232 482 2296 Ἀθηναῖοι,“
463 2255 542 2288 ινα
573 2233 709 2291 αὐτοὶ
732 2225 918 2302 (παῖδάς
948 2255 1001 2286 τε
1034 2235 1113 2286 καὶ
1144 2228 1823 2337 γυναῖκαςψπεὲξιγάγωνται

155 2320 211 2370 ἐκ
256 2321 343 2383 τῆς
386 2317 629 2384 Ἀττικῆς,
677 2323 798 2386 πρὸς
843 2321 896 2370 δὲ
943 2319 1022 2371 καὶ
1065 2319 1446 2384 βουλεύσωνται
1473 2311 1546 2391 (τὸ
1590 2308 1846 2383 ποιητεον)

197 2374 305 2432 ,μμ

154 2402 351 2454 αὖτοισι
380 2402 540 2454 ἔσται.
586 2391 711 2477 (ἐπὶ
743 2405 839 2470 γὰρ
869 2407 1003 2455 τοῖσι
1033 2423 1303 2470 xfflvffe.
1339 2392 1824 2471 πρήγμασι)βουλην

215 2553 231 2579 1
266 2539 462 2592 Προνηίης
481 2538 519 2578 R
537 2554 545 2578 z
578 2540 708 2590 -ναίης
725 2539 764 2579 Α
780 2540 813 2579 Β
832 2540 865 2579 C
882 2539 937 2581 P:
969 2540 1110 2589 -vot‘l‘m
1128 2541 1158 2580 S
1171 2539 1207 2579 V
1225 2540 1288 2594 (it.
1310 2552 1349 2591 5,
1374 2540 1526 2591 16,18)
1612 2541 1823 2590 Ἀθηναίης

156 2608 236 2634 om.
259 2594 315 2633 Al
464 2607 490 2644 3
519 2599 730 2646 Παρνησοῦ
754 2595 791 2634 Α
809 2595 843 2634 Β
858 2595 891 2634 C
1003 2597 1280 2649 ἀπορραγῆσαι
1302 2594 1340 2634 Α
1359 2596 1391 2634 Β
1536 2609 1561 2643 4
1591 2596 1825 2643 κατέβαλον

158 2650 319 2695 Reiske
449 2662 474 2699 5
505 2650 605 2699 βοήῙ
629 2654 724 2699 νηοῦ
745 2650 822 2699 βοή
846 2649 883 2688 R
900 2648 982 2688 SV
1093 2650 1259 2703 ἐγένετο
1274 2653 1325 2700 (ἓ)
1353 2648 1403 2689 C¹
1531 2652 1557 2688 8
1588 2649 1824 2691 ἀπέκτεινον

156 2704 206 2743 Ρι
319 2704 378 2757 τι]
402 2722 447 2745 τε
472 2705 508 2742 R
525 2705 604 2744 SV
717 2705 807 2745 εὐθὺ
826 2705 863 2743 Α
878 2704 912 2742 Β
928 2705 961 2743 C
978 2705 1009 2743 P
1168 2718 1212 2743 12
1245 2704 1385 2746 ἐόντας
1408 2705 1532 2743 Koen
1554 2719 1562 2744 :
1594 2705 1768 2756 ἔχοντας
1791 2703 1824 2743 L

155 2773 207 2809 317
238 2762 450 2813 Παρνησοῦ
469 2759 508 2797 Α
524 2759 558 2797 Β
576 2759 609 2797 C
811 2761 860 2798 18
890 2763 986 2800 σῶοι
1009 2760 1041 2798 C
1058 2759 1091 2798 P
1104 2760 1133 2798 S
1148 2758 1187 2798 V
1392 2772 1438 2810 19
1467 2773 1521 2798 an
1545 2757 1823 2811 [’A0nvat'ns]3

150 2813 390 2866 ι’ἀνέσκηψαν
432 2814 493 2853 B:
543 2814 818 2866 ἐνεσκήψαντο
860 2813 899 2852 R
922 2813 952 2853 S
973 2813 1011 2852 V
1308 2826 1360 2863 23
1405 2817 1634 2867 κατασχεῖν
1674 2812 1713 2852 R
1736 2813 1767 2852 S
1788 2813 1827 2852 V

151 2871 253 2917 ινῆας
275 2868 312 2906 R
329 2870 360 2908 S
374 2868 411 2906 V
551 2873 638 2910 τῶν
654 2869 693 2906 R
708 2869 738 2908 S
932 2882 983 2917 24
1014 2868 1057 2910 δὲ
1078 2882 1163 2908 om.
1187 2868 1223 2907 V
1408 2881 1460 2919 25
1492 2869 1605 2910 αὐτοὶ
1625 2867 1825 2918 Ἀθηναῖοι

148 2924 220 2964 ’ἵνα
242 2923 279 2961 R
294 2923 331 2962 V
349 2938 358 2962 ε
389 2924 500 2964 αὐτοὶ
522 2936 602 2963 om.
626 2924 657 2963 S
824 2925 876 2962 26
905 2923 1199 2971 βουλεύσονται
1225 2924 1262 2961 R

1086 3039 1160 3071 fta(
1175 3026 1277 3082 ὄιες
1291 3062 1334 3087 a«)
1350 3060 1358 3081 ⁷,
1406 3068 1485 3085 ,ἧς
1528 3077 1529 3081 ,
1574 3060 1584 3082 1

806 3078 838 3085 α
