2132 3386
92 108 180 177 v1'.
209 143 272 191 45
920 93 1365 180 HPOAOTOT

311 260 460 312 αὐτὸν
519 260 894 327 τρωματίζουσι.
1013 261 1070 313 οὐ
1136 264 1228 327 μὲν
1292 261 1403 314 οὐδὲ
1471 262 1611 315 αὐτοὶ
1635 332 1640 337 .
1668 263 1979 329 δουλοσύνην

310 344 550 412 διέφυγον
580 344 699 411 πρὸς
732 343 992 411 Περσέων·
1039 345 1095 397 οὐ
1132 347 1227 413 γὰρ
1265 344 1323 410 δὴ
1362 347 1602 414 πρότερον
1633 346 1891 413 ἀπανέστη
1923 349 1978 416 ἐκ

310 433 408 480 τῶν
448 427 651 496 χωρέων
685 427 896 480 τουτέων
937 430 1221 495 Μαρδόνιος
1257 430 1372 497 πρὶν
1402 430 1434 495 ἤ
1465 437 1629 498 σφεας
1662 433 1978 501 ὑποχειρίους

248 533 272 564 2
312 511 599 576 ἐποιήσατο.
687 512 887 566 τούτους
931 512 1102 578 μέντοι
1156 514 1631 582 καταστρεψάμενος
1678 517 1841 583 ἀπῆγε
1886 516 1977 581 τὴν

312 596 550 663 στρατιὴν
591 597 771 655 ὀπίσω,
816 595 902 649 ἅτε
941 602 1007 667 τῷ
1047 599 1176 667 πεζῷ
1217 619 1272 651 τε
1311 601 1662 665 προσπταίσας
1699 599 1822 666 πρὸς
1862 600 2022 666 τοὺς5
2071 660 2075 666 ,

315 680 535 748 Βρύγους
567 680 646 732 καὶ
676 685 742 750 τῷ
780 686 990 751 ναυτικῷ
1026 681 1259 748 μεγάλως
1294 684 1406 749 περὶ
1429 682 1615 735 Ἀθων.
1705 683 1847 738 οὗτος
1883 683 1977 750 μέν

312 786 398 816 νυν
445 766 472 815 ὁ
517 765 699 819 στόλος
745 767 967 832 αἰσχρῶς
1015 765 1391 832 ἀγωνισάμενος
1437 766 1743 836 ἀπαλλάχθη
1791 770 1843 822 ἐς
1886 767 1976 833 τὴν

201 848 273 909 46
310 848 508 912 Ἀσίην.
596 847 803 918 δευτέρῳ
853 851 906 901 δὲ
955 849 1055 901 ἔτεϊ
1103 850 1292 902 τούτων
1339 852 1364 900 ὁ
1412 855 1625 916 Δαρεῖος
1670 856 1839 918 πρῶτα
1883 854 1976 917 μὲν

313 934 539 985 Θασίους
571 931 933 998 διαβληθέντας
962 934 1056 985 ὑπὸ
1087 938 1186 986 τῶν
1209 935 1577 1001 ἀστυγειτόνων
1602 935 1666 989 ὡς
1689 936 1975 988 ἀπόστασιν

310 1014 620 1087 μηχανῴατο,
675 1015 880 1083 πέμψας
938 1016 1158 1084 ἄγγελον
1219 1017 1418 1071 ἐκέλευέ
1475 1025 1643 1086 σφεας
1699 1018 1756 1071 τὸ
1808 1024 1975 1088 τεῖχος
1999 1042 2050 1071 ιο

247 1118 272 1150 2
313 1099 610 1167 περιαιρέειν
653 1101 731 1152 καὶ
768 1103 855 1154 τὰς
895 1101 1010 1155 νέας
1047 1103 1098 1156 ἐς
1120 1101 1354 1169 ’Ἄβδηρα
1390 1103 1620 1168 κομίζειν.
1707 1106 1754 1156 οἳ
1787 1106 1882 1171 γὰρ
1912 1103 1971 1168 δὴ

314 1183 516 1244 Θάσιοι,
550 1186 631 1236 οἷα
658 1184 753 1237 ὑπὸ
782 1184 1021 1237 Ἱστιαίου
1058 1207 1112 1239 τε
1142 1191 1229 1238 τοῦ
1266 1187 1525 1252 Μιλησίου
1562 1186 1973 1254 πολιορκηθέντες

312 1269 392 1320 καὶ
427 1270 689 1335 προσόδων
730 1268 946 1322 ἐουσέων
985 1269 1247 1337 μεγαλέων
1289 1270 1536 1339 ἐχρέωντο
1575 1276 1708 1323 τοῖσι
1747 1270 1974 1341 χρήμασι

310 1353 425 1407 νέας
476 1374 531 1406 τε
588 1354 981 1422 ναυπηγεύμενοι
1036 1357 1225 1421 μακρὰς
1287 1355 1366 1406 καὶ
1422 1360 1590 1423 τεῖχος
1650 1356 1973 1424 ἰσχυρότερον

310 1438 751 1504 περιβαλλόμενοι.
838 1438 868 1503 ἡ
913 1441 967 1492 δὲ
1012 1439 1260 1506 πρόσοδός
1306 1445 1403 1505 σφι
1449 1440 1639 1506 ἐγίνετο
1687 1439 1741 1491 ἔκ
1786 1461 1841 1492 τε
1885 1441 2046 1505 τῆςί5
2100 1479 2102 1481 >

246 1542 271 1586 3
310 1521 513 1589 ἠπείρου
545 1522 622 1574 καὶ
652 1521 750 1574 ἀπὸ
779 1526 878 1574 τῶν
908 1522 1189 1588 μετάλλων.
1264 1524 1319 1574 ἐκ
1341 1522 1433 1588 μέν
1456 1545 1514 1590 γε
1539 1528 1636 1575 τῶν
1660 1525 1713 1575 ἐκ
1743 1526 1972 1589 Σκαπτῆς

300 1604 464 1670 (Ὕλης
494 1611 593 1658 τῶν
616 1606 846 1675 χρυσέων
868 1606 1133 1672 μετάλλων
1156 1607 1212 1659 τὸ
1237 1608 1418 1659 ἐπίπαν
1442 1608 1726 1674 ὀγδώκοντα
1747 1607 1971 1660 τάλαντα

309 1689 537 1757 προσήιε,
571 1692 625 1743 ἐκ
671 1693 723 1743 δὲ
766 1696 865 1743 τῶν
911 1693 964 1744 ἐν
1007 1691 1128 1764 αὐτῇ
1174 1690 1332 1761 Θάσῳ
1379 1690 1585 1743 ἐλάσσω
1629 1695 1721 1757 μὲν
1764 1692 1967 1752 τούτων,

311 1777 474 1843 συχνὰ
514 1777 567 1827 δὲ
609 1776 761 1829 οὕτως
802 1776 934 1828 ὥστε
974 1775 1030 1827 τὸ
1067 1777 1254 1828 ’ἐπίπαν
1297 1777 1543 1827 Θασίοισι
1586 1777 1971 1849 ἐοῦσιικαρπέὀ-ι)

5 1860 271 1932 qrbw'
309 1858 515 1932 (ΣΕ-ελέσι
558 1858 771 1927 προσήιε
815 1861 916 1911 ἀπό
958 1882 1011 1912 τε
1054 1863 1142 1925 τῆς
1192 1859 1396 1926 ἠπείρου
1444 1861 1521 1912 καὶ
1565 1864 1662 1912 τῶν
1705 1860 1971 1925 μετάλλων
1996 1880 2046 1909 20

80 1922 199 1960 Μ’
308 1943 444 1997 ἔτεος
508 1943 719 1996 ἑκάστου
779 1944 1008 2008 διηκόσια
1064 1943 1300 2007 τάλαντα,
1361 1944 1443 1996 ὅτε
1500 1946 1554 1996 δὲ
1612 1943 1669 1995 τὸ
1727 1949 1970 1997 πλεῖστον

204 2044 269 2093 47
309 2031 581 2094 προσῆλθε,
608 2028 881 2093 τριηκόσια.
961 2028 1093 2080 εἶδον
1116 2030 1168 2080 δὲ
1194 2029 1272 2080 καὶ
1297 2027 1443 2081 αὐτὸς
1466 2029 1526 2078 τὰ
1547 2026 1775 2092 μέταλλα
1796 2032 1966 2088 ταῦτα,

309 2111 386 2162 καὶ
415 2116 582 2181 μακρῷ
621 2110 681 2175 ἧν
720 2111 880 2163 αὐτῶν
921 2112 1281 2177 θωμασιώτατα
1318 2113 1379 2162 τὰ
1419 2113 1464 2163 οἱ
1501 2111 1728 2165 Φοίνικες
1767 2113 1999 2179 ἀνεῦρον

307 2197 353 2247 οἱ
392 2197 517 2261 μετὰ
557 2195 737 2248 Θάσου
773 2197 1033 2249 κτίσαντες
1068 2195 1157 2260 τὴν
1197 2198 1354 2259 νῆσον
1394 2195 1591 2259 ταύτην,
1624 2195 1729 2260 ἥτις
1765 2200 1851 2248 νῦν
1887 2196 1969 2248 ἐπὶ

308 2283 394 2330 τοῦ
436 2278 614 2331 Θάσου
654 2280 828 2331 τούτου
870 2284 954 2331 τοῦ
996 2280 1229 2332 Φοίνικος
1266 2278 1322 2330 τὸ
1363 2279 1549 2343 οὔνομα
1587 2278 1726 2348 ἔσχε.
1814 2281 1876 2330 τὰ
1915 2281 1970 2331 δὲ
1994 2303 2043 2345 25

306 2362 534 2427 μέταλλα
552 2365 613 2413 τὰ
636 2365 893 2415 Φοινικικὰ
916 2368 1070 2415 ταῦτα
1093 2363 1205 2414 ἐστὶ
1229 2365 1315 2426 τῆς
1335 2361 1516 2414 Θάσου
1537 2362 1721 2427 μεταξὺ
1745 2362 1969 2430 Αἰνύρων

307 2467 362 2499 τε
391 2446 555 2515 χώρου
588 2446 888 2512 καλεομένου
926 2448 1004 2499 καὶ
1039 2446 1308 2512 Κοινύρων,
1343 2447 1512 2498 ἀντίον
1535 2448 1589 2498 δὲ
1612 2448 1964 2514 Σαμοθρηίκης,

244 2301 267 2331 Ν

366 2597 382 2622 1
415 2583 555 2633 μέντοι
575 2583 614 2622 Α
627 2584 662 2622 Β
679 2584 711 2623 C
727 2584 760 2623 P
909 2598 931 2634 7
963 2585 1085 2633 ἀπηλ.
1113 2583 1146 2621 Ρ
1161 2583 1200 2622 R
1214 2582 1244 2622 S
1258 2583 1296 2621 V
1441 2583 1467 2620 8
1497 2581 1675 2624 τουτέων
1696 2582 1735 2620 R
1748 2583 1788 2622 V
1810 2583 1874 2634 (it.
1900 2585 1967 2634 18)

306 2652 334 2687 9
363 2640 414 2680 ὡς
435 2641 474 2679 ἐς
496 2638 527 2677 S
542 2638 578 2676 V
759 2652 810 2678 10
838 2638 1090 2689 μηχανοίατο
1112 2638 1146 2676 L
1329 2649 1377 2675 12
1406 2636 1488 2689 οἶα]
1510 2639 1547 2677 οἶ
1565 2636 1605 2675 Α
1619 2637 1654 2675 Β
1670 2637 1703 2676 C
1813 2654 1860 2678 τε
1880 2650 1965 2677 om.

307 2693 342 2730 B
359 2692 397 2730 R
527 2705 576 2742 13
605 2692 796 2744 μεγάλων
815 2693 855 2730 Α
869 2693 904 2731 Β
920 2693 953 2732 C
968 2693 999 2731 S
1133 2705 1182 2741 14
1213 2694 1305 2733 ναῦς
1328 2692 1362 2729 L
1472 2691 1736 2743 ἰσχυρότερον
1756 2692 1910 2743 ὑψηλὸν
1931 2692 1966 2730 Β

311 2749 360 2785 16
390 2749 433 2787 ἐν
455 2747 725 2797 σκαπτησύλη
748 2747 786 2786 R
803 2748 833 2788 S
846 2748 885 2786 V
1053 2758 1099 2795 17
1126 2746 1305 2800 χρυσίων
1327 2746 1366 2784 R
1382 2746 1412 2785 S
1426 2745 1464 2782 V
1631 2746 1680 2783 18
1699 2752 1742 2785 et
1762 2758 1815 2783 20
1843 2762 1966 2797 προσ-

102 2813 127 2845 s
305 2800 424 2852 ή(ι)ει
446 2800 485 2838 Α
501 2801 559 2841 C:
592 2802 758 2853 προσείη
783 2802 818 2840 Β
1002 2814 1051 2851 19
1081 2804 1190 2842 ἐοῦσι
1211 2814 1298 2839 om.
1321 2800 1359 2837 R
1375 2799 1456 2839 SV
1611 2812 1661 2838 21
1694 2802 1897 2851 προσῆλθε
1917 2802 1966 2840 τὸ

306 2858 506 2896 πλεῖστον
535 2856 573 2894 Α
589 2856 623 2894 Β
641 2857 674 2894 C
859 2869 910 2904 23
955 2860 1065 2905 θαυμ.
1098 2856 1139 2893 Α
1155 2855 1190 2894 Β
1205 2855 1238 2894 C
1254 2855 1287 2893 P
1301 2855 1331 2893 S
1517 2866 1568 2899 24
1605 2852 1690 2905 ἐπὶ]
1722 2855 1798 2893 ἀπὸ
1825 2853 1865 2892 Α
1881 2853 1916 2892 Β
1932 2854 1966 2892 C

307 2923 359 2958 25
391 2909 544 2958 ἔσχηκε
567 2911 710 2950 Stein:
744 2913 831 2962 ἔχει
854 2910 1126 2949 Herwerden
1250 2911 1304 2948 26
1331 2910 1491 2950 Φοινικὰ
1511 2910 1541 2947 S
1556 2907 1593 2946 V
1702 2920 1753 2957 27
1787 2907 1967 2961 Κονύρων

309 2962 510 3003 P1RSV
