2034 3328
0 78 23 143 ’ἱ
46 97 114 159 65
769 93 1200 142 HPOAOTOT

149 225 520 291 ὑπεκτιθέμενοι
561 228 656 293 γὰρ
702 225 931 292 ἔξω-τῆς
976 227 1141 294 χώρης
1186 229 1231 279 οἱ
1275 232 1447 282 παῖδες
1493 232 1591 280 τῶν
1635 231 1811 298 Πεισι-

84 327 110 359 2
151 309 452 376 στρατιδέων
480 310 703 374 ἥλωσαν.
781 315 923 362 τοῦτο
955 313 1007 362 δὲ
1038 311 1102 364 ὡς
1133 311 1348 378 ἐγένετο,
1375 311 1535 364 πάντα
1564 312 1725 364 αὐτῶν
1754 315 1815 365 τὰ

151 393 414 461 πρήγματα
452 394 855 462 συνετετάρακτο,
894 394 1223 461 παρέστησαν
1262 398 1316 447 δὲ
1358 397 1440 448 ἐπὶ
1478 390 1642 466 μισθῷ
1681 401 1816 449 τοῖσι

0 501 37 526 u
149 478 386 536 τέκνοισι,
422 477 645 542 ιἐἸῄ-ρῖσι
685 479 959 544 ἐβούλοντο
1001 481 1047 531 οἱ
1084 478 1355 543 Ἀθηναῖοι,
1401 480 1532 532 ὥστε
1573 482 1627 533 ἐν
1667 479 1817 534 πέντε

85 583 110 626 3
148 562 361 634 ἡμέρῃσι
396 563 679 629 ἐκχωρῆσαι
712 564 766 614 ἐκ
800 565 887 627 τῆς
916 562 1158 627 Ἀττικῆς.
1245 566 1370 628 μετὰ
1408 566 1461 616 δὲ
1497 563 1817 632 ἐξεχώρησαν
1842 592 1866 633 5

151 648 200 700 ἐς
237 647 435 713 Σίγειον
470 645 525 697 τὸ
562 646 642 698 ἐπὶ
678 652 745 716 τῷ
784 645 1100 717 Σκαμάνδρῳ,
1138 644 1374 713 ἄρξαντες
1415 651 1506 713 μὲν
1541 647 1819 714 Ἀθηναίων

151 730 226 783 ἐπ’
258 731 369 782 ἔτεα
399 728 458 793 ἕξ
482 751 536 781 τε
575 730 653 781 καὶ
684 729 960 796 τριήκοντα,
992 732 1159 784 ἐόντες
1195 733 1249 783 δὲ
1287 732 1368 784 καὶ
1406 731 1541 783 οὗτοι
1578 731 1818 785 ἀνέκαθεν

150 815 339 867 Πύλιοί
378 835 431 865 τε
478 814 555 865 καὶ
596 818 857 878 Νηλεῖδαι,
899 816 952 865 ἐκ
997 819 1095 866 τῶν
1136 816 1298 867 αὐτῶν
1335 816 1601 883 γεγονότες
1646 817 1726 868 καὶ
1769 819 1817 870 οἱ

151 899 280 965 ἀμφὶ
310 898 501 963 Κόδρον
530 919 583 949 τε
616 899 694 949 καὶ
718 898 1006 957 Μέλανθον,
1033 899 1079 950 οἳ
1110 901 1349 965 πρότερον
1381 898 1622 964 ἐπήλυδες
1651 901 1819 955 ἐόντες

83 1000 113 1043 4
150 981 377 1050 ἐγένοντο
422 981 699 1046 Ἀθηναίων
744 982 1002 1047 βασιλέες.
1092 983 1173 1035 ἐπὶ
1215 983 1390 1035 τούτου
1437 986 1489 1035 δὲ
1538 985 1618 1036 καὶ
1661 984 1818 1038 τώυτὸ
1844 1011 1895 1040 10

0 1062 117 1113 ψῖιό
150 1067 334 1131 οὔνομα
382 1067 788 1133 ἀπεμνζῃιόνευσε
831 1065 1158 1133 Ἱπποκράτης
1205 1072 1274 1137 τῷ
1323 1068 1459 1118 παιδὶ
1509 1067 1685 1119 θέσθαι
1731 1068 1819 1120 τὸν

152 1152 537 1216 Πεισίστρατον,
578 1151 658 1202 ἐπὶ
694 1154 780 1201 τοῦ
821 1149 1080 1216 Νέστορος
1115 1150 1491 1218 Πεισιστράτου
1529 1152 1818 1218 ποιεύμενος

89 1252 113 1300 5
151 1234 241 1299 τὴν
286 1234 579 1298 ἐπωνυμίην.
670 1235 795 1286 οὕτω
841 1238 934 1299 μὲν
977 1230 1231 1300 ’Ἀθηναῖοι
1283 1234 1536 1301 τυράννων
1585 1235 1815 1288 ἀπαλλά-

151 1316 368 1387 χθησαν·
414 1319 512 1369 ὅσα
551 1320 604 1370 δὲ
645 1318 1057 1385 ἐλευθερωθέντες
1097 1318 1246 1385 ἔρξαν
1286 1315 1316 1382 ἢ
1354 1319 1539 1371 ἔπαθον
1580 1318 1818 1388 ἀξιόχρεα

153 1401 431 1469 ἀπηγήσιος
473 1403 587 1469 πρὶν
626 1398 657 1466 ἢ
693 1402 885 1467 Ἰωνίην
923 1424 978 1455 τε
1017 1404 1298 1468 ἀποστῆναι
1344 1403 1441 1454 ἀπὸ
1480 1405 1694 1471 Δαρείου
1738 1405 1818 1456 καὶ
1845 1429 1894 1471 15

152 1486 511 1554 Ἀρισταγόρεα
540 1485 626 1539 τὸν
657 1486 917 1551 Μιλήσιον
947 1488 1248 1552 ἀπικόμενον
1277 1489 1329 1541 ἐς
1362 1485 1575 1551 Ἀθήνας
1610 1489 1818 1557 χρηίσαι

154 1571 328 1638 σφέων
355 1570 605 1636 βοηθέειν,
636 1576 788 1623 ταῦτα
817 1576 986 1638 πρῶτα
1015 1570 1211 1638 φράσω.

41 1660 115 1709 66
237 1655 458 1720 Ἀθῆναι,
501 1657 672 1707 ἐοῦσαι
715 1656 792 1707 καὶ
832 1656 948 1722 πρὶν
987 1655 1217 1723 μεγάλαι,
1256 1656 1371 1708 τότε
1410 1657 1818 1725 ἀπαλλαχθεῖσαι

153 1738 402 1807 τυράννων
426 1741 650 1806 ἐγίνοντο
671 1738 888 1805 μέζονες.
968 1742 1023 1791 ἐν
1053 1743 1106 1791 δὲ
1129 1740 1311 1813 αὐτῇσι
1335 1741 1420 1792 δύο
1446 1740 1619 1808 ἄνδρες
1643 1739 1813 1794 ἐδυνά-

155 1845 345 1884 στευον,
375 1822 682 1889 Κλεισθένης
711 1826 766 1876 τε
794 1824 920 1890 ἀνὴρ
946 1824 1330 1890 Ἀλκμεωνίδης,
1363 1826 1416 1878 ὅς
1449 1846 1541 1892 περ
1572 1825 1630 1890 δὴ
1659 1825 1816 1893 λόγον
1841 1851 1893 1880 20

157 1909 263 1977 ἔχει
291 1907 380 1972 τὴν
406 1910 597 1972 Πυθίην
619 1909 902 1968 ἀναπεῖσαι,
932 1909 1012 1960 καὶ
1044 1907 1305 1976 Ἰσαγόρης
1327 1908 1638 1976 Τεισάνδρου
1660 1910 1815 1974 οἰκίης

155 1994 246 2058 μὲν
269 1992 362 2043 ἐὼν
393 1993 607 2057 δοκίμου,
634 1993 754 2059 ἀτὰρ
783 1994 846 2044 τὰ
876 1992 1116 2044 ἀνέκαθεν
1141 1993 1227 2044 οὐκ
1258 1993 1358 2061 ἔχω
1385 1992 1593 2060 φράσαι·
1640 1994 1814 2045 θύουσι

92 2094 119 2127 2
157 2079 210 2128 δὲ
229 2078 274 2128 οἱ
294 2075 560 2143 συγγενέες
579 2076 725 2127 αὐτοῦ
745 2078 829 2128 Διὶ
849 2077 1032 2147 Καρίῳ.
1088 2077 1220 2129 οὗτοι
1245 2080 1290 2129 οἱ
1309 2077 1480 2143 ἄνδρες
1501 2079 1814 2130 ἐστασίασαν

155 2159 266 2226 περὶ
316 2160 560 2225 δυνάμιος,
615 2161 920 2226 ἑσσούμενος
973 2164 1026 2213 δὲ
1079 2161 1105 2211 ὁ
1162 2160 1469 2225 Κλεισθένης
1521 2161 1607 2213 τὸν
1659 2164 1813 2226 δῆμον

0 2249 121 2287 ⁰⁸⁶²*
156 2245 592 2310 προσεταιρίζεται.
678 2247 803 2309 μετὰ
842 2248 896 2297 δὲ
935 2245 1276 2312 τετραφύλους
1316 2246 1487 2298 ἐόντας
1523 2244 1814 2310 Ἀθηναίους
1840 2271 1888 2311 25

47 2292 108 2345 θ’
158 2328 466 2394 δεκαφύλους
516 2329 738 2392 ἐποίησε,
793 2333 893 2380 τῶν
938 2328 1110 2382 Ἴωνος
1163 2330 1350 2382 παίδων
1404 2328 1672 2382 Γελέοντος
1732 2329 1813 2381 καὶ

159 2412 443 2478 Αἰγικόρεος
502 2411 580 2462 καὶ
629 2410 881 2478 Ἀργάδεω
942 2413 1020 2464 καὶ
1064 2404 1321 2477 “Όπλητος
1379 2411 1674 2478 ἀπαλλάξας
1725 2415 1813 2466 τὰς

161 2496 450 2560 ἐπωνυμίας,
477 2494 687 2560 ἐξευρὼν
716 2498 770 2547 δὲ
803 2494 985 2562 ἑτέρων
1013 2495 1186 2563 ἡρώων
1217 2497 1491 2561 ἐπωνυμίας
1515 2497 1809 2564 ἐπιχωρίων,

159 2577 319 2645 πάρεξ
350 2580 575 2631 Αἴαντος·
621 2583 793 2631 τοῦτον
828 2578 896 2638 δέ,
931 2579 1018 2631 ἅτε
1053 2581 1379 2646 ἀστυγείτονα
1414 2581 1492 2632 καὶ
1529 2581 1809 2648 σύμμαχον,

57 2663 125 2724 67
162 2662 323 2727 ξεῖνον
359 2663 505 2713 ἐόντα
540 2662 831 2728 προσέθετο.
904 2668 1056 2714 ταῦτα
1092 2662 1161 2721 δέ,
1196 2662 1383 2714 δοκέειν
1421 2665 1544 2728 ἐμοί,
1585 2663 1811 2729 ἐμιμέετο
1836 2684 1878 2723 32

214 2802 242 2838 6
270 2799 407 2851 Σίγιον
425 2798 462 2837 Α
478 2798 512 2836 Β
527 2799 558 2837 C
672 2798 740 2850 τὸ]
761 2802 819 2839 τῶ
838 2797 930 2837 VU
1044 2811 1093 2837 10
1121 2799 1272 2851 τώυτὸ]
1294 2800 1343 2840 τὸ
1364 2799 1486 2838 Stein
1600 2810 1648 2849 15
1677 2800 1702 2847 ἢ
1725 2812 1807 2837 om.

164 2854 244 2892 (ΣΡ
378 2856 426 2891 16
458 2858 618 2907 χρῆισαι
642 2853 697 2892 P:
729 2856 880 2906 χρῆσαι
903 2852 993 2892 rell.
1130 2866 1178 2903 19
1209 2852 1399 2905 ἐγένοντο
1418 2853 1502 2892 AS
1632 2866 1686 2892 20
1714 2854 1810 2893 Ἀλ-

162 2924 316 2959 κμαιον.
339 2908 369 2946 S
383 2908 418 2945 V
433 2908 471 2946 U
615 2920 663 2946 21
695 2907 911 2960 Τισάνδρου
933 2907 966 2945 L
1122 2921 1173 2945 22
1204 2910 1326 2961 αὐτὰρ
1347 2907 1428 2946 SV
1579 2920 1631 2958 23
1661 2923 1807 2960 συναγ-

112 2972 117 2977 ’
160 2961 254 3015 ’γέες
275 2962 308 2999 C
474 2975 523 3010 27
555 2961 751 3015 Ἀρκάδεω
772 2961 805 2999 C
919 2965 1109 3010 Οπλῆτος
1132 2962 1167 2999 V
1184 2962 1219 2999 U
