2132 3340
39 93 151 150 VII.
180 93 246 142 88
900 91 1326 139 ΗΡΟΔΟΤΟΤ

179 227 244 275 88
284 220 531 289 ἵππαρχοι
554 222 606 272 δὲ
631 219 763 285 ἦσαν
785 219 1122 287 Ἁρμαμίθρης
1144 242 1197 272 τε
1222 220 1302 272 καὶ
1323 221 1527 275 Τίθαιος
1553 220 1736 276 Δάτιος
1759 227 1945 278 παῖδες.

260 306 401 372 ,ὁ,δὲ
436 306 600 371 τρίτος
640 310 738 371 σφι
778 305 1125 372 συνίππαρχος
1162 305 1456 375 Φαρνούχης
1499 306 1851 360 κατελέλειπτο
1892 309 1947 360 ἐν

284 388 489 455 Σάρδισι
521 387 729 441 νοσέων.
807 388 872 442 ὡς
896 390 991 456 γὰρ
1013 389 1235 455 ὁρμῶντο
1267 391 1320 442 ἐκ
1343 391 1581 458 Σαρδίων,
1607 393 1659 446 ἐς
1682 390 1948 459 συμφορὴν

285 472 494 526 ἐνέπεσε
524 472 842 539 ἀνεθέλητον.
932 473 1193 526 ἐλαύνοντι
1215 473 1311 542 γάρ
1334 477 1381 527 οἱ
1410 474 1506 528 ὑπὸ
1535 475 1648 529 τοὺς
1678 476 1833 530 πόδας
1861 480 1951 528 τοῦ

282 559 433 610 ἵππου
469 556 717 625 ὑπέδραμε
753 558 896 618 κύων,
931 558 1009 609 καὶ
1044 559 1071 608 ὁ
1106 560 1257 613 ἵππος
1291 559 1348 610 οὗ
1383 560 1598 626 προϊδὼν
1629 558 1861 627 ἐφοβήθη
1891 582 1947 613 τε
1969 583 1993 624 5

282 642 362 693 καὶ
393 644 517 696 στὰς
553 643 697 703 ὀρθὸς
734 643 1042 696 ἀπεσείσατο
1071 643 1158 696 τὸν
1188 644 1502 713 Φαρνούχεα,
1535 645 1707 697 πεσὼν
1736 646 1789 696 δὲ
1825 644 1947 711 αἷμά

0 716 241 778 mbfidb2
281 749 334 778 τε
375 726 496 793 ἤμεε
538 727 616 778 καὶ
656 729 708 780 ἐς
745 728 923 794 φθίσιν
960 730 1197 794 περιῆλθε
1229 728 1259 793 ἡ
1296 733 1490 782 νοῦσος.
1576 727 1664 782 τὸν
1700 731 1753 782 δὲ
1792 730 1946 782 ἵππον

280 811 453 863 αὐτίκα
489 810 593 863 κατ’
625 812 783 879 ἀρχὰς
819 813 1063 876 ἐποίησαν
1099 814 1146 864 οἱ
1183 811 1370 865 οἰκέται
1410 813 1475 867 ὥς
1510 812 1724 866 ἐκέλευε·
1770 814 1822 867 ἐς
1857 812 1944 866 τὸν

279 901 443 963 χῶρον
481 898 535 948 ἐν
571 901 639 967 τῷ
675 918 768 963 περ
801 894 1054 962 κατέβαλε
1088 895 1175 948 τὸν
1210 898 1460 962 δεσπότην
1495 898 1856 965 ἀπαγαγόντες,
1889 899 1944 950 ἐν

279 985 412 1032 τοῖσι
441 980 650 1047 γούνασι
686 979 939 1047 ἀπέταμον
968 982 1031 1032 τὰ
1068 979 1269 1034 σκέλεα.
1359 981 1656 1050 Φαρνούχης
1688 984 1782 1048 μὲν
1818 982 1944 1035 οὕτω
1972 1003 2022 1031 10

279 1055 532 1131 παρελύθη
563 1068 650 1130 τῆς
678 1065 961 1132 ἡγεμονίης.

171 1158 242 1218 89
362 1153 475 1201 Τῶν
506 1152 559 1202 δὲ
590 1149 828 1216 τριηρέων
851 1149 1056 1216 ἀριθμὸς
1085 1153 1175 1215 μὲν
1197 1149 1399 1217 ἐγένετο
1429 1153 1554 1203 ἑπτὰ
1586 1152 1665 1204 καὶ
1695 1152 1946 1217 διηκόσιαι

281 1234 360 1285 καὶ
404 1235 580 1303 χίλιαι,
628 1236 928 1303 παρείχοντο
976 1238 1029 1287 δὲ
1075 1234 1225 1288 αὐτᾶς
1271 1236 1389 1294 οἵδε,
1437 1237 1667 1290 Φοίνικες
1711 1238 1803 1301 μὲν
1848 1236 1944 1289 σὺν

279 1319 503 1385 Συρίοισι
541 1323 675 1371 τοῖσι
715 1321 769 1371 ἐν
808 1327 869 1391 τῇ
904 1321 1226 1391 Παλαιστίνῃ
1266 1321 1567 1386 τριηκοσίας,
1605 1322 1700 1372 ὧδε
1736 1321 1939 1373 ἐσκευα-

279 1402 471 1468 σμένοι·
526 1403 637 1470 περὶ
682 1406 774 1469 μὲν
817 1411 936 1476 τῇσι
981 1405 1233 1476 κεφαλῇσι
1278 1402 1451 1457 κυνέας
1496 1403 1636 1472 εἶχον
1679 1403 1941 1473 ἀγχοτάτω
1970 1422 2017 1463 ¹5

276 1487 610 1553 πεποιημένας
632 1488 819 1555 τρόπον
841 1487 928 1540 τὸν
949 1487 1267 1553 Ἑλληνικόν,
1294 1489 1605 1542 ἐνδεδυκότες
1635 1491 1690 1541 δὲ
1721 1489 1942 1556 θώρηκας

0 1557 67 1623 [m
273 1571 483 1631 λινέους,
526 1574 743 1627 ἀσπίδας
787 1575 840 1624 δὲ
884 1574 987 1641 {229
1028 1573 1113 1624 οὐκ
1159 1572 1375 1640 ἐχούσας
1421 1572 1559 1642 εἶχον
1600 1572 1680 1625 καὶ
1719 1573 1938 1625 ἀκόντια.

209 1678 234 1709 2
274 1656 409 1708 οὗτοι
432 1659 485 1709 δὲ
515 1659 562 1709 οἱ
585 1659 814 1711 Φοίνικες
835 1656 891 1709 τὸ
914 1656 1130 1710 παλαιὸν
1154 1659 1333 1716 οἴκεον,
1359 1657 1425 1711 ὦς
1449 1656 1585 1709 αὐτοὶ
1607 1655 1833 1725 λέγουσι,
1860 1657 1942 1711 ἐπὶ

274 1742 332 1812 τῇ
374 1740 585 1813 Ἐρυθρῇ
633 1740 885 1813 θαλάσσῃ,
931 1743 1156 1794 ἐνθεῦτεν
1197 1744 1249 1794 δὲ
1289 1740 1598 1808 ὑπερβάντες
1637 1745 1725 1807 τῆς
1752 1742 1942 1809 ’Συρίης

274 1824 494 1877 οἰκέουσι
517 1828 579 1877 τὰ
601 1828 733 1893 παρὰ
764 1825 1046 1878 θάλασσαν.
1113 1829 1200 1890 τῆς
1223 1829 1277 1879 δὲ
1300 1827 1478 1893 Συρίης
1501 1831 1647 1878 τοῦτο
1670 1830 1726 1878 τὸ
1755 1827 1941 1894 χωρίον
1967 1849 2018 1877 20

275 1911 353 1962 καὶ
377 1910 434 1962 τὸ
455 1909 603 1978 μέχρι
625 1911 876 1978 Αἰγύπτου
900 1914 998 1963 πᾶν
1020 1912 1337 1975 Παλαιστίνη
1366 1908 1610 1962 καλέεται.
1679 1910 1941 1978 Αἰγύπτιοι

206 2013 232 2056 3
273 1997 325 2046 δὲ
356 1994 471 2048 νέας
495 1996 794 2063 παρείχοντο
817 1996 1089 2060 διηκοσίας.
1158 1995 1292 2046 οὗτοι
1320 1998 1373 2047 δὲ
1407 1994 1544 2063 εἶχον
1568 1994 1679 2062 περὶ
1707 1997 1799 2060 μὲν
1822 1996 1941 2067 τῇσι

0 2072 177 2129 'eaGA-
274 2081 527 2151 κεφαλῇσι
575 2078 756 2146 κράνεα
801 2079 1038 2148 χηλευτά,
1090 2080 1305 2133 ἀσπίδας
1356 2082 1409 2131 δὲ
1462 2080 1649 2138 κοίλας,
1698 2081 1787 2133 τὰς
1836 2080 1939 2134 ἴτυς

0 2152 494 2230 κόἷκςῂῖαμεγάλας
525 2164 759 2231 ἐχούσας,
793 2164 872 2215 καὶ
902 2163 1198 2237 δόρατςιζ--τ-οε-Υ
1198 2164 1428 2231 ναύμαχα
1460 2163 1538 2215 καὶ
1568 2163 1748 2232 τύχους
1781 2157 2132 2234 nemi-W

270 2254 402 2301 λους.
491 2248 546 2299 τὸ
592 2250 644 2300 δὲ
681 2251 872 2313 πλῆθος
916 2247 1076 2300 αὐτῶν
1118 2248 1464 2315 θωρηκοφόροι
1503 2245 1648 2312 ἦσαν,
1691 2249 1938 2316 μαχαίρας
1965 2267 2012 2308 25

158 2347 233 2395 90
271 2333 324 2383 δὲ
363 2331 586 2399 μεγάλας
627 2333 781 2400 εἶχον.
869 2333 1003 2384 οὗτοι
1037 2335 1129 2398 μὲν
1166 2332 1291 2383 οὕτω
1331 2331 1599 2391 ἐστάλατο,
1635 2331 1844 2398 Κύπριοι
1883 2334 1937 2384 δὲ

272 2417 571 2485 παρείχοντο
601 2416 716 2471 νέας
746 2415 1053 2482 πεντήκοντα
1091 2417 1170 2468 καὶ
1207 2416 1400 2475 ἑκατόν,
1435 2415 1796 2481 ἐσκευασμένοι
1823 2417 1933 2469 ὧδε.

327 2569 351 2594 2
382 2564 499 2607 σφισι
522 2555 607 2594 PR
621 2555 660 2594 V
772 2554 969 2597 καταλέλ.
995 2553 1051 2594 A¹
1066 2554 1147 2594 SV
1256 2568 1281 2604 3
1312 2557 1408 2608 ὧρμ..
1431 2553 1464 2593 L
1523 2549 1529 2557 ¹
1575 2556 1616 2596 ἐς
1638 2554 1936 2595 Herwerden:

274 2611 338 2650 ἐπὶ
360 2610 394 2648 L
533 2625 557 2660 4
587 2608 800 2663 περιέπεσε
820 2609 860 2648 Α
874 2611 908 2648 Β
926 2611 959 2649 C
1097 2612 1124 2648 6
1153 2609 1272 2663 ὀρθῶς
1295 2609 1334 2647 R
1350 2609 1380 2648 S
1394 2609 1433 2648 V
1570 2611 1652 2658 8-9
1680 2611 1731 2651 ὡς
1754 2610 1935 2651 ἐκέλευε·

274 2664 558 2717 ἀπαγαγόντες
597 2667 633 2706 οἱ
671 2664 825 2706 οἰκέται
865 2667 907 2706 ἐς
936 2666 1012 2706 τὸν
1046 2668 1179 2716 χῶρον
1212 2667 1242 2705 ἐ.
1271 2681 1307 2704 τ.
1336 2681 1376 2704 π.
1405 2680 1441 2705 κ.
1466 2681 1504 2704 τ.
1542 2663 1749 2712 δεσπότην
1781 2663 1822 2702 Α
1842 2664 1877 2702 Β
1900 2664 1934 2702 C

272 2733 299 2769 9
342 2719 570 2771 ἀγαγόντες
604 2720 643 2758 R
660 2719 690 2758 S
703 2719 741 2758 V
907 2720 982 2761 σὺν
1017 2719 1051 2757 Ρ
1065 2719 1104 2757 R
1119 2719 1149 2758 S
1163 2719 1202 2757 V
1425 2731 1476 2757 10
1515 2718 1662 2770 γόνασι
1695 2717 1735 2756 Α
1749 2719 1784 2757 Β
1800 2718 1839 2757 R
1854 2719 1884 2758 S
1896 2718 1936 2757 V

275 2773 476 2821 ἀπέτεμον
497 2774 527 2812 S
542 2774 580 2812 V
749 2786 795 2823 17
828 2774 998 2815 ἀσπίδας
1018 2791 1066 2815 τε
1088 2773 1170 2812 SV
1348 2786 1403 2811 20
1430 2775 1480 2813 τὰ
1503 2773 1541 2810 R
1558 2772 1587 2810 S
1601 2772 1638 2810 V
1660 2772 1776 2812 Eust.
1806 2774 1931 2814 Dion.

273 2839 353 2877 905
373 2843 382 2867 :
410 2830 459 2869 τὸ
480 2828 569 2868 rell.
686 2841 738 2866 22
764 2832 872 2869 τοῖσι
896 2828 936 2866 R
1048 2840 1102 2877 23
1121 2828 1281 2868 πλεκτὰ
1299 2827 1485 2879 χηλευτά
1503 2826 1558 2864 Α1
1575 2826 1610 2864 Β
1722 2841 1773 2876 24
1793 2827 1934 2869 τόκους

272 2882 313 2976 ἓ
323 2881 361 2975 BP
374 2936 408 2975 C
424 2936 457 2975 P
538 2884 592 2921 26
621 2882 827 2924 ἐστάλατο
850 2882 1018 2922 Dobree
1034 2897 1042 2923 :
1076 2881 1333 2926 ἐσταλάδατο
1356 2880 1405 2921 Pl
1420 2882 1474 2933 (²)
1490 2881 1530 2919 R
1544 2881 1574 2920 S
1588 2881 1625 2920 V
1642 2894 1651 2918 :
1684 2881 1934 2923 ἐστελάδατυ

458 2940 474 2959 0
