2132 3340
88 128 174 186 VI.
205 128 275 199 92

939 135 1366 185 ΗΡΟΔΟΤΟΤ

312 267 426 324 τοὺς
455 268 631 322 αὐτοὺς
652 263 774 334 [οὓς]
799 267 880 332 καὶγ
901 267 1158 335 πρότερον,
1184 265 1455 335 Ἀργείους.
1531 266 1610 319 καὶ
1639 265 1698 333 δή
1723 274 1818 335 σφι
1842 267 1979 320 οὗτοι

313 356 405 420 μὲν
428 351 589 406 οὐκέτι
619 350 908 418 βοηθέουσι,
933 352 1247 418 μεμφόμενοι
1269 351 1346 404 ὅτι
1369 352 1622 419 Αἰγιναῖαι
1650 351 1758 423 νέες
1787 350 1978 425 ἀνάγκῃ

312 441 628 505 λαμφθεῖσαι
671 436 768 489 ὑπὸ
816 435 1128 513 Κλεομένεος
1174 436 1332 505 ἔσχον
1377 457 1432 490 τε
1478 438 1530 491 ἐς
1575 435 1667 501 τὴν
1709 435 1981 504 Ἀργολίδα

313 523 483 591 χώρην
514 523 593 574 καὶ
629 520 997 587 συναπέβησαν
1025 522 1481 587 Λακεδαιμονίοισι·
1527 519 1896 587 συναπέβησαν
1925 523 1980 574 δὲ

315 607 394 659 καὶ
439 607 537 658 ἀπὸ
581 604 889 658 Σικυωνιέων
929 609 1055 658 νεῶν
1095 604 1267 672 ἄνδρες
1309 613 1370 679 τῇ
1408 605 1530 680 αὐτῇ
1568 605 1720 678 ταύτῃ
1760 607 1978 680 ἐσβολῇ.
2002 624 2026 670 5

316 692 399 744 καί
453 698 551 758 σφι
607 690 690 744 ὑπἓ
743 689 984 758 Ἀργείων
1043 688 1301 756 ἐπεβλήθη
1364 691 1504 756 ζημίη
1555 691 1700 759 χίλια
1756 689 1980 744 τάλαντα

315 777 549 835 ἐκτεῖσαι,
590 775 895 828 πεντακόσια
935 773 1211 842 ἑκατέρους.
1300 775 1558 828 Σικυώνιοι
1592 774 1686 841 μέν
1724 795 1812 828 νυν
1852 793 1976 842 συγ-

313 861 519 928 γνόντες
554 861 788 924 ἀδικῆσαι
825 859 1159 927 ὡμολόγησαν
1196 858 1371 912 ἑκατὸν
1406 859 1628 912 τάλαντα
1665 860 1980 915 ἐκτείσαντες
2022 872 2024 875 ’

313 943 509 1011 ἀζήμιοι
553 945 695 1004 εἶναι,
739 945 1001 1011 Αἰγινῆται
1039 945 1093 996 δὲ
1134 944 1248 997 οὔτε
1288 945 1714 1011 συνεγινώσκοντο
1753 943 1887 1010 ἦσάν
1923 965 1980 997 τε

313 1027 682 1096 αὐθαδέστεροι.
771 1031 853 1081 διὰ
888 1028 947 1094 δὴ
979 1024 1067 1094 [ὧν
1103 1025 1218 1096 σφι]
1248 1033 1401 1080 ταῦτα
1435 1027 1720 1095 δεομένοισι
1753 1028 1852 1083 ἀπὸ
1885 1031 1979 1095 μὲν

312 1118 400 1165 τοῦ
434 1114 674 1179 δημοσίου
708 1112 866 1167 οὐδεὶς
894 1113 1136 1181 Ἀργείων
1170 1112 1244 1165 ἔτι
1281 1111 1507 1178 ἐβοήθεε,
1546 1113 1803 1166 ἐθελονταὶ
1838 1115 1892 1166 δὲ
1923 1115 1978 1168 ἐς

313 1198 524 1267 χιλίους·
570 1196 662 1265 ἥγε
701 1201 755 1251 δὲ
794 1197 971 1252 αὐτοὺς
1010 1196 1290 1265 στρατηγὸς
1328 1194 1471 1265 [ἀνὴρ
1504 1195 1542 1269 ᾧ
1575 1193 1780 1263 οὔνομα]
1817 1197 1974 1265 Εὐρυ-

249 1300 277 1346 3
313 1281 492 1348 βάτης,
541 1280 848 1335 πεντάεθλον
895 1281 1207 1348 ἐπαοΔςήσας.
1294 1282 1483 1335 τούτων
1532 1284 1580 1335 οἱ
1629 1285 1840 1335 πλεῦνες
1887 1280 1978 1334 οὐκ

0 1547 138 1608 *ιῶ’
164 1540 213 1574 ‘³‘

203 1629 274 1678 93

199 1964 272 2014 94

313 1367 670 1432 ἀπενόστησαν
712 1368 892 1427 ὀπίσω,
940 1366 1056 1419 ἀλλ’
1102 1366 1434 1432 ἐτελεύτησαν
1475 1366 1557 1419 ὑπ’
1600 1365 1879 1431 Ἀθηναίων
1922 1367 1977 1420 ἐν

313 1452 509 1523 Αἰγίνῃ·
577 1449 723 1504 αὐτὸς
773 1454 827 1504 δὲ
880 1453 907 1502 ὁ
959 1450 1258 1523 στρατηγὸς
1289 1450 1584 1518 Εὐρυβάτης
1633 1452 1976 1519 μουνομαχίην

313 1534 574 1603 ἐπαξκέων
608 1540 740 1603 τρεῖς
774 1538 867 1601 μὲν
902 1535 1083 1603 ἄνδρας
1118 1535 1284 1606 τρόπῳ
1319 1536 1523 1607 τοιούτῳ
1563 1536 1756 1594 κτείνει,
1790 1534 1886 1587 ὑπὸ
1919 1538 1974 1588 δὲ

311 1625 398 1672 τοῦ
433 1619 667 1688 τετάρτου
708 1621 978 1688 Σωφάνεος
1012 1624 1099 1671 τοῦ
1136 1618 1383 1674 Δεκελέος
1422 1621 1743 1693 ἀποθνῄσκει.
1831 1621 1970 1687 Αἰγι-

312 1708 456 1769 νῆται
507 1690 561 1757 δὲ
613 1706 752 1756 ἐοῦσι
801 1706 1058 1759 ἀτάκτοισι
1102 1703 1412 1769 Ἀθηναίοισι
1465 1705 1814 1771 συμβαλόντες
1855 1711 1974 1777 τῇσι

312 1790 458 1854 νηυσὶ
510 1790 750 1853 ἐνίκησαν
796 1791 880 1843 καί
928 1796 1105 1856 σφεων
1150 1787 1264 1843 νέας
1308 1788 1555 1858 τέσσερας
1599 1787 1795 1841 αὐτοῖσι
1840 1793 1975 1841 τοῖσι

312 1872 523 1940 ἀνδράσι
554 1873 708 1924 εἶλον.

395 1956 709 2022 Ἀθηναίοισι
740 1957 834 2022 μὲν
869 1954 928 2020 δὴ
965 1958 1184 2025 πόλεμος
1219 1960 1443 2023 συνῆπτο
1479 1957 1602 2024 πρὸς
1631 1955 1914 2025 Αἰγινήτας,
1948 1957 1975 2006 ὁ

287 2043 364 2104 ,δὲ
394 2040 598 2108 Πέρσης
627 2041 684 2093 τὸ
715 2043 898 2093 ἑωυτοῦ
929 2043 1110 2101 ἐποίεε,
1142 2041 1275 2094 ὥστε
1305 2041 1764 2107 ἀναμιμνήσκοντός
1792 2063 1848 2093 τε
1878 2040 1974 2093 αἰεὶ

309 2129 397 2176 τοῦ
435 2124 734 2192 θεράποντος
771 2127 1059 2192 μεμνῆσθαί
1092 2147 1178 2191 μιν
1216 2131 1316 2178 τῶν
1355 2126 1634 2190 Ἀθηναίων
1673 2127 1753 2178 καὶ
1793 2129 1969 2177 Πεισι-

311 2208 608 2276 στρατιδέων
652 2208 1077 2278 προσκατημένων
1117 2210 1196 2262 καὶ
1239 2210 1622 2276 διαβαλλόντων
1661 2209 1969 2274 Ἀθηναίους,

309 2291 410 2359 ἅμα
429 2296 483 2345 δὲ
504 2295 814 2359 βουλόμενος
833 2294 859 2343 ὁ
881 2298 1094 2361 Δαρεῖος
1115 2294 1294 2359 ταύτης
1317 2295 1556 2362 ἐχόμενος
1571 2296 1664 2358 τῆς
1686 2292 1971 2361 προφάσιος

310 2376 749 2445 καταστρέφεσθαι
783 2380 871 2441 τῆς
899 2377 1149 2432 Ἑλλάδος
1177 2377 1292 2432 τοὺς
1323 2377 1390 2443 μὴ
1422 2378 1597 2432 δόντας
1632 2377 1760 2447 αὐτῷ
1791 2381 1886 2444 γῆν
1915 2398 1971 2429 τε

2006 1047 2057 1077 10

2003 1473 2052 1516 15

2003 1889 2056 1918 20

1997 2314 2046 2356 25

309 2461 388 2513 καὶ
416 2463 563 2529 ὕδωρ.
637 2462 922 2529 Μαρδόνιον
950 2464 1043 2528 μὲν
1072 2461 1130 2526 δὴ
1156 2462 1392 2529 φλαύρως
1420 2458 1675 2529 πρήξαντα
1704 2466 1770 2532 τῷ
1802 2462 1970 2531 στόλῳ
2039 2473 2046 2479 ”

303 2546 551 2614 ,παραλύει
584 2548 674 2611 τῆς
711 2548 1029 2614 στρατηγίης,
1067 2545 1255 2601 ἄλλους
1294 2548 1349 2598 δὲ
1385 2544 1692 2614 στρατηγοὺς
1727 2542 1971 2608 ἀποδέξας

364 2697 383 2723 1
415 2685 532 2736 τοὺς]
553 2683 721 2726 τούτους
741 2684 782 2723 Α
796 2684 832 2723 Β
848 2684 881 2723 C
897 2684 931 2724 P
1068 2685 1135 2727 οὓς
1156 2697 1236 2725 om.
1263 2684 1303 2723 R
1318 2684 1401 2724 SV
1601 2696 1627 2722 2
1655 2685 1696 2725 αἱ
1714 2684 1805 2736 Αἰγ.
1831 2682 1871 2722 R
1886 2683 1916 2722 S
1929 2684 1969 2723 V

307 2743 398 2789 νῆες
418 2739 459 2778 Α
475 2740 509 2777 Β
526 2739 559 2778 C
636 2758 654 2760 ‘⁷
699 2739 869 2791 ἀνάγκαι
898 2739 932 2778 Ρ
1116 2752 1142 2789 3
1172 2748 1267 2781 λα4-
1282 2742 1442 2792 φθεῖσαι
1465 2738 1500 2778 Β
1637 2738 1835 2790 ἔσχοντες
1859 2741 1899 2779 ἐς
1926 2738 1966 2776 R

306 2806 332 2844 5
361 2799 512 2837 Σικυων
534 2793 591 2834 P:
622 2794 845 2837 Σικυωνίων
866 2795 952 2834 rell.
1097 2799 1194 2836 νεῶν
1214 2807 1297 2835 om.
1321 2794 1351 2832 S
1542 2794 1571 2831 6
1600 2793 1810 2842 ὑπεβλήθη
1831 2792 1869 2830 R
1886 2791 1968 2831 SV

306 2862 329 2897 7
362 2851 491 2890 ἐκτισ.
516 2848 550 2886 L
572 2849 637 2900 (it.
659 2849 705 2899 8)
866 2849 1026 2903 ἑτέρους
1047 2848 1183 2888 RSV
1427 2861 1478 2887 10
1505 2848 1560 2889 ὧν
1580 2855 1652 2899 σφι
1674 2859 1756 2886 om.
1780 2846 1867 2885 PR
1881 2846 1913 2885 S
1928 2846 1967 2885 V

310 2916 327 2941 1
340 2916 356 2941 1
389 2904 573 2943 θελονταὶ
598 2901 634 2940 R
650 2902 681 2941 S
693 2901 732 2941 V
789 2927 791 2929 -
845 2916 894 2942 12
923 2905 1021 2957 ἀνὴρ
1041 2901 1071 2956 ᾧ
1093 2906 1239 2955 οὕνομα
1257 2917 1338 2943 om.
1359 2903 1393 2942 P
1406 2902 1445 2941 R
1461 2902 1491 2941 S
1504 2903 1544 2941 V
1671 2913 1719 2954 33
1739 2900 1966 2942 πένταθλον

302 2957 347 2994 R
365 2957 446 2995 SV
614 2959 662 2996 16
692 2962 829 2999 τοιῶδε
852 2958 891 3000 R
911 2958 992 2996 SV
1159 2960 1207 2997 18
1235 2962 1344 2999 τοῖσι
1364 2960 1445 2999 Ἀθ.
1471 2956 1510 2995 Α
1526 2957 1560 2996 Β
1574 2956 1608 2995 C
1778 2968 1828 3006 19
1855 2959 1964 2997 τοῖσι

307 3010 600 3051 om.PRSV
677 3039 681 3042 -
759 3025 817 3051 <22
847 3012 1014 3054 ἀεὶΑΒ
1404 3054 1408 3057 ,
1585 3044 1587 3046 .
1942 3020 1945 3022 ’
