<?xml version="1.0" encoding="UTF-8"?>
<!DOCTYPE html PUBLIC "-//W3C//DTD XHTML 1.0 Transitional//EN"
    "http://www.w3.org/TR/xhtml1/DTD/xhtml1-transitional.dtd">
<html xmlns="http://www.w3.org/1999/xhtml" xml:lang="en" lang="en">
 <head>
  <title>
</title>
<meta http-equiv="Content-Type" content="text/html;charset=utf-8" />
  <meta name='ocr-system' content='tesseract 3.04.00' />
  <meta name='ocr-capabilities' content='ocr_page ocr_carea ocr_par ocr_line ocrx_word'/>
</head>
<body>
  <div class='ocr_page' id='page_1' title='image "./herodotihistoria02herouoft_0341.png"; bbox 0 0 2132 3340; ppageno 0'>
   <div class='ocr_carea' id='block_1_1' title="bbox 719 108 1991 181">
    <p class='ocr_par' dir='ltr' id='par_1_1' title="bbox 719 108 1991 181">
     <span class='ocr_line' id='line_1_1' title="bbox 719 108 1991 181; baseline -0.001 -14"><span class='ocrx_word' id='word_1_1' title='bbox 719 117 1097 167; x_wconf 85' lang='grc' dir='ltr'>ΙΣΤΟΡΙΩΝ</span> <span class='ocrx_word' id='word_1_2' title='bbox 1145 108 1179 166; x_wconf 77' lang='grc' dir='ltr'>Ῐ</span> <span class='ocrx_word' id='word_1_3' title='bbox 1827 114 1912 166; x_wconf 85' lang='lat' dir='ltr'>lx.</span> <span class='ocrx_word' id='word_1_4' title='bbox 1937 127 1991 181; x_wconf 79' lang='lat'>13</span> 
     </span>
    </p>
   </div>
   <div class='ocr_carea' id='block_1_2' title="bbox 0 245 1874 2514">
    <p class='ocr_par' dir='ltr' id='par_1_2' title="bbox 113 245 1846 572">
     <span class='ocr_line' id='line_1_2' title="bbox 113 245 1786 316; baseline -0.001 -13"><span class='ocrx_word' id='word_1_5' title='bbox 113 249 408 316; x_wconf 88' lang='grc' dir='ltr'>Ἀθηναίων,</span> <span class='ocrx_word' id='word_1_6' title='bbox 455 247 622 300; x_wconf 81' lang='grc' dir='ltr'>ὁκοῖόν</span> <span class='ocrx_word' id='word_1_7' title='bbox 672 268 721 300; x_wconf 90' lang='grc' dir='ltr'>τι</span> <span class='ocrx_word' id='word_1_8' title='bbox 770 245 1056 312; x_wconf 87' lang='grc' dir='ltr'>ποιήσουσι,</span> <span class='ocrx_word' id='word_1_9' title='bbox 1104 247 1184 300; x_wconf 86' lang='grc' dir='ltr'>καὶ</span> <span class='ocrx_word' id='word_1_10' title='bbox 1226 248 1339 301; x_wconf 78' lang='grc' dir='ltr'>οὔτε</span> <span class='ocrx_word' id='word_1_11' title='bbox 1386 245 1627 312; x_wconf 81' lang='grc' dir='ltr'>ἐπήμαινε</span> <span class='ocrx_word' id='word_1_12' title='bbox 1670 247 1786 301; x_wconf 82' lang='grc' dir='ltr'>οὔτε</span> 
     </span>
     <span class='ocr_line' id='line_1_3' title="bbox 115 326 1783 401; baseline -0.002 -14"><span class='ocrx_word' id='word_1_13' title='bbox 115 335 310 388; x_wconf 80' lang='grc' dir='ltr'>ἐσίνετο</span> <span class='ocrx_word' id='word_1_14' title='bbox 342 336 437 401; x_wconf 83' lang='grc' dir='ltr'>γῆν</span> <span class='ocrx_word' id='word_1_15' title='bbox 466 331 556 398; x_wconf 80' lang='grc' dir='ltr'>τὴν</span> <span class='ocrx_word' id='word_1_16' title='bbox 586 331 834 398; x_wconf 88' lang='grc' dir='ltr'>Ἀττικήν,</span> <span class='ocrx_word' id='word_1_17' title='bbox 867 333 1083 396; x_wconf 77' lang='grc' dir='ltr'>ἐλπίζων</span> <span class='ocrx_word' id='word_1_18' title='bbox 1118 333 1199 384; x_wconf 81' lang='grc' dir='ltr'>διὰ</span> <span class='ocrx_word' id='word_1_19' title='bbox 1234 331 1420 386; x_wconf 87' lang='grc' dir='ltr'>παντὸς</span> <span class='ocrx_word' id='word_1_20' title='bbox 1450 329 1553 399; x_wconf 83' lang='grc' dir='ltr'>[τοῦ</span> <span class='ocrx_word' id='word_1_21' title='bbox 1581 326 1783 400; x_wconf 88' lang='grc' dir='ltr'>χρόνου]</span> 
     </span>
     <span class='ocr_line' id='line_1_4' title="bbox 115 416 1846 486; baseline -0.004 -15"><span class='ocrx_word' id='word_1_22' title='bbox 115 416 450 486; x_wconf 84' lang='grc' dir='ltr'>ὁμολογήσειν</span> <span class='ocrx_word' id='word_1_23' title='bbox 492 416 672 485; x_wconf 89' lang='grc' dir='ltr'>σφέας·</span> <span class='ocrx_word' id='word_1_24' title='bbox 719 417 826 470; x_wconf 87' lang='grc' dir='ltr'>ἐπεὶ</span> <span class='ocrx_word' id='word_1_25' title='bbox 867 418 920 469; x_wconf 81' lang='grc' dir='ltr'>δὲ</span> <span class='ocrx_word' id='word_1_26' title='bbox 961 416 1047 468; x_wconf 81' lang='grc' dir='ltr'>οὐκ</span> <span class='ocrx_word' id='word_1_27' title='bbox 1089 417 1271 476; x_wconf 86' lang='grc' dir='ltr'>ἔπειθε,</span> <span class='ocrx_word' id='word_1_28' title='bbox 1305 417 1580 482; x_wconf 90' lang='grc' dir='ltr'>πυθόμενος</span> <span class='ocrx_word' id='word_1_29' title='bbox 1621 416 1783 469; x_wconf 91' lang='grc' dir='ltr'>πάντα</span> <span class='ocrx_word' id='word_1_30' title='bbox 1821 432 1846 464; x_wconf 89' lang='lat'><strong>2</strong></span> 
     </span>
     <span class='ocr_line' id='line_1_5' title="bbox 113 497 1780 572; baseline -0.001 -17"><span class='ocrx_word' id='word_1_31' title='bbox 113 504 286 572; x_wconf 91' lang='grc' dir='ltr'>λόγον,</span> <span class='ocrx_word' id='word_1_32' title='bbox 308 503 423 570; x_wconf 91' lang='grc' dir='ltr'>πρὶν</span> <span class='ocrx_word' id='word_1_33' title='bbox 446 497 476 566; x_wconf 85' lang='grc' dir='ltr'>ἢ</span> <span class='ocrx_word' id='word_1_34' title='bbox 500 501 611 556; x_wconf 87' lang='grc' dir='ltr'>τοὺς</span> <span class='ocrx_word' id='word_1_35' title='bbox 633 503 757 567; x_wconf 81' lang='grc' dir='ltr'>μετὰ</span> <span class='ocrx_word' id='word_1_36' title='bbox 781 501 1082 553; x_wconf 87' lang='grc' dir='ltr'>Παυσανίεω</span> <span class='ocrx_word' id='word_1_37' title='bbox 1107 503 1158 556; x_wconf 91' lang='grc' dir='ltr'>ἐς</span> <span class='ocrx_word' id='word_1_38' title='bbox 1181 500 1268 553; x_wconf 88' lang='grc' dir='ltr'>τὸν</span> <span class='ocrx_word' id='word_1_39' title='bbox 1288 500 1493 566; x_wconf 87' lang='grc' dir='ltr'>Ἰσθμὸν</span> <span class='ocrx_word' id='word_1_40' title='bbox 1517 503 1780 567; x_wconf 81' lang='grc' dir='ltr'>ἐσβαλεῖν,</span> 
     </span>
    </p>

    <p class='ocr_par' dir='ltr' id='par_1_3' title="bbox 66 584 1845 991">
     <span class='ocr_line' id='line_1_6' title="bbox 66 584 1783 656; baseline -0.002 -15"><span class='ocrx_word' id='word_1_41' title='bbox 66 609 89 650; x_wconf 82' lang='grc'>5</span> <span class='ocrx_word' id='word_1_42' title='bbox 112 586 421 656; x_wconf 82' lang='grc' dir='ltr'>ὑπεξεχώρεε</span> <span class='ocrx_word' id='word_1_43' title='bbox 452 584 710 655; x_wconf 88' lang='grc' dir='ltr'>ἐμπρήσας</span> <span class='ocrx_word' id='word_1_44' title='bbox 745 607 800 638; x_wconf 89' lang='grc' dir='ltr'>τε</span> <span class='ocrx_word' id='word_1_45' title='bbox 834 587 923 639; x_wconf 77' lang='grc' dir='ltr'>τὰς</span> <span class='ocrx_word' id='word_1_46' title='bbox 952 584 1185 650; x_wconf 88' lang='grc' dir='ltr'>Ἀθήνας,</span> <span class='ocrx_word' id='word_1_47' title='bbox 1220 585 1300 637; x_wconf 85' lang='grc' dir='ltr'>καὶ</span> <span class='ocrx_word' id='word_1_48' title='bbox 1340 587 1388 638; x_wconf 84' lang='grc' dir='ltr'>εἴ</span> <span class='ocrx_word' id='word_1_49' title='bbox 1425 585 1514 637; x_wconf 86' lang='grc' dir='ltr'>κού</span> <span class='ocrx_word' id='word_1_50' title='bbox 1547 607 1595 638; x_wconf 89' lang='grc' dir='ltr'>τι</span> <span class='ocrx_word' id='word_1_51' title='bbox 1635 585 1783 654; x_wconf 89' lang='grc' dir='ltr'>ὀρθὸν</span> 
     </span>
     <span class='ocr_line' id='line_1_7' title="bbox 113 666 1778 740; baseline -0.001 -16"><span class='ocrx_word' id='word_1_52' title='bbox 113 672 174 738; x_wconf 84' lang='grc' dir='ltr'>ἣν</span> <span class='ocrx_word' id='word_1_53' title='bbox 202 676 300 724; x_wconf 84' lang='grc' dir='ltr'>τῶν</span> <span class='ocrx_word' id='word_1_54' title='bbox 331 670 540 740; x_wconf 83' lang='grc' dir='ltr'>τειχέων</span> <span class='ocrx_word' id='word_1_55' title='bbox 569 666 600 735; x_wconf 87' lang='grc' dir='ltr'>ἢ</span> <span class='ocrx_word' id='word_1_56' title='bbox 630 675 730 722; x_wconf 83' lang='grc' dir='ltr'>τῶν</span> <span class='ocrx_word' id='word_1_57' title='bbox 766 668 1046 736; x_wconf 81' lang='grc' dir='ltr'>οἰκημάτων</span> <span class='ocrx_word' id='word_1_58' title='bbox 1076 666 1106 734; x_wconf 89' lang='grc' dir='ltr'>ἢ</span> <span class='ocrx_word' id='word_1_59' title='bbox 1138 674 1236 722; x_wconf 84' lang='grc' dir='ltr'>τῶν</span> <span class='ocrx_word' id='word_1_60' title='bbox 1275 672 1406 736; x_wconf 82' lang='grc' dir='ltr'>ἱρῶν,</span> <span class='ocrx_word' id='word_1_61' title='bbox 1440 669 1602 722; x_wconf 88' lang='grc' dir='ltr'>πάντα</span> <span class='ocrx_word' id='word_1_62' title='bbox 1633 691 1778 722; x_wconf 90' lang='grc' dir='ltr'>κατα-</span> 
     </span>
     <span class='ocr_line' id='line_1_8' title="bbox 111 753 1845 824; baseline -0.001 -16"><span class='ocrx_word' id='word_1_63' title='bbox 111 756 290 824; x_wconf 85' lang='grc' dir='ltr'>βαλὼν</span> <span class='ocrx_word' id='word_1_64' title='bbox 323 756 401 808; x_wconf 90' lang='grc' dir='ltr'>καὶ</span> <span class='ocrx_word' id='word_1_65' title='bbox 433 755 720 824; x_wconf 83' lang='grc' dir='ltr'>συγχώσας.</span> <span class='ocrx_word' id='word_1_66' title='bbox 797 753 1039 820; x_wconf 85' lang='grc' dir='ltr'>ἐξήλαυνε</span> <span class='ocrx_word' id='word_1_67' title='bbox 1068 757 1121 807; x_wconf 79' lang='grc' dir='ltr'>δὲ</span> <span class='ocrx_word' id='word_1_68' title='bbox 1151 759 1304 807; x_wconf 84' lang='grc' dir='ltr'>τῶνδε</span> <span class='ocrx_word' id='word_1_69' title='bbox 1336 755 1537 814; x_wconf 80' lang='grc' dir='ltr'>εἵνεκεν,</span> <span class='ocrx_word' id='word_1_70' title='bbox 1563 756 1640 807; x_wconf 87' lang='grc' dir='ltr'>ὅτι</span> <span class='ocrx_word' id='word_1_71' title='bbox 1669 755 1781 807; x_wconf 79' lang='grc' dir='ltr'>οὔτε</span> <span class='ocrx_word' id='word_1_72' title='bbox 1820 776 1845 820; x_wconf 84' lang='lat'>3</span> 
     </span>
     <span class='ocr_line' id='line_1_9' title="bbox 113 837 1778 913; baseline -0.002 -19"><span class='ocrx_word' id='word_1_73' title='bbox 113 841 364 913; x_wconf 77' lang='grc' dir='ltr'>ἱππασίμη</span> <span class='ocrx_word' id='word_1_74' title='bbox 402 840 432 906; x_wconf 85' lang='grc' dir='ltr'>ἡ</span> <span class='ocrx_word' id='word_1_75' title='bbox 473 840 610 908; x_wconf 88' lang='grc' dir='ltr'>χώρη</span> <span class='ocrx_word' id='word_1_76' title='bbox 647 838 707 904; x_wconf 80' lang='grc' dir='ltr'>ἣν</span> <span class='ocrx_word' id='word_1_77' title='bbox 746 839 776 905; x_wconf 85' lang='grc' dir='ltr'>ἡ</span> <span class='ocrx_word' id='word_1_78' title='bbox 814 837 1031 904; x_wconf 87' lang='grc' dir='ltr'>Ἀττική,</span> <span class='ocrx_word' id='word_1_79' title='bbox 1080 841 1127 892; x_wconf 88' lang='grc' dir='ltr'>εἵ</span> <span class='ocrx_word' id='word_1_80' title='bbox 1167 860 1221 891; x_wconf 90' lang='grc' dir='ltr'>τε</span> <span class='ocrx_word' id='word_1_81' title='bbox 1265 840 1436 909; x_wconf 77' lang='grc' dir='ltr'>νικῷτο</span> <span class='ocrx_word' id='word_1_82' title='bbox 1481 840 1778 905; x_wconf 89' lang='grc' dir='ltr'>συμβαλών,</span> 
     </span>
     <span class='ocr_line' id='line_1_10' title="bbox 113 922 1781 1026; baseline -0.001 -47"><span class='ocrx_word' id='word_1_83' title='bbox 113 923 396 990; x_wconf 79' lang='grc' dir='ltr'>ἀπάλλαξις</span> <span class='ocrx_word' id='word_1_84' title='bbox 430 925 518 976; x_wconf 86' lang='grc' dir='ltr'>οὐκ</span> <span class='ocrx_word' id='word_1_85' title='bbox 558 923 618 988; x_wconf 82' lang='grc' dir='ltr'>ἧν</span> <span class='ocrx_word' id='word_1_86' title='bbox 654 925 730 976; x_wconf 85' lang='grc' dir='ltr'>ὅτι</span> <span class='ocrx_word' id='word_1_87' title='bbox 761 922 827 989; x_wconf 82' lang='grc' dir='ltr'>μὴ</span> <span class='ocrx_word' id='word_1_88' title='bbox 874 925 998 976; x_wconf 82' lang='grc' dir='ltr'>κατὰ</span> <span class='ocrx_word' id='word_1_89' title='bbox 1038 924 1253 982; x_wconf 85' lang='grc' dir='ltr'>στεινόν,</span> <span class='ocrx_word' id='word_1_90' title='bbox 1287 924 1419 976; x_wconf 84' lang='grc' dir='ltr'>ὥστε</span> <span class='ocrx_word' id='word_1_91' title='bbox 1460 924 1539 975; x_wconf 87' lang='grc' dir='ltr'>καὶ</span> <span class='ocrx_word' id='word_1_92' title='bbox 1580 925 1781 1026; x_wconf 86' lang='grc' dir='ltr'>ὀλίγους</span> 
     </span>
    </p>

    <p class='ocr_par' dir='ltr' id='par_1_4' title="bbox 0 990 1874 1415">
     <span class='ocr_line' id='line_1_11' title="bbox 0 990 1782 1078; baseline 0.001 -16"><span class='ocrx_word' id='word_1_93' title='bbox 0 990 7 1073; x_wconf 50' lang='lat'>³,</span> <span class='ocrx_word' id='word_1_94' title='bbox 41 1034 91 1062; x_wconf 77' lang='lat'>10</span> <span class='ocrx_word' id='word_1_95' title='bbox 114 1009 278 1078; x_wconf 85' lang='grc' dir='ltr'>σφέας</span> <span class='ocrx_word' id='word_1_96' title='bbox 323 1009 611 1076; x_wconf 81' lang='grc' dir='ltr'>ἀνθρώπους</span> <span class='ocrx_word' id='word_1_97' title='bbox 647 1009 832 1077; x_wconf 82' lang='grc' dir='ltr'>ἴσχειν.</span> <span class='ocrx_word' id='word_1_98' title='bbox 921 1007 1223 1074; x_wconf 76' lang='grc' dir='ltr'>ἐβουλεύετο</span> <span class='ocrx_word' id='word_1_99' title='bbox 1268 1005 1336 1060; x_wconf 89' lang='grc' dir='ltr'>ὠν</span> <span class='ocrx_word' id='word_1_100' title='bbox 1381 1007 1782 1076; x_wconf 90' lang='grc' dir='ltr'>ἐπαναχωρήσας</span> 
     </span>
     <span class='ocr_line' id='line_1_12' title="bbox 116 1088 1781 1165; baseline -0.002 -18"><span class='ocrx_word' id='word_1_101' title='bbox 116 1096 170 1150; x_wconf 88' lang='grc' dir='ltr'>ἐς</span> <span class='ocrx_word' id='word_1_102' title='bbox 198 1096 288 1147; x_wconf 82' lang='grc' dir='ltr'>τὰς</span> <span class='ocrx_word' id='word_1_103' title='bbox 318 1091 502 1160; x_wconf 88' lang='grc' dir='ltr'>Θήβας</span> <span class='ocrx_word' id='word_1_104' title='bbox 535 1096 819 1159; x_wconf 83' lang='grc' dir='ltr'>συμβαλεῖν</span> <span class='ocrx_word' id='word_1_105' title='bbox 850 1092 971 1160; x_wconf 88' lang='grc' dir='ltr'>πρὸς</span> <span class='ocrx_word' id='word_1_106' title='bbox 1003 1093 1122 1145; x_wconf 91' lang='grc' dir='ltr'>πόλι</span> <span class='ocrx_word' id='word_1_107' title='bbox 1151 1113 1206 1144; x_wconf 90' lang='grc' dir='ltr'>τε</span> <span class='ocrx_word' id='word_1_108' title='bbox 1238 1093 1384 1164; x_wconf 88' lang='grc' dir='ltr'>φιλίῃ</span> <span class='ocrx_word' id='word_1_109' title='bbox 1415 1092 1495 1144; x_wconf 89' lang='grc' dir='ltr'>καὶ</span> <span class='ocrx_word' id='word_1_110' title='bbox 1519 1088 1619 1160; x_wconf 75' lang='grc' dir='ltr'>(ἐν)</span> <span class='ocrx_word' id='word_1_111' title='bbox 1641 1093 1781 1165; x_wconf 88' lang='grc' dir='ltr'>χώρῃ</span> 
     </span>
     <span class='ocr_line' id='line_1_13' title="bbox 113 1175 1874 1249; baseline -0.002 -16"><span class='ocrx_word' id='word_1_112' title='bbox 113 1179 390 1249; x_wconf 78' lang='grc' dir='ltr'>ἱππασίμω.</span> <span class='ocrx_word' id='word_1_113' title='bbox 477 1177 760 1245; x_wconf 90' lang='grc' dir='ltr'>Μαρδόνιος</span> <span class='ocrx_word' id='word_1_114' title='bbox 804 1198 895 1243; x_wconf 89' lang='grc' dir='ltr'>μεν</span> <span class='ocrx_word' id='word_1_115' title='bbox 938 1176 996 1241; x_wconf 81' lang='grc' dir='ltr'>δὴ</span> <span class='ocrx_word' id='word_1_116' title='bbox 1037 1175 1363 1245; x_wconf 82' lang='grc' dir='ltr'>ὑπεξεχώρεε,</span> <span class='ocrx_word' id='word_1_117' title='bbox 1396 1176 1488 1242; x_wconf 88' lang='grc' dir='ltr'>ἤδη</span> <span class='ocrx_word' id='word_1_118' title='bbox 1531 1180 1585 1230; x_wconf 92' lang='grc' dir='ltr'>δε</span> <span class='ocrx_word' id='word_1_119' title='bbox 1626 1177 1681 1230; x_wconf 87' lang='grc' dir='ltr'>ἐν</span> <span class='ocrx_word' id='word_1_120' title='bbox 1721 1178 1780 1249; x_wconf 82' lang='grc' dir='ltr'>τῇ</span> <span class='ocrx_word' id='word_1_121' title='bbox 1819 1199 1874 1247; x_wconf 93' lang='lat'>14</span> 
     </span>
     <span class='ocr_line' id='line_1_14' title="bbox 111 1260 1782 1334; baseline 0 -20"><span class='ocrx_word' id='word_1_122' title='bbox 111 1264 206 1333; x_wconf 79' lang='grc' dir='ltr'>ὁδῷ</span> <span class='ocrx_word' id='word_1_123' title='bbox 253 1263 385 1316; x_wconf 84' lang='grc' dir='ltr'>ἐόντι</span> <span class='ocrx_word' id='word_1_124' title='bbox 428 1261 557 1334; x_wconf 78' lang='grc' dir='ltr'>αὐτῷ</span> <span class='ocrx_word' id='word_1_125' title='bbox 598 1260 722 1327; x_wconf 83' lang='grc' dir='ltr'>ἦλθε</span> <span class='ocrx_word' id='word_1_126' title='bbox 766 1262 977 1331; x_wconf 85' lang='grc' dir='ltr'>ἀγγελίη</span> <span class='ocrx_word' id='word_1_127' title='bbox 1023 1262 1300 1329; x_wconf 86' lang='grc' dir='ltr'>πρόδρομον</span> <span class='ocrx_word' id='word_1_128' title='bbox 1340 1260 1505 1326; x_wconf 82' lang='grc' dir='ltr'>ἄλλην</span> <span class='ocrx_word' id='word_1_129' title='bbox 1544 1283 1782 1329; x_wconf 87' lang='grc' dir='ltr'>στρατιην</span> 
     </span>
     <span class='ocr_line' id='line_1_15' title="bbox 109 1345 1782 1415; baseline -0.001 -16"><span class='ocrx_word' id='word_1_130' title='bbox 109 1348 247 1414; x_wconf 86' lang='grc' dir='ltr'>ἥκειν</span> <span class='ocrx_word' id='word_1_131' title='bbox 291 1348 342 1401; x_wconf 85' lang='grc' dir='ltr'>ἐς</span> <span class='ocrx_word' id='word_1_132' title='bbox 390 1345 616 1415; x_wconf 89' lang='grc' dir='ltr'>Μέγαρα,</span> <span class='ocrx_word' id='word_1_133' title='bbox 665 1347 1066 1412; x_wconf 88' lang='grc' dir='ltr'>Λακεδαιμονίων</span> <span class='ocrx_word' id='word_1_134' title='bbox 1110 1347 1320 1415; x_wconf 88' lang='grc' dir='ltr'>χιλίους.</span> <span class='ocrx_word' id='word_1_135' title='bbox 1408 1347 1684 1413; x_wconf 91' lang='grc' dir='ltr'>πυθόμενος</span> <span class='ocrx_word' id='word_1_136' title='bbox 1728 1349 1782 1399; x_wconf 83' lang='grc' dir='ltr'>δὲ</span> 
     </span>
    </p>

    <p class='ocr_par' dir='ltr' id='par_1_5' title="bbox 41 1429 1872 1840">
     <span class='ocr_line' id='line_1_16' title="bbox 41 1429 1780 1498; baseline 0.001 -16"><span class='ocrx_word' id='word_1_137' title='bbox 41 1453 85 1495; x_wconf 83' lang='lat'>15</span> <span class='ocrx_word' id='word_1_138' title='bbox 111 1436 263 1485; x_wconf 77' lang='grc' dir='ltr'>ταῦτα</span> <span class='ocrx_word' id='word_1_139' title='bbox 294 1431 611 1498; x_wconf 82' lang='grc' dir='ltr'>ἐβουλεύετο,</span> <span class='ocrx_word' id='word_1_140' title='bbox 639 1429 802 1483; x_wconf 83' lang='grc' dir='ltr'>θέλων</span> <span class='ocrx_word' id='word_1_141' title='bbox 827 1432 995 1485; x_wconf 86' lang='grc' dir='ltr'>εἵ·κως</span> <span class='ocrx_word' id='word_1_142' title='bbox 1017 1431 1218 1485; x_wconf 88' lang='grc' dir='ltr'>τούτους</span> <span class='ocrx_word' id='word_1_143' title='bbox 1241 1436 1438 1498; x_wconf 81' lang='grc' dir='ltr'>πρῶτον</span> <span class='ocrx_word' id='word_1_144' title='bbox 1463 1431 1586 1484; x_wconf 82' lang='grc' dir='ltr'>ἕλοι.</span> <span class='ocrx_word' id='word_1_145' title='bbox 1658 1432 1780 1483; x_wconf 89' lang='grc' dir='ltr'>ὑπο-</span> 
     </span>
     <span class='ocr_line' id='line_1_17' title="bbox 110 1513 1783 1584; baseline 0.001 -16"><span class='ocrx_word' id='word_1_146' title='bbox 110 1515 335 1584; x_wconf 80' lang='grc' dir='ltr'>στρέψας</span> <span class='ocrx_word' id='word_1_147' title='bbox 366 1518 420 1568; x_wconf 82' lang='grc' dir='ltr'>δὲ</span> <span class='ocrx_word' id='word_1_148' title='bbox 455 1515 545 1581; x_wconf 76' lang='grc' dir='ltr'>τὴν</span> <span class='ocrx_word' id='word_1_149' title='bbox 583 1514 821 1584; x_wconf 81' lang='grc' dir='ltr'>στρατιὴν</span> <span class='ocrx_word' id='word_1_150' title='bbox 857 1513 949 1582; x_wconf 83' lang='grc' dir='ltr'>ἦγε</span> <span class='ocrx_word' id='word_1_151' title='bbox 982 1515 1063 1568; x_wconf 87' lang='grc' dir='ltr'>ἐπὶ</span> <span class='ocrx_word' id='word_1_152' title='bbox 1102 1517 1163 1567; x_wconf 80' lang='grc' dir='ltr'>τὰ</span> <span class='ocrx_word' id='word_1_153' title='bbox 1200 1515 1428 1584; x_wconf 88' lang='grc' dir='ltr'>Μέγαρα·</span> <span class='ocrx_word' id='word_1_154' title='bbox 1474 1516 1504 1581; x_wconf 87' lang='grc' dir='ltr'>ἡ</span> <span class='ocrx_word' id='word_1_155' title='bbox 1541 1518 1595 1568; x_wconf 82' lang='grc' dir='ltr'>δὲ</span> <span class='ocrx_word' id='word_1_156' title='bbox 1631 1516 1783 1571; x_wconf 82' lang='grc' dir='ltr'>ἵππος</span> 
     </span>
     <span class='ocr_line' id='line_1_18' title="bbox 111 1598 1780 1669; baseline -0.002 -14"><span class='ocrx_word' id='word_1_157' title='bbox 111 1604 430 1669; x_wconf 84' lang='grc' dir='ltr'>προελθοῦσα</span> <span class='ocrx_word' id='word_1_158' title='bbox 463 1599 811 1654; x_wconf 87' lang='grc' dir='ltr'>κατιππάσατο</span> <span class='ocrx_word' id='word_1_159' title='bbox 841 1599 1011 1668; x_wconf 87' lang='grc' dir='ltr'>χώρην</span> <span class='ocrx_word' id='word_1_160' title='bbox 1041 1598 1132 1664; x_wconf 78' lang='grc' dir='ltr'>τὴν</span> <span class='ocrx_word' id='word_1_161' title='bbox 1164 1602 1440 1668; x_wconf 88' lang='grc' dir='ltr'>Μεγαρίδα.</span> <span class='ocrx_word' id='word_1_162' title='bbox 1518 1603 1568 1655; x_wconf 91' lang='grc' dir='ltr'>ἐς</span> <span class='ocrx_word' id='word_1_163' title='bbox 1597 1602 1780 1666; x_wconf 86' lang='grc' dir='ltr'>ταύτην</span> 
     </span>
     <span class='ocr_line' id='line_1_19' title="bbox 113 1683 1779 1753; baseline -0.001 -16"><span class='ocrx_word' id='word_1_164' title='bbox 113 1685 171 1751; x_wconf 85' lang='grc' dir='ltr'>δὴ</span> <span class='ocrx_word' id='word_1_165' title='bbox 200 1684 456 1738; x_wconf 84' lang='grc' dir='ltr'>ἑκαστάτω</span> <span class='ocrx_word' id='word_1_166' title='bbox 480 1687 569 1750; x_wconf 87' lang='grc' dir='ltr'>τῆς</span> <span class='ocrx_word' id='word_1_167' title='bbox 590 1684 831 1752; x_wconf 84' lang='grc' dir='ltr'>Εὐρώπης</span> <span class='ocrx_word' id='word_1_168' title='bbox 854 1683 911 1736; x_wconf 87' lang='grc' dir='ltr'>τὸ</span> <span class='ocrx_word' id='word_1_169' title='bbox 935 1684 1057 1751; x_wconf 87' lang='grc' dir='ltr'>πρὸς</span> <span class='ocrx_word' id='word_1_170' title='bbox 1080 1684 1225 1750; x_wconf 87' lang='grc' dir='ltr'>ἡλίου</span> <span class='ocrx_word' id='word_1_171' title='bbox 1248 1684 1526 1750; x_wconf 87' lang='grc' dir='ltr'>δύνοντοςὴ</span> <span class='ocrx_word' id='word_1_172' title='bbox 1551 1685 1779 1753; x_wconf 77' lang='grc' dir='ltr'>Περσικὴ</span> 
     </span>
     <span class='ocr_line' id='line_1_20' title="bbox 111 1768 1872 1840; baseline -0.002 -18"><span class='ocrx_word' id='word_1_173' title='bbox 111 1771 231 1835; x_wconf 82' lang='grc' dir='ltr'>αὕτη</span> <span class='ocrx_word' id='word_1_174' title='bbox 285 1769 491 1837; x_wconf 79' lang='grc' dir='ltr'>στρατιὴ</span> <span class='ocrx_word' id='word_1_175' title='bbox 544 1770 761 1822; x_wconf 89' lang='grc' dir='ltr'>ἀπίκετο.</span> <span class='ocrx_word' id='word_1_176' title='bbox 851 1771 977 1835; x_wconf 81' lang='grc' dir='ltr'>μετὰ</span> <span class='ocrx_word' id='word_1_177' title='bbox 1029 1772 1082 1822; x_wconf 83' lang='grc' dir='ltr'>δὲ</span> <span class='ocrx_word' id='word_1_178' title='bbox 1132 1774 1286 1821; x_wconf 78' lang='grc' dir='ltr'>ταῦτα</span> <span class='ocrx_word' id='word_1_179' title='bbox 1338 1771 1605 1840; x_wconf 81' lang='grc' dir='ltr'>Μαρδονίῳ</span> <span class='ocrx_word' id='word_1_180' title='bbox 1654 1768 1779 1834; x_wconf 78' lang='grc' dir='ltr'>ἦλθε</span> <span class='ocrx_word' id='word_1_181' title='bbox 1816 1782 1872 1832; x_wconf 84' lang='grc'>15</span> 
     </span>
    </p>

    <p class='ocr_par' dir='ltr' id='par_1_6' title="bbox 39 1851 1782 2266">
     <span class='ocr_line' id='line_1_21' title="bbox 39 1851 1775 1925; baseline 0.002 -23"><span class='ocrx_word' id='word_1_182' title='bbox 39 1875 90 1903; x_wconf 90' lang='lat'>20</span> <span class='ocrx_word' id='word_1_183' title='bbox 112 1855 324 1922; x_wconf 87' lang='grc' dir='ltr'>ἀγγελίη</span> <span class='ocrx_word' id='word_1_184' title='bbox 356 1854 422 1908; x_wconf 84' lang='grc' dir='ltr'>ὡς</span> <span class='ocrx_word' id='word_1_185' title='bbox 452 1852 598 1908; x_wconf 84' lang='grc' dir='ltr'>ἁλέες</span> <span class='ocrx_word' id='word_1_186' title='bbox 629 1855 805 1918; x_wconf 84' lang='grc' dir='ltr'>εἴησαν</span> <span class='ocrx_word' id='word_1_187' title='bbox 835 1856 882 1907; x_wconf 83' lang='grc' dir='ltr'>οἱ</span> <span class='ocrx_word' id='word_1_188' title='bbox 903 1851 1158 1919; x_wconf 51' lang='grc' dir='ltr'>*Έλληνες</span> <span class='ocrx_word' id='word_1_189' title='bbox 1191 1854 1243 1906; x_wconf 88' lang='grc' dir='ltr'>ἐν</span> <span class='ocrx_word' id='word_1_190' title='bbox 1273 1859 1340 1924; x_wconf 79' lang='grc' dir='ltr'>τῷ</span> <span class='ocrx_word' id='word_1_191' title='bbox 1371 1853 1573 1925; x_wconf 81' lang='grc' dir='ltr'>Ἰσθμῷ.</span> <span class='ocrx_word' id='word_1_192' title='bbox 1650 1855 1775 1906; x_wconf 84' lang='grc' dir='ltr'>οὕτω</span> 
     </span>
     <span class='ocr_line' id='line_1_22' title="bbox 113 1937 1774 2010; baseline 0.001 -20"><span class='ocrx_word' id='word_1_193' title='bbox 113 1938 170 2003; x_wconf 78' lang='grc' dir='ltr'>δὴ</span> <span class='ocrx_word' id='word_1_194' title='bbox 202 1940 366 1991; x_wconf 87' lang='grc' dir='ltr'>ὀπίσω</span> <span class='ocrx_word' id='word_1_195' title='bbox 392 1938 654 2005; x_wconf 88' lang='grc' dir='ltr'>ἐπορεύετο</span> <span class='ocrx_word' id='word_1_196' title='bbox 686 1940 765 1990; x_wconf 83' lang='grc' dir='ltr'>διὰ</span> <span class='ocrx_word' id='word_1_197' title='bbox 797 1937 1066 2003; x_wconf 83' lang='grc' dir='ltr'>Δεκελέης·</span> <span class='ocrx_word' id='word_1_198' title='bbox 1111 1940 1158 2010; x_wconf 84' lang='grc' dir='ltr'>οἱ</span> <span class='ocrx_word' id='word_1_199' title='bbox 1180 1940 1276 2006; x_wconf 79' lang='grc' dir='ltr'>γὰρ</span> <span class='ocrx_word' id='word_1_200' title='bbox 1299 1938 1611 2007; x_wconf 86' lang='grc' dir='ltr'>βοιωτάρχαι</span> <span class='ocrx_word' id='word_1_201' title='bbox 1632 1961 1774 2005; x_wconf 90' lang='grc' dir='ltr'>μετε-</span> 
     </span>
     <span class='ocr_line' id='line_1_23' title="bbox 112 2022 1777 2094; baseline -0.001 -17"><span class='ocrx_word' id='word_1_202' title='bbox 112 2022 379 2091; x_wconf 78' lang='grc' dir='ltr'>πέμψαντο</span> <span class='ocrx_word' id='word_1_203' title='bbox 417 2022 531 2077; x_wconf 83' lang='grc' dir='ltr'>τοὺς</span> <span class='ocrx_word' id='word_1_204' title='bbox 570 2023 897 2092; x_wconf 88' lang='grc' dir='ltr'>προσχώρους</span> <span class='ocrx_word' id='word_1_205' title='bbox 936 2027 1036 2075; x_wconf 87' lang='grc' dir='ltr'>τῶν</span> <span class='ocrx_word' id='word_1_206' title='bbox 1066 2022 1349 2083; x_wconf 86' lang='grc' dir='ltr'>Ἀσωπίων,</span> <span class='ocrx_word' id='word_1_207' title='bbox 1387 2023 1521 2075; x_wconf 82' lang='grc' dir='ltr'>οὗτοι</span> <span class='ocrx_word' id='word_1_208' title='bbox 1557 2026 1611 2076; x_wconf 81' lang='grc' dir='ltr'>δὲ</span> <span class='ocrx_word' id='word_1_209' title='bbox 1646 2023 1777 2094; x_wconf 80' lang='grc' dir='ltr'>αὐτῷ</span> 
     </span>
     <span class='ocr_line' id='line_1_24' title="bbox 113 2106 1775 2176; baseline 0 -16"><span class='ocrx_word' id='word_1_210' title='bbox 113 2107 201 2173; x_wconf 76' lang='grc' dir='ltr'>τὴν</span> <span class='ocrx_word' id='word_1_211' title='bbox 232 2107 348 2160; x_wconf 86' lang='grc' dir='ltr'>ὁδὸν</span> <span class='ocrx_word' id='word_1_212' title='bbox 377 2106 586 2176; x_wconf 86' lang='grc' dir='ltr'>ἡγέοντο</span> <span class='ocrx_word' id='word_1_213' title='bbox 619 2109 671 2162; x_wconf 89' lang='grc' dir='ltr'>ἐς</span> <span class='ocrx_word' id='word_1_214' title='bbox 703 2106 1041 2175; x_wconf 86' lang='grc' dir='ltr'>Σφενδαλέας,</span> <span class='ocrx_word' id='word_1_215' title='bbox 1075 2109 1302 2160; x_wconf 82' lang='grc' dir='ltr'>ἐνθεῦτεν</span> <span class='ocrx_word' id='word_1_216' title='bbox 1333 2110 1388 2160; x_wconf 80' lang='grc' dir='ltr'>δὲ</span> <span class='ocrx_word' id='word_1_217' title='bbox 1411 2110 1462 2162; x_wconf 87' lang='grc' dir='ltr'>ἐς</span> <span class='ocrx_word' id='word_1_218' title='bbox 1492 2108 1775 2176; x_wconf 90' lang='grc' dir='ltr'>Τάναγραν.</span> 
     </span>
     <span class='ocr_line' id='line_1_25' title="bbox 114 2190 1782 2266; baseline 0.001 -23"><span class='ocrx_word' id='word_1_219' title='bbox 114 2193 168 2244; x_wconf 89' lang='grc' dir='ltr'>ἐν</span> <span class='ocrx_word' id='word_1_220' title='bbox 213 2191 448 2264; x_wconf 89' lang='grc' dir='ltr'>Τανάγρῃ</span> <span class='ocrx_word' id='word_1_221' title='bbox 498 2195 551 2245; x_wconf 79' lang='grc' dir='ltr'>δὲ</span> <span class='ocrx_word' id='word_1_222' title='bbox 598 2191 747 2245; x_wconf 89' lang='grc' dir='ltr'>νύκτα</span> <span class='ocrx_word' id='word_1_223' title='bbox 798 2190 1190 2258; x_wconf 89' lang='grc' dir='ltr'>ἐναυλισάμενος</span> <span class='ocrx_word' id='word_1_224' title='bbox 1238 2193 1317 2245; x_wconf 86' lang='grc' dir='ltr'>καὶ</span> <span class='ocrx_word' id='word_1_225' title='bbox 1369 2193 1675 2260; x_wconf 89' lang='grc' dir='ltr'>τραπόμενος</span> <span class='ocrx_word' id='word_1_226' title='bbox 1722 2201 1782 2266; x_wconf 78' lang='grc' dir='ltr'>τῇ</span> 
     </span>
    </p>

    <p class='ocr_par' dir='ltr' id='par_1_7' title="bbox 41 2274 1783 2514">
     <span class='ocr_line' id='line_1_26' title="bbox 41 2274 1782 2349; baseline 0.001 -23"><span class='ocrx_word' id='word_1_227' title='bbox 41 2297 88 2337; x_wconf 87' lang='lat'>25</span> <span class='ocrx_word' id='word_1_228' title='bbox 112 2277 347 2349; x_wconf 82' lang='grc' dir='ltr'>ὑστεραίῃ</span> <span class='ocrx_word' id='word_1_229' title='bbox 379 2277 430 2331; x_wconf 87' lang='grc' dir='ltr'>ἐς</span> <span class='ocrx_word' id='word_1_230' title='bbox 461 2280 666 2328; x_wconf 84' lang='grc' dir='ltr'>Σκῶλον</span> <span class='ocrx_word' id='word_1_231' title='bbox 689 2277 743 2328; x_wconf 88' lang='grc' dir='ltr'>ἐν</span> <span class='ocrx_word' id='word_1_232' title='bbox 766 2284 832 2349; x_wconf 79' lang='grc' dir='ltr'>γῇ</span> <span class='ocrx_word' id='word_1_233' title='bbox 862 2283 923 2349; x_wconf 84' lang='grc' dir='ltr'>τῇ</span> <span class='ocrx_word' id='word_1_234' title='bbox 949 2277 1196 2342; x_wconf 90' lang='grc' dir='ltr'>Θηβαίων</span> <span class='ocrx_word' id='word_1_235' title='bbox 1219 2274 1297 2342; x_wconf 84' lang='grc' dir='ltr'>ἣν.</span> <span class='ocrx_word' id='word_1_236' title='bbox 1372 2278 1582 2330; x_wconf 85' lang='grc' dir='ltr'>ἐνθαῦτα</span> <span class='ocrx_word' id='word_1_237' title='bbox 1605 2280 1660 2330; x_wconf 82' lang='grc' dir='ltr'>δὲ</span> <span class='ocrx_word' id='word_1_238' title='bbox 1683 2282 1782 2329; x_wconf 82' lang='grc' dir='ltr'>τῶν</span> 
     </span>
     <span class='ocr_line' id='line_1_27' title="bbox 114 2360 1783 2434; baseline 0.001 -22"><span class='ocrx_word' id='word_1_239' title='bbox 114 2362 361 2426; x_wconf 88' lang='grc' dir='ltr'>Θηβαίων</span> <span class='ocrx_word' id='word_1_240' title='bbox 391 2362 568 2434; x_wconf 84' lang='grc' dir='ltr'>καίπερ</span> <span class='ocrx_word' id='word_1_241' title='bbox 597 2361 900 2427; x_wconf 81' lang='grc' dir='ltr'>μηδιζόντων</span> <span class='ocrx_word' id='word_1_242' title='bbox 933 2360 1090 2428; x_wconf 84' lang='grc' dir='ltr'>ἔκειρε</span> <span class='ocrx_word' id='word_1_243' title='bbox 1126 2360 1242 2415; x_wconf 80' lang='grc' dir='ltr'>τοὺς</span> <span class='ocrx_word' id='word_1_244' title='bbox 1276 2361 1484 2430; x_wconf 90' lang='grc' dir='ltr'>χώρους,</span> <span class='ocrx_word' id='word_1_245' title='bbox 1517 2363 1622 2415; x_wconf 80' lang='grc' dir='ltr'>οὔτι</span> <span class='ocrx_word' id='word_1_246' title='bbox 1659 2364 1783 2414; x_wconf 82' lang='grc' dir='ltr'>κατὰ</span> 
     </span>
     <span class='ocr_line' id='line_1_28' title="bbox 113 2443 1779 2514; baseline 0.001 -18"><span class='ocrx_word' id='word_1_247' title='bbox 113 2445 262 2514; x_wconf 87' lang='grc' dir='ltr'>ἔχθος</span> <span class='ocrx_word' id='word_1_248' title='bbox 292 2444 453 2497; x_wconf 82' lang='grc' dir='ltr'>αὐτῶν</span> <span class='ocrx_word' id='word_1_249' title='bbox 483 2444 599 2496; x_wconf 88' lang='grc' dir='ltr'>ἀλλ’</span> <span class='ocrx_word' id='word_1_250' title='bbox 630 2443 713 2497; x_wconf 90' lang='grc' dir='ltr'>ὑπ’</span> <span class='ocrx_word' id='word_1_251' title='bbox 746 2446 1017 2512; x_wconf 88' lang='grc' dir='ltr'>ἀναγκαίης</span> <span class='ocrx_word' id='word_1_252' title='bbox 1046 2444 1270 2512; x_wconf 89' lang='grc' dir='ltr'>μεγάλης</span> <span class='ocrx_word' id='word_1_253' title='bbox 1302 2446 1559 2514; x_wconf 90' lang='grc' dir='ltr'>ἐχόμενος,</span> <span class='ocrx_word' id='word_1_254' title='bbox 1591 2447 1779 2513; x_wconf 90' lang='grc' dir='ltr'>βουλό-</span> 
     </span>
    </p>
   </div>
   <div class='ocr_carea' id='block_1_3' title="bbox 1820 2214 1845 2246">
    <p class='ocr_par' dir='ltr' id='par_1_8' title="bbox 1820 2214 1845 2246">
     <span class='ocr_line' id='line_1_29' title="bbox 1820 2214 1845 2246; textangle 90"><span class='ocrx_word' id='word_1_255' title='bbox 1820 2214 1845 2246; x_wconf 62' lang='lat' dir='ltr'>Na</span> 
     </span>
    </p>
   </div>
   <div class='ocr_carea' id='block_1_4' title="bbox 113 2580 1784 2801">
    <p class='ocr_par' dir='ltr' id='par_1_9' title="bbox 113 2580 1784 2801">
     <span class='ocr_line' id='line_1_30' title="bbox 167 2580 1784 2634; baseline 0.002 -14"><span class='ocrx_word' id='word_1_256' title='bbox 167 2594 192 2620; x_wconf 79' lang='lat'>2</span> <span class='ocrx_word' id='word_1_257' title='bbox 224 2580 402 2622; x_wconf 84' lang='grc' dir='ltr'>ἐσινέετο</span> <span class='ocrx_word' id='word_1_258' title='bbox 425 2580 464 2619; x_wconf 90' lang='lat' dir='ltr'>R</span> <span class='ocrx_word' id='word_1_259' title='bbox 480 2580 562 2620; x_wconf 87' lang='lat' dir='ltr'>SV</span> <span class='ocrx_word' id='word_1_260' title='bbox 699 2585 771 2622; x_wconf 78' lang='grc' dir='ltr'>τοῦ</span> <span class='ocrx_word' id='word_1_261' title='bbox 791 2598 822 2634; x_wconf 90' lang='grc' dir='ltr'>χ</span> <span class='ocrx_word' id='word_1_262' title='bbox 848 2580 937 2623; x_wconf 83' lang='grc' dir='ltr'>όνου</span> <span class='ocrx_word' id='word_1_263' title='bbox 961 2594 1043 2622; x_wconf 89' lang='lat' dir='ltr'>om.</span> <span class='ocrx_word' id='word_1_264' title='bbox 1067 2581 1099 2622; x_wconf 88' lang='lat' dir='ltr'>S</span> <span class='ocrx_word' id='word_1_265' title='bbox 1290 2594 1317 2631; x_wconf 89' lang='grc'>3</span> <span class='ocrx_word' id='word_1_266' title='bbox 1347 2583 1420 2623; x_wconf 77' lang='grc' dir='ltr'>τὸν</span> <span class='ocrx_word' id='word_1_267' title='bbox 1439 2581 1573 2626; x_wconf 82' lang='grc' dir='ltr'>πάντα</span> <span class='ocrx_word' id='word_1_268' title='bbox 1595 2583 1628 2622; x_wconf 92' lang='grc' dir='ltr'>Ρ</span> <span class='ocrx_word' id='word_1_269' title='bbox 1642 2583 1680 2622; x_wconf 92' lang='lat' dir='ltr'><strong>R</strong></span> <span class='ocrx_word' id='word_1_270' title='bbox 1697 2583 1727 2627; x_wconf 86' lang='lat' dir='ltr'>S</span> <span class='ocrx_word' id='word_1_271' title='bbox 1744 2583 1784 2623; x_wconf 95' lang='lat' dir='ltr'>V</span> 
     </span>
     <span class='ocr_line' id='line_1_31' title="bbox 113 2635 1779 2686; baseline 0.001 -9"><span class='ocrx_word' id='word_1_272' title='bbox 113 2635 575 2686; x_wconf 76' lang='grc' dir='ltr'>4ἐμβαλεῒνΑΒΟΡ</span> <span class='ocrx_word' id='word_1_273' title='bbox 710 2648 812 2685; x_wconf 82' lang='grc' dir='ltr'>5τε</span> <span class='ocrx_word' id='word_1_274' title='bbox 857 2635 1027 2678; x_wconf 72' lang='grc' dir='ltr'>δὲΑῙΟ</span> <span class='ocrx_word' id='word_1_275' title='bbox 1159 2635 1523 2686; x_wconf 79' lang='grc' dir='ltr'>Ίδὲοηι.ΑΒΟ</span> <span class='ocrx_word' id='word_1_276' title='bbox 1653 2639 1779 2680; x_wconf 89' lang='lat' dir='ltr'><strong>8alt.</strong></span> 
     </span>
     <span class='ocr_line' id='line_1_32' title="bbox 115 2689 1782 2743; baseline 0.004 -14"><span class='ocrx_word' id='word_1_277' title='bbox 115 2691 140 2739; x_wconf 80' lang='grc' dir='ltr'>ἡ</span> <span class='ocrx_word' id='word_1_278' title='bbox 155 2703 236 2730; x_wconf 91' lang='lat' dir='ltr'>om.</span> <span class='ocrx_word' id='word_1_279' title='bbox 258 2690 292 2729; x_wconf 92' lang='lat' dir='ltr'>C</span> <span class='ocrx_word' id='word_1_280' title='bbox 402 2703 430 2741; x_wconf 87' lang='lat'><strong>9</strong></span> <span class='ocrx_word' id='word_1_281' title='bbox 459 2691 522 2731; x_wconf 81' lang='grc' dir='ltr'>καὶ</span> <span class='ocrx_word' id='word_1_282' title='bbox 543 2703 626 2730; x_wconf 86' lang='lat' dir='ltr'>om.</span> <span class='ocrx_word' id='word_1_283' title='bbox 643 2689 683 2729; x_wconf 94' lang='lat' dir='ltr'><strong>A</strong></span> <span class='ocrx_word' id='word_1_284' title='bbox 697 2690 732 2729; x_wconf 90' lang='lat' dir='ltr'>B</span> <span class='ocrx_word' id='word_1_285' title='bbox 748 2690 782 2730; x_wconf 90' lang='lat' dir='ltr'>C</span> <span class='ocrx_word' id='word_1_286' title='bbox 798 2691 832 2729; x_wconf 92' lang='lat' dir='ltr'><strong>P</strong></span> <span class='ocrx_word' id='word_1_287' title='bbox 946 2703 991 2729; x_wconf 90' lang='lat'>11</span> <span class='ocrx_word' id='word_1_288' title='bbox 1025 2690 1193 2742; x_wconf 81' lang='grc' dir='ltr'>Ἀθήνας</span> <span class='ocrx_word' id='word_1_289' title='bbox 1210 2690 1259 2730; x_wconf 88' lang='lat' dir='ltr'>C¹</span> <span class='ocrx_word' id='word_1_290' title='bbox 1277 2692 1316 2730; x_wconf 89' lang='lat' dir='ltr'>R</span> <span class='ocrx_word' id='word_1_291' title='bbox 1331 2691 1361 2730; x_wconf 85' lang='lat' dir='ltr'>S</span> <span class='ocrx_word' id='word_1_292' title='bbox 1376 2691 1413 2731; x_wconf 93' lang='lat' dir='ltr'>V</span> <span class='ocrx_word' id='word_1_293' title='bbox 1525 2693 1782 2743; x_wconf 79' lang='grc' dir='ltr'>συμβάλλειν</span> 
     </span>
     <span class='ocr_line' id='line_1_33' title="bbox 118 2744 1782 2801; baseline 0.002 -18"><span class='ocrx_word' id='word_1_294' title='bbox 118 2745 157 2783; x_wconf 91' lang='lat' dir='ltr'><strong>R</strong></span> <span class='ocrx_word' id='word_1_295' title='bbox 173 2744 254 2784; x_wconf 91' lang='lat' dir='ltr'>SV</span> <span class='ocrx_word' id='word_1_296' title='bbox 414 2744 556 2786; x_wconf 84' lang='grc' dir='ltr'>πόλεις</span> <span class='ocrx_word' id='word_1_297' title='bbox 577 2745 611 2783; x_wconf 89' lang='lat' dir='ltr'>C</span> <span class='ocrx_word' id='word_1_298' title='bbox 751 2748 808 2786; x_wconf 83' lang='grc' dir='ltr'>ἐν</span> <span class='ocrx_word' id='word_1_299' title='bbox 830 2745 925 2785; x_wconf 87' lang='lat' dir='ltr'><strong>add.</strong></span> <span class='ocrx_word' id='word_1_300' title='bbox 954 2745 1341 2795; x_wconf 84' lang='lat' dir='ltr'>Schweighaeuser</span> <span class='ocrx_word' id='word_1_301' title='bbox 1491 2749 1604 2801; x_wconf 83' lang='grc' dir='ltr'>χώρη</span> <span class='ocrx_word' id='word_1_302' title='bbox 1626 2751 1678 2797; x_wconf 87' lang='grc' dir='ltr'>τῆ</span> <span class='ocrx_word' id='word_1_303' title='bbox 1700 2748 1730 2786; x_wconf 89' lang='lat' dir='ltr'>S</span> <span class='ocrx_word' id='word_1_304' title='bbox 1744 2749 1782 2787; x_wconf 93' lang='lat' dir='ltr'>V</span> 
     </span>
    </p>
   </div>
   <div class='ocr_carea' id='block_1_5' title="bbox 117 2799 1783 3018">
    <p class='ocr_par' dir='ltr' id='par_1_10' title="bbox 117 2799 1783 3017">
     <span class='ocr_line' id='line_1_34' title="bbox 120 2799 1782 2856; baseline 0.002 -18"><span class='ocrx_word' id='word_1_305' title='bbox 120 2812 167 2838; x_wconf 88' lang='lat'>12</span> <span class='ocrx_word' id='word_1_306' title='bbox 197 2801 425 2853; x_wconf 81' lang='grc' dir='ltr'>ὑπεχώρεεν</span> <span class='ocrx_word' id='word_1_307' title='bbox 448 2800 487 2838; x_wconf 92' lang='lat' dir='ltr'>R</span> <span class='ocrx_word' id='word_1_308' title='bbox 503 2799 583 2838; x_wconf 90' lang='lat' dir='ltr'>SV</span> <span class='ocrx_word' id='word_1_309' title='bbox 742 2812 791 2850; x_wconf 87' lang='lat'>13</span> <span class='ocrx_word' id='word_1_310' title='bbox 820 2799 1042 2854; x_wconf 81' lang='grc' dir='ltr'>πρόδρομον</span> <span class='ocrx_word' id='word_1_311' title='bbox 1063 2800 1475 2850; x_wconf 84' lang='lat' dir='ltr'>Schweighaeuser:</span> <span class='ocrx_word' id='word_1_312' title='bbox 1507 2802 1726 2856; x_wconf 85' lang='grc' dir='ltr'>πρόδρομος</span> <span class='ocrx_word' id='word_1_313' title='bbox 1749 2804 1782 2841; x_wconf 87' lang='grc' dir='ltr'>Ι</span> 
     </span>
     <span class='ocr_line' id='line_1_35' title="bbox 120 2853 1783 2918; baseline 0.003 -25"><span class='ocrx_word' id='word_1_314' title='bbox 120 2865 168 2903; x_wconf 89' lang='lat'>15</span> <span class='ocrx_word' id='word_1_315' title='bbox 199 2853 327 2895; x_wconf 82' lang='grc' dir='ltr'>θέλων</span> <span class='ocrx_word' id='word_1_316' title='bbox 345 2867 428 2894; x_wconf 91' lang='lat' dir='ltr'>om.</span> <span class='ocrx_word' id='word_1_317' title='bbox 450 2855 535 2894; x_wconf 91' lang='lat' dir='ltr'>duo</span> <span class='ocrx_word' id='word_1_318' title='bbox 557 2855 711 2896; x_wconf 79' lang='lat' dir='ltr'>deterr.</span> <span class='ocrx_word' id='word_1_319' title='bbox 842 2856 892 2892; x_wconf 93' lang='lat'>16</span> <span class='ocrx_word' id='word_1_320' title='bbox 921 2868 983 2905; x_wconf 87' lang='lat' dir='ltr'>pr.</span> <span class='ocrx_word' id='word_1_321' title='bbox 1006 2854 1070 2906; x_wconf 85' lang='grc' dir='ltr'>δὲ]</span> <span class='ocrx_word' id='word_1_322' title='bbox 1094 2856 1142 2905; x_wconf 82' lang='grc' dir='ltr'>δὴ</span> <span class='ocrx_word' id='word_1_323' title='bbox 1165 2854 1285 2895; x_wconf 80' lang='lat' dir='ltr'>stein</span> <span class='ocrx_word' id='word_1_324' title='bbox 1423 2868 1469 2906; x_wconf 91' lang='lat'>17</span> <span class='ocrx_word' id='word_1_325' title='bbox 1501 2860 1783 2918; x_wconf 83' lang='grc' dir='ltr'>προσελθοῦσα</span> 
     </span>
     <span class='ocr_line' id='line_1_36' title="bbox 117 2907 1782 2981; baseline 0.002 -34"><span class='ocrx_word' id='word_1_326' title='bbox 117 2909 156 2946; x_wconf 83' lang='grc' dir='ltr'>Α</span> <span class='ocrx_word' id='word_1_327' title='bbox 171 2909 206 2948; x_wconf 83' lang='grc' dir='ltr'>Β</span> <span class='ocrx_word' id='word_1_328' title='bbox 221 2908 255 2948; x_wconf 92' lang='lat' dir='ltr'>C</span> <span class='ocrx_word' id='word_1_329' title='bbox 269 2908 318 2948; x_wconf 78' lang='grc' dir='ltr'>Ρι</span> <span class='ocrx_word' id='word_1_330' title='bbox 452 2909 502 2948; x_wconf 88' lang='lat'>18</span> <span class='ocrx_word' id='word_1_331' title='bbox 531 2908 576 2950; x_wconf 83' lang='grc' dir='ltr'>δὲ</span> <span class='ocrx_word' id='word_1_332' title='bbox 601 2909 639 2946; x_wconf 89' lang='lat' dir='ltr'><strong>R</strong></span> <span class='ocrx_word' id='word_1_333' title='bbox 656 2909 686 2948; x_wconf 88' lang='lat' dir='ltr'>S</span> <span class='ocrx_word' id='word_1_334' title='bbox 698 2909 737 2948; x_wconf 96' lang='lat' dir='ltr'>V</span> <span class='ocrx_word' id='word_1_335' title='bbox 871 2922 920 2959; x_wconf 90' lang='lat'>19</span> <span class='ocrx_word' id='word_1_336' title='bbox 948 2911 1120 2981; x_wconf 77' lang='grc' dir='ltr'>στρατιὴ</span> <span class='ocrx_word' id='word_1_337' title='bbox 1142 2911 1243 2959; x_wconf 88' lang='grc' dir='ltr'>αυτη</span> <span class='ocrx_word' id='word_1_338' title='bbox 1265 2910 1303 2949; x_wconf 90' lang='grc' dir='ltr'>Α</span> <span class='ocrx_word' id='word_1_339' title='bbox 1318 2907 1353 2949; x_wconf 87' lang='grc' dir='ltr'><em>Β</em></span> <span class='ocrx_word' id='word_1_340' title='bbox 1369 2911 1402 2950; x_wconf 90' lang='lat' dir='ltr'>C</span> <span class='ocrx_word' id='word_1_341' title='bbox 1515 2910 1675 2963; x_wconf 73' lang='grc' dir='ltr'>ἦλθε]</span> <span class='ocrx_word' id='word_1_342' title='bbox 1653 2918 1726 2960; x_wconf 85' lang='grc' dir='ltr'>ἡκε</span> <span class='ocrx_word' id='word_1_343' title='bbox 1749 2911 1782 2950; x_wconf 89' lang='grc' dir='ltr'>Ρ</span> 
     </span>
     <span class='ocr_line' id='line_1_37' title="bbox 118 2963 1782 3018; baseline 0.002 -16"><span class='ocrx_word' id='word_1_344' title='bbox 118 2975 166 3002; x_wconf 77' lang='lat'>21</span> <span class='ocrx_word' id='word_1_345' title='bbox 200 2964 418 3013; x_wconf 83' lang='grc' dir='ltr'>Δεκελείης</span> <span class='ocrx_word' id='word_1_346' title='bbox 439 2963 479 3002; x_wconf 89' lang='grc' dir='ltr'>Α</span> <span class='ocrx_word' id='word_1_347' title='bbox 497 2963 531 3004; x_wconf 87' lang='grc' dir='ltr'><em>Β</em></span> <span class='ocrx_word' id='word_1_348' title='bbox 545 2963 579 3002; x_wconf 93' lang='lat' dir='ltr'>C</span> <span class='ocrx_word' id='word_1_349' title='bbox 594 2964 627 3002; x_wconf 92' lang='lat' dir='ltr'>P</span> <span class='ocrx_word' id='word_1_350' title='bbox 806 2976 860 3014; x_wconf 84' lang='lat'>23</span> <span class='ocrx_word' id='word_1_351' title='bbox 887 2963 1048 3018; x_wconf 79' lang='grc' dir='ltr'>Τανάγρ</span> <span class='ocrx_word' id='word_1_352' title='bbox 1053 2982 1099 3013; x_wconf 87' lang='grc' dir='ltr'>ην</span> <span class='ocrx_word' id='word_1_353' title='bbox 1122 2964 1160 3002; x_wconf 89' lang='lat' dir='ltr'>R</span> <span class='ocrx_word' id='word_1_354' title='bbox 1177 2964 1256 3012; x_wconf 85' lang='lat' dir='ltr'>SV</span> <span class='ocrx_word' id='word_1_355' title='bbox 1422 2976 1474 3014; x_wconf 85' lang='lat'>25</span> <span class='ocrx_word' id='word_1_356' title='bbox 1505 2967 1668 3015; x_wconf 83' lang='grc' dir='ltr'>Θηβαίω</span> <span class='ocrx_word' id='word_1_357' title='bbox 1691 2965 1782 3006; x_wconf 91' lang='lat' dir='ltr'>RV</span> 
     </span>
    </p>
   </div>
   <div class='ocr_carea' id='block_1_6' title="bbox 118 3017 1646 3117">
    <p class='ocr_par' dir='ltr' id='par_1_11' title="bbox 118 3017 1646 3117">
     <span class='ocr_line' id='line_1_38' title="bbox 118 3017 1646 3117; baseline 0.002 -61"><span class='ocrx_word' id='word_1_358' title='bbox 118 3030 168 3068; x_wconf 82' lang='lat'>27</span> <span class='ocrx_word' id='word_1_359' title='bbox 201 3017 395 3071; x_wconf 81' lang='grc' dir='ltr'>ἐχόμενος</span> <span class='ocrx_word' id='word_1_360' title='bbox 414 3018 497 3059; x_wconf 89' lang='lat' dir='ltr'>del.</span> <span class='ocrx_word' id='word_1_361' title='bbox 520 3018 655 3059; x_wconf 88' lang='lat' dir='ltr'>Cobet</span> <span class='ocrx_word' id='word_1_362' title='bbox 766 3018 1014 3070; x_wconf 82' lang='grc' dir='ltr'>βουλόμενος</span> <span class='ocrx_word' id='word_1_363' title='bbox 1037 3032 1119 3060; x_wconf 87' lang='lat' dir='ltr'>om.</span> <span class='ocrx_word' id='word_1_364' title='bbox 1142 3019 1182 3058; x_wconf 84' lang='lat' dir='ltr'><strong>A</strong></span> <span class='ocrx_word' id='word_1_365' title='bbox 1197 3019 1232 3059; x_wconf 91' lang='grc' dir='ltr'>Β</span> <span class='ocrx_word' id='word_1_366' title='bbox 1245 3019 1278 3059; x_wconf 91' lang='lat' dir='ltr'>C</span> <span class='ocrx_word' id='word_1_367' title='bbox 1293 3019 1342 3059; x_wconf 86' lang='lat' dir='ltr'>P1</span> <span class='ocrx_word' id='word_1_368' title='bbox 1566 3073 1646 3117; x_wconf 60' lang='lat'>22*</span> 
     </span>
    </p>
   </div>
  </div>
 </body>
</html>
