<?xml version="1.0" encoding="UTF-8"?>
<!DOCTYPE html PUBLIC "-//W3C//DTD XHTML 1.0 Transitional//EN"
    "http://www.w3.org/TR/xhtml1/DTD/xhtml1-transitional.dtd">
<html xmlns="http://www.w3.org/1999/xhtml" xml:lang="en" lang="en">
 <head>
  <title>
</title>
<meta http-equiv="Content-Type" content="text/html;charset=utf-8" />
  <meta name='ocr-system' content='tesseract 3.04.00' />
  <meta name='ocr-capabilities' content='ocr_page ocr_carea ocr_par ocr_line ocrx_word'/>
</head>
<body>
  <div class='ocr_page' id='page_1' title='image "./herodotihistoria02herouoft_0223.png"; bbox 0 0 2132 3340; ppageno 0'>
   <div class='ocr_carea' id='block_1_1' title="bbox 731 62 2078 128">
    <p class='ocr_par' dir='ltr' id='par_1_1' title="bbox 731 62 2078 128">
     <span class='ocr_line' id='line_1_1' title="bbox 731 62 2078 128; baseline 0.002 -17"><span class='ocrx_word' id='word_1_1' title='bbox 731 62 1108 112; x_wconf 74' lang='grc' dir='ltr'>ΙΣΤΟΡΙΩΝ</span> <span class='ocrx_word' id='word_1_2' title='bbox 1170 62 1219 111; x_wconf 90' lang='lat' dir='ltr'><strong>H</strong></span> <span class='ocrx_word' id='word_1_3' title='bbox 1847 64 1960 114; x_wconf 90' lang='lat' dir='ltr'>VII.</span> <span class='ocrx_word' id='word_1_4' title='bbox 1989 71 2078 128; x_wconf 86' lang='grc'>155</span> 
     </span>
    </p>
   </div>
   <div class='ocr_carea' id='block_1_2' title="bbox 61 191 2132 2631">
    <p class='ocr_par' dir='ltr' id='par_1_2' title="bbox 61 191 2132 2631">
     <span class='ocr_line' id='line_1_2' title="bbox 140 191 1811 262; baseline -0.001 -15"><span class='ocrx_word' id='word_1_5' title='bbox 140 194 437 262; x_wconf 85' lang='grc' dir='ltr'>καταγαγὼν</span> <span class='ocrx_word' id='word_1_6' title='bbox 466 193 667 248; x_wconf 82' lang='grc' dir='ltr'>τούτους</span> <span class='ocrx_word' id='word_1_7' title='bbox 698 195 753 246; x_wconf 92' lang='grc' dir='ltr'>ἐκ</span> <span class='ocrx_word' id='word_1_8' title='bbox 780 191 1050 258; x_wconf 84' lang='grc' dir='ltr'>Κασμένης</span> <span class='ocrx_word' id='word_1_9' title='bbox 1079 193 1258 248; x_wconf 90' lang='grc' dir='ltr'>πόλιος</span> <span class='ocrx_word' id='word_1_10' title='bbox 1290 194 1341 247; x_wconf 93' lang='grc' dir='ltr'>ἐς</span> <span class='ocrx_word' id='word_1_11' title='bbox 1371 194 1460 246; x_wconf 78' lang='grc' dir='ltr'>τὰς</span> <span class='ocrx_word' id='word_1_12' title='bbox 1490 193 1811 260; x_wconf 82' lang='grc' dir='ltr'>Συρηκούσας</span> 
     </span>
     <span class='ocr_line' id='line_1_3' title="bbox 140 278 1811 347; baseline -0.001 -15"><span class='ocrx_word' id='word_1_13' title='bbox 140 279 268 347; x_wconf 84' lang='grc' dir='ltr'>ἔσχε</span> <span class='ocrx_word' id='word_1_14' title='bbox 309 279 389 331; x_wconf 87' lang='grc' dir='ltr'>καὶ</span> <span class='ocrx_word' id='word_1_15' title='bbox 432 278 629 332; x_wconf 89' lang='grc' dir='ltr'>ταύτας·</span> <span class='ocrx_word' id='word_1_16' title='bbox 676 279 702 329; x_wconf 94' lang='lat'><em>6</em></span> <span class='ocrx_word' id='word_1_17' title='bbox 740 279 835 345; x_wconf 81' lang='grc' dir='ltr'>γὰρ</span> <span class='ocrx_word' id='word_1_18' title='bbox 878 281 1030 344; x_wconf 88' lang='grc' dir='ltr'>δῆμος</span> <span class='ocrx_word' id='word_1_19' title='bbox 1061 279 1087 328; x_wconf 99' lang='lat'><em>6</em></span> <span class='ocrx_word' id='word_1_20' title='bbox 1118 282 1216 330; x_wconf 83' lang='grc' dir='ltr'>τῶν</span> <span class='ocrx_word' id='word_1_21' title='bbox 1258 278 1578 345; x_wconf 82' lang='grc' dir='ltr'>Συρηκοσίων</span> <span class='ocrx_word' id='word_1_22' title='bbox 1622 279 1811 330; x_wconf 83' lang='grc' dir='ltr'>ἐπιόντι</span> 
     </span>
     <span class='ocr_line' id='line_1_4' title="bbox 142 362 1991 431; baseline 0 -16"><span class='ocrx_word' id='word_1_23' title='bbox 142 363 333 416; x_wconf 90' lang='grc' dir='ltr'>Γέλωνι</span> <span class='ocrx_word' id='word_1_24' title='bbox 383 365 647 431; x_wconf 83' lang='grc' dir='ltr'>παραδιδοῖ</span> <span class='ocrx_word' id='word_1_25' title='bbox 693 362 785 428; x_wconf 76' lang='grc' dir='ltr'>τὴν</span> <span class='ocrx_word' id='word_1_26' title='bbox 838 363 989 415; x_wconf 94' lang='grc' dir='ltr'>πόλιν</span> <span class='ocrx_word' id='word_1_27' title='bbox 1044 363 1122 414; x_wconf 86' lang='grc' dir='ltr'>καὶ</span> <span class='ocrx_word' id='word_1_28' title='bbox 1174 363 1372 415; x_wconf 81' lang='grc' dir='ltr'>ἑωυτόν.</span> <span class='ocrx_word' id='word_1_29' title='bbox 1461 364 1488 413; x_wconf 98' lang='lat'><em>6</em></span> <span class='ocrx_word' id='word_1_30' title='bbox 1540 365 1594 415; x_wconf 80' lang='grc' dir='ltr'>δὲ</span> <span class='ocrx_word' id='word_1_31' title='bbox 1645 363 1810 416; x_wconf 85' lang='grc' dir='ltr'>ἐπείτε</span> <span class='ocrx_word' id='word_1_32' title='bbox 1847 366 1942 427; x_wconf 88' lang='lat'>156</span> <span class='ocrx_word' id='word_1_33' title='bbox 1986 391 1991 396; x_wconf 92' lang='lat'><strong>·</strong></span> 
     </span>
     <span class='ocr_line' id='line_1_5' title="bbox 141 445 1805 516; baseline -0.001 -16"><span class='ocrx_word' id='word_1_34' title='bbox 141 447 403 516; x_wconf 83' lang='grc' dir='ltr'>παρέλαβε</span> <span class='ocrx_word' id='word_1_35' title='bbox 459 450 550 500; x_wconf 84' lang='grc' dir='ltr'>τὰς</span> <span class='ocrx_word' id='word_1_36' title='bbox 607 447 963 514; x_wconf 83' lang='grc' dir='ltr'>Συρηκούσας,’</span> <span class='ocrx_word' id='word_1_37' title='bbox 998 446 1156 512; x_wconf 85' lang='grc' dir='ltr'>Γέλης</span> <span class='ocrx_word' id='word_1_38' title='bbox 1213 450 1307 512; x_wconf 83' lang='grc' dir='ltr'>μὲν</span> <span class='ocrx_word' id='word_1_39' title='bbox 1357 445 1662 514; x_wconf 83' lang='grc' dir='ltr'>ἐπικρατέων</span> <span class='ocrx_word' id='word_1_40' title='bbox 1717 449 1805 498; x_wconf 92' lang='grc' dir='ltr'>λό-</span> 
     </span>
     <span class='ocr_line' id='line_1_6' title="bbox 94 530 1808 602; baseline 0 -19"><span class='ocrx_word' id='word_1_41' title='bbox 94 555 115 595; x_wconf 89' lang='lat'>5</span> <span class='ocrx_word' id='word_1_42' title='bbox 140 553 231 600; x_wconf 90' lang='grc' dir='ltr'>γον</span> <span class='ocrx_word' id='word_1_43' title='bbox 276 531 484 584; x_wconf 88' lang='grc' dir='ltr'>ἐλάσσω</span> <span class='ocrx_word' id='word_1_44' title='bbox 530 530 768 590; x_wconf 90' lang='grc' dir='ltr'>ἐποιέετο,</span> <span class='ocrx_word' id='word_1_45' title='bbox 818 530 1094 599; x_wconf 81' lang='grc' dir='ltr'>ἐπιτρέψας</span> <span class='ocrx_word' id='word_1_46' title='bbox 1145 531 1300 596; x_wconf 77' lang='grc' dir='ltr'>αὐτὴν</span> <span class='ocrx_word' id='word_1_47' title='bbox 1342 530 1532 598; x_wconf 83' lang='grc' dir='ltr'>Ἱέρωνι</span> <span class='ocrx_word' id='word_1_48' title='bbox 1574 533 1808 602; x_wconf 77' lang='grc' dir='ltr'>ἀδελφεῷ</span> 
     </span>
     <span class='ocr_line' id='line_1_7' title="bbox 139 608 2132 690; baseline -0.003 -22"><span class='ocrx_word' id='word_1_49' title='bbox 139 619 336 676; x_wconf 82' lang='grc' dir='ltr'>ἑωυτοῦ,</span> <span class='ocrx_word' id='word_1_50' title='bbox 398 618 425 667; x_wconf 95' lang='lat'><em>6</em></span> <span class='ocrx_word' id='word_1_51' title='bbox 483 618 536 667; x_wconf 80' lang='grc' dir='ltr'>δὲ</span> <span class='ocrx_word' id='word_1_52' title='bbox 594 618 683 669; x_wconf 76' lang='grc' dir='ltr'>τὰς</span> <span class='ocrx_word' id='word_1_53' title='bbox 741 615 1063 683; x_wconf 84' lang='grc' dir='ltr'>Συρηκούσας</span> <span class='ocrx_word' id='word_1_54' title='bbox 1123 614 1373 683; x_wconf 84' lang='grc' dir='ltr'>ἐκράτυνε,</span> <span class='ocrx_word' id='word_1_55' title='bbox 1436 617 1515 668; x_wconf 90' lang='grc' dir='ltr'>καὶ</span> <span class='ocrx_word' id='word_1_56' title='bbox 1573 614 1816 687; x_wconf 44' lang='grc' dir='ltr'>ἦσάν-ΕΞ</span> <span class='ocrx_word' id='word_1_57' title='bbox 1835 608 2132 690; x_wconf 45' lang='lat' dir='ltr'>‹oum-&#39;fug‘</span> 
     </span>
     <span class='ocr_line' id='line_1_8' title="bbox 138 680 2132 772; baseline -0.001 -19"><span class='ocrx_word' id='word_1_58' title='bbox 138 699 301 772; x_wconf 55' lang='lat' dir='ltr'><strong><em>mim-a</em></strong></span> <span class='ocrx_word' id='word_1_59' title='bbox 348 703 398 753; x_wconf 83' lang='grc' dir='ltr'>αἱ</span> <span class='ocrx_word' id='word_1_60' title='bbox 443 699 770 768; x_wconf 89' lang='grc' dir='ltr'>Συρήκουσαι.</span> <span class='ocrx_word' id='word_1_61' title='bbox 861 703 911 752; x_wconf 81' lang='grc' dir='ltr'>αἱ</span> <span class='ocrx_word' id='word_1_62' title='bbox 957 703 1010 752; x_wconf 79' lang='grc' dir='ltr'>δὲ</span> <span class='ocrx_word' id='word_1_63' title='bbox 1055 701 1329 766; x_wconf 87' lang='grc' dir='ltr'>παραυτίκα</span> <span class='ocrx_word' id='word_1_64' title='bbox 1372 699 1466 752; x_wconf 86' lang='grc' dir='ltr'>ἀνά</span> <span class='ocrx_word' id='word_1_65' title='bbox 1509 699 1552 751; x_wconf 84' lang='grc' dir='ltr'>τ’</span> <span class='ocrx_word' id='word_1_66' title='bbox 1597 701 1809 767; x_wconf 88' lang='grc' dir='ltr'>ἔδραμον</span> <span class='ocrx_word' id='word_1_67' title='bbox 1846 719 1872 752; x_wconf 88' lang='lat'><strong>2</strong></span> <span class='ocrx_word' id='word_1_68' title='bbox 1911 680 2132 724; x_wconf 50' lang='lat' dir='ltr'>‘m‘</span> 
     </span>
     <span class='ocr_line' id='line_1_9' title="bbox 140 783 1809 852; baseline 0.002 -16"><span class='ocrx_word' id='word_1_69' title='bbox 140 786 219 838; x_wconf 90' lang='grc' dir='ltr'>καὶ</span> <span class='ocrx_word' id='word_1_70' title='bbox 250 785 527 851; x_wconf 66' lang='grc' dir='ltr'>ἔβλαστον*</span> <span class='ocrx_word' id='word_1_71' title='bbox 573 788 720 837; x_wconf 85' lang='grc' dir='ltr'>τοῦτο</span> <span class='ocrx_word' id='word_1_72' title='bbox 750 786 840 850; x_wconf 82' lang='grc' dir='ltr'>μὲν</span> <span class='ocrx_word' id='word_1_73' title='bbox 866 787 961 852; x_wconf 77' lang='grc' dir='ltr'>γὰρ</span> <span class='ocrx_word' id='word_1_74' title='bbox 992 785 1359 851; x_wconf 89' lang='grc' dir='ltr'>Καμαριναίους</span> <span class='ocrx_word' id='word_1_75' title='bbox 1389 783 1614 839; x_wconf 80' lang='grc' dir='ltr'>ἅπαντας</span> <span class='ocrx_word' id='word_1_76' title='bbox 1644 786 1696 839; x_wconf 87' lang='grc' dir='ltr'>ἐς</span> <span class='ocrx_word' id='word_1_77' title='bbox 1719 787 1809 839; x_wconf 82' lang='grc' dir='ltr'>τὰς</span> 
     </span>
     <span class='ocr_line' id='line_1_10' title="bbox 138 867 1807 938; baseline 0 -17"><span class='ocrx_word' id='word_1_78' title='bbox 138 869 458 938; x_wconf 83' lang='grc' dir='ltr'>Συρηκούσας</span> <span class='ocrx_word' id='word_1_79' title='bbox 509 870 713 937; x_wconf 82' lang='grc' dir='ltr'>ἀγαγὼν</span> <span class='ocrx_word' id='word_1_80' title='bbox 759 867 1003 934; x_wconf 89' lang='grc' dir='ltr'>πολιήτας</span> <span class='ocrx_word' id='word_1_81' title='bbox 1049 869 1272 934; x_wconf 89' lang='grc' dir='ltr'>ἐποίησε,</span> <span class='ocrx_word' id='word_1_82' title='bbox 1322 869 1609 938; x_wconf 89' lang='grc' dir='ltr'>Καμαρίνης</span> <span class='ocrx_word' id='word_1_83' title='bbox 1653 871 1707 921; x_wconf 82' lang='grc' dir='ltr'>δὲ</span> <span class='ocrx_word' id='word_1_84' title='bbox 1750 869 1807 921; x_wconf 88' lang='grc' dir='ltr'>τὸ</span> 
     </span>
     <span class='ocr_line' id='line_1_11' title="bbox 65 951 1807 1023; baseline 0.001 -19"><span class='ocrx_word' id='word_1_85' title='bbox 65 975 116 1004; x_wconf 89' lang='lat'>10</span> <span class='ocrx_word' id='word_1_86' title='bbox 138 953 266 1006; x_wconf 83' lang='grc' dir='ltr'>ἄστυ</span> <span class='ocrx_word' id='word_1_87' title='bbox 297 953 604 1022; x_wconf 81' lang='grc' dir='ltr'>κατέσκαψε,</span> <span class='ocrx_word' id='word_1_88' title='bbox 637 959 781 1006; x_wconf 82' lang='grc' dir='ltr'>τοῦτο</span> <span class='ocrx_word' id='word_1_89' title='bbox 813 956 867 1006; x_wconf 78' lang='grc' dir='ltr'>δὲ</span> <span class='ocrx_word' id='word_1_90' title='bbox 903 951 1109 1023; x_wconf 80' lang='grc' dir='ltr'>Γελῴων</span> <span class='ocrx_word' id='word_1_91' title='bbox 1138 954 1475 1020; x_wconf 83' lang='grc' dir='ltr'>ὑπερημίσεας</span> <span class='ocrx_word' id='word_1_92' title='bbox 1510 958 1608 1006; x_wconf 81' lang='grc' dir='ltr'>τῶν</span> <span class='ocrx_word' id='word_1_93' title='bbox 1637 954 1807 1016; x_wconf 80' lang='grc' dir='ltr'>ἀστῶν</span> 
     </span>
     <span class='ocr_line' id='line_1_12' title="bbox 80 1037 1807 1106; baseline 0 -15"><span class='ocrx_word' id='word_1_94' title='bbox 80 1062 83 1065; x_wconf 59' lang='grc'><strong>“</strong></span> <span class='ocrx_word' id='word_1_95' title='bbox 137 1038 296 1091; x_wconf 84' lang='grc' dir='ltr'>τώυτὸ</span> <span class='ocrx_word' id='word_1_96' title='bbox 325 1043 460 1091; x_wconf 83' lang='grc' dir='ltr'>τοῖσι</span> <span class='ocrx_word' id='word_1_97' title='bbox 502 1040 886 1106; x_wconf 88' lang='grc' dir='ltr'>Καμαριναίοισι</span> <span class='ocrx_word' id='word_1_98' title='bbox 928 1039 1152 1102; x_wconf 85' lang='grc' dir='ltr'>ἐποίησε·</span> <span class='ocrx_word' id='word_1_99' title='bbox 1199 1037 1469 1106; x_wconf 30' lang='grc' dir='ltr'>Μεγαρέας,</span> <span class='ocrx_word' id='word_1_100' title='bbox 1504 1060 1558 1090; x_wconf 92' lang='grc' dir='ltr'>τε</span> <span class='ocrx_word' id='word_1_101' title='bbox 1597 1037 1711 1092; x_wconf 87' lang='grc' dir='ltr'>τοὺς</span> <span class='ocrx_word' id='word_1_102' title='bbox 1752 1039 1807 1091; x_wconf 84' lang='grc' dir='ltr'>ἐν</span> 
     </span>
     <span class='ocr_line' id='line_1_13' title="bbox 137 1123 1803 1195; baseline 0.001 -20"><span class='ocrx_word' id='word_1_103' title='bbox 137 1124 359 1195; x_wconf 84' lang='grc' dir='ltr'>Σικελίῃ,</span> <span class='ocrx_word' id='word_1_104' title='bbox 407 1123 473 1177; x_wconf 83' lang='grc' dir='ltr'>ὡς</span> <span class='ocrx_word' id='word_1_105' title='bbox 517 1123 926 1190; x_wconf 88' lang='grc' dir='ltr'>πολιορκεόμενοι</span> <span class='ocrx_word' id='word_1_106' title='bbox 972 1125 1023 1176; x_wconf 86' lang='grc' dir='ltr'>ἐς</span> <span class='ocrx_word' id='word_1_107' title='bbox 1067 1123 1340 1190; x_wconf 73' lang='grc' dir='ltr'>ὁμολογίην</span> <span class='ocrx_word' id='word_1_108' title='bbox 1385 1123 1803 1192; x_wconf 85' lang='grc' dir='ltr'>προσεχώρησαν,</span> 
     </span>
     <span class='ocr_line' id='line_1_14' title="bbox 137 1206 1805 1278; baseline 0 -18"><span class='ocrx_word' id='word_1_109' title='bbox 137 1207 251 1262; x_wconf 79' lang='grc' dir='ltr'>τοὺς</span> <span class='ocrx_word' id='word_1_110' title='bbox 277 1209 370 1273; x_wconf 49' lang='grc' dir='ltr'>’μὲν</span> <span class='ocrx_word' id='word_1_111' title='bbox 400 1207 563 1272; x_wconf 81' lang='grc' dir='ltr'>αὐτῶν</span> <span class='ocrx_word' id='word_1_112' title='bbox 599 1206 807 1275; x_wconf 87' lang='grc' dir='ltr'>παχέας,</span> <span class='ocrx_word' id='word_1_113' title='bbox 842 1206 1160 1275; x_wconf 85' lang='grc' dir='ltr'>ἀειραμένους</span> <span class='ocrx_word' id='word_1_114' title='bbox 1200 1228 1255 1259; x_wconf 92' lang='grc' dir='ltr'>τε</span> <span class='ocrx_word' id='word_1_115' title='bbox 1291 1208 1512 1273; x_wconf 89' lang='grc' dir='ltr'>πόλεμον</span> <span class='ocrx_word' id='word_1_116' title='bbox 1554 1206 1683 1278; x_wconf 80' lang='grc' dir='ltr'>αὐτῷ</span> <span class='ocrx_word' id='word_1_117' title='bbox 1725 1208 1805 1260; x_wconf 87' lang='grc' dir='ltr'>καὶ</span> 
     </span>
     <span class='ocr_line' id='line_1_15' title="bbox 137 1291 1801 1360; baseline -0.002 -14"><span class='ocrx_word' id='word_1_118' title='bbox 137 1299 523 1360; x_wconf 71' lang='grc' dir='ltr'>προσδοκῶντας</span> <span class='ocrx_word' id='word_1_119' title='bbox 552 1291 864 1344; x_wconf 89' lang='grc' dir='ltr'>ἀπολέεσθαι</span> <span class='ocrx_word' id='word_1_120' title='bbox 893 1294 973 1344; x_wconf 79' lang='grc' dir='ltr'>διὰ</span> <span class='ocrx_word' id='word_1_121' title='bbox 1008 1296 1168 1351; x_wconf 84' lang='grc' dir='ltr'>τοῦτο,</span> <span class='ocrx_word' id='word_1_122' title='bbox 1201 1292 1404 1359; x_wconf 84' lang='grc' dir='ltr'>ἀγαγὼν</span> <span class='ocrx_word' id='word_1_123' title='bbox 1434 1294 1485 1345; x_wconf 88' lang='grc' dir='ltr'>ἐς</span> <span class='ocrx_word' id='word_1_124' title='bbox 1520 1294 1608 1346; x_wconf 78' lang='grc' dir='ltr'>τὰς</span> <span class='ocrx_word' id='word_1_125' title='bbox 1645 1296 1801 1359; x_wconf 88' lang='grc' dir='ltr'>Συρη-</span> 
     </span>
     <span class='ocr_line' id='line_1_16' title="bbox 66 1375 1801 1445; baseline 0.002 -19"><span class='ocrx_word' id='word_1_126' title='bbox 66 1398 111 1439; x_wconf 91' lang='lat'>15</span> <span class='ocrx_word' id='word_1_127' title='bbox 137 1377 321 1431; x_wconf 89' lang='grc' dir='ltr'>κούσας</span> <span class='ocrx_word' id='word_1_128' title='bbox 366 1375 608 1442; x_wconf 83' lang='grc' dir='ltr'>πολιήτας</span> <span class='ocrx_word' id='word_1_129' title='bbox 652 1378 877 1442; x_wconf 87' lang='grc' dir='ltr'>ἐποίησε·</span> <span class='ocrx_word' id='word_1_130' title='bbox 936 1375 1023 1429; x_wconf 82' lang='grc' dir='ltr'>τὸν</span> <span class='ocrx_word' id='word_1_131' title='bbox 1067 1378 1120 1428; x_wconf 81' lang='grc' dir='ltr'>δὲ</span> <span class='ocrx_word' id='word_1_132' title='bbox 1164 1379 1318 1442; x_wconf 89' lang='grc' dir='ltr'>δῆμον</span> <span class='ocrx_word' id='word_1_133' title='bbox 1363 1381 1463 1429; x_wconf 81' lang='grc' dir='ltr'>τῶν</span> <span class='ocrx_word' id='word_1_134' title='bbox 1508 1376 1801 1445; x_wconf 87' lang='grc' dir='ltr'>Μεγαρέων,</span> 
     </span>
     <span class='ocr_line' id='line_1_17' title="bbox 137 1460 1803 1528; baseline -0.001 -15"><span class='ocrx_word' id='word_1_135' title='bbox 137 1461 226 1514; x_wconf 80' lang='grc' dir='ltr'>οὐκ</span> <span class='ocrx_word' id='word_1_136' title='bbox 256 1462 403 1514; x_wconf 87' lang='grc' dir='ltr'>ἐόντα</span> <span class='ocrx_word' id='word_1_137' title='bbox 431 1462 682 1527; x_wconf 89' lang='grc' dir='ltr'>μεταίτιον</span> <span class='ocrx_word' id='word_1_138' title='bbox 706 1466 793 1513; x_wconf 83' lang='grc' dir='ltr'>τοῦ</span> <span class='ocrx_word' id='word_1_139' title='bbox 822 1460 1045 1527; x_wconf 89' lang='grc' dir='ltr'>πολέμου</span> <span class='ocrx_word' id='word_1_140' title='bbox 1073 1461 1248 1513; x_wconf 90' lang='grc' dir='ltr'>τούτου</span> <span class='ocrx_word' id='word_1_141' title='bbox 1272 1460 1383 1514; x_wconf 83' lang='grc' dir='ltr'>οὐδὲ</span> <span class='ocrx_word' id='word_1_142' title='bbox 1403 1462 1803 1528; x_wconf 90' lang='grc' dir='ltr'>προσδεκόμενον</span> 
     </span>
     <span class='ocr_line' id='line_1_18' title="bbox 138 1544 1799 1614; baseline -0.001 -15"><span class='ocrx_word' id='word_1_143' title='bbox 138 1544 288 1599; x_wconf 84' lang='grc' dir='ltr'>κακὸν</span> <span class='ocrx_word' id='word_1_144' title='bbox 324 1546 465 1599; x_wconf 81' lang='grc' dir='ltr'>οὐδὲν</span> <span class='ocrx_word' id='word_1_145' title='bbox 505 1547 789 1612; x_wconf 81' lang='grc' dir='ltr'>πείσεσθαι,</span> <span class='ocrx_word' id='word_1_146' title='bbox 823 1546 1025 1614; x_wconf 83' lang='grc' dir='ltr'>ἀγαγὼν</span> <span class='ocrx_word' id='word_1_147' title='bbox 1067 1545 1145 1597; x_wconf 87' lang='grc' dir='ltr'>καὶ</span> <span class='ocrx_word' id='word_1_148' title='bbox 1185 1546 1387 1600; x_wconf 86' lang='grc' dir='ltr'>τούτους</span> <span class='ocrx_word' id='word_1_149' title='bbox 1428 1548 1479 1599; x_wconf 90' lang='grc' dir='ltr'>ἐς</span> <span class='ocrx_word' id='word_1_150' title='bbox 1517 1548 1606 1600; x_wconf 81' lang='grc' dir='ltr'>τὰς</span> <span class='ocrx_word' id='word_1_151' title='bbox 1645 1550 1799 1612; x_wconf 89' lang='grc' dir='ltr'>Συρη-</span> 
     </span>
     <span class='ocr_line' id='line_1_19' title="bbox 69 1619 1865 1703; baseline -0.001 -20"><span class='ocrx_word' id='word_1_152' title='bbox 69 1619 74 1623; x_wconf 21' lang='lat' dir='ltr'><em>V</em></span> <span class='ocrx_word' id='word_1_153' title='bbox 138 1631 322 1686; x_wconf 89' lang='grc' dir='ltr'>κούσας</span> <span class='ocrx_word' id='word_1_154' title='bbox 353 1630 566 1683; x_wconf 84' lang='grc' dir='ltr'>ἀπέδοτο</span> <span class='ocrx_word' id='word_1_155' title='bbox 598 1630 674 1684; x_wconf 84' lang='grc' dir='ltr'>ἐπ’</span> <span class='ocrx_word' id='word_1_156' title='bbox 705 1628 935 1703; x_wconf 79' lang='grc' dir='ltr'>ἐξαγωγῇ</span> <span class='ocrx_word' id='word_1_157' title='bbox 967 1633 1019 1682; x_wconf 85' lang='grc' dir='ltr'>ἐκ</span> <span class='ocrx_word' id='word_1_158' title='bbox 1061 1632 1305 1695; x_wconf 89' lang='grc' dir='ltr'>Σικελίης.</span> <span class='ocrx_word' id='word_1_159' title='bbox 1380 1629 1536 1682; x_wconf 85' lang='grc' dir='ltr'>τώυτὸ</span> <span class='ocrx_word' id='word_1_160' title='bbox 1567 1633 1620 1683; x_wconf 79' lang='grc' dir='ltr'>δὲ</span> <span class='ocrx_word' id='word_1_161' title='bbox 1656 1635 1800 1682; x_wconf 82' lang='grc' dir='ltr'>τοῦτο</span> <span class='ocrx_word' id='word_1_162' title='bbox 1838 1648 1865 1694; x_wconf 87' lang='grc'>3</span> 
     </span>
     <span class='ocr_line' id='line_1_20' title="bbox 136 1714 1800 1787; baseline 0 -20"><span class='ocrx_word' id='word_1_163' title='bbox 136 1716 217 1768; x_wconf 86' lang='grc' dir='ltr'>καὶ</span> <span class='ocrx_word' id='word_1_164' title='bbox 263 1714 495 1783; x_wconf 83' lang='grc' dir='ltr'>Εὐβοέας</span> <span class='ocrx_word' id='word_1_165' title='bbox 533 1715 647 1769; x_wconf 84' lang='grc' dir='ltr'>τοὺς</span> <span class='ocrx_word' id='word_1_166' title='bbox 689 1717 743 1768; x_wconf 90' lang='grc' dir='ltr'>ἐν</span> <span class='ocrx_word' id='word_1_167' title='bbox 783 1715 987 1787; x_wconf 87' lang='grc' dir='ltr'>Σικελίῃ</span> <span class='ocrx_word' id='word_1_168' title='bbox 1032 1716 1242 1780; x_wconf 85' lang='grc' dir='ltr'>ἐποίησε</span> <span class='ocrx_word' id='word_1_169' title='bbox 1282 1717 1546 1783; x_wconf 90' lang='grc' dir='ltr'>διακρίνας.</span> <span class='ocrx_word' id='word_1_170' title='bbox 1637 1716 1800 1768; x_wconf 90' lang='grc' dir='ltr'>ἐποίεε</span> 
     </span>
     <span class='ocr_line' id='line_1_21' title="bbox 63 1799 2132 1887; baseline 0.003 -39"><span class='ocrx_word' id='word_1_171' title='bbox 63 1819 112 1848; x_wconf 82' lang='lat'>20</span> <span class='ocrx_word' id='word_1_172' title='bbox 136 1803 190 1853; x_wconf 82' lang='grc' dir='ltr'>δὲ</span> <span class='ocrx_word' id='word_1_173' title='bbox 219 1804 374 1852; x_wconf 86' lang='grc' dir='ltr'>ταῦτα</span> <span class='ocrx_word' id='word_1_174' title='bbox 395 1801 598 1854; x_wconf 91' lang='grc' dir='ltr'>τούτους</span> <span class='ocrx_word' id='word_1_175' title='bbox 622 1799 933 1867; x_wconf 85' lang='grc' dir='ltr'>ἀμφοτέρους</span> <span class='ocrx_word' id='word_1_176' title='bbox 956 1800 1168 1866; x_wconf 92' lang='grc' dir='ltr'>νομίσας</span> <span class='ocrx_word' id='word_1_177' title='bbox 1191 1803 1345 1865; x_wconf 86' lang='grc' dir='ltr'>δῆμον</span> <span class='ocrx_word' id='word_1_178' title='bbox 1370 1799 1496 1852; x_wconf 72' lang='grc' dir='ltr'>εἶναι</span> <span class='ocrx_word' id='word_1_179' title='bbox 1522 1802 1932 1887; x_wconf 47' lang='grc' dir='ltr'>συνοίκημ-ι-ιρκιξΙ</span> <span class='ocrx_word' id='word_1_180' title='bbox 1952 1814 2132 1879; x_wconf 48' lang='lat' dir='ltr'>ung-un</span> 
     </span>
     <span class='ocr_line' id='line_1_22' title="bbox 134 1874 2132 1957; baseline 0 -20"><span class='ocrx_word' id='word_1_181' title='bbox 134 1885 524 1957; x_wconf 66' lang='grc' dir='ltr'>ἀχαριτώτατον.</span> <span class='ocrx_word' id='word_1_182' title='bbox 597 1885 800 1954; x_wconf 84' lang='grc' dir='ltr'>τοιούτῳ</span> <span class='ocrx_word' id='word_1_183' title='bbox 824 1887 916 1950; x_wconf 81' lang='grc' dir='ltr'>μὲν</span> <span class='ocrx_word' id='word_1_184' title='bbox 936 1884 1102 1954; x_wconf 80' lang='grc' dir='ltr'>τρόπῳ</span> <span class='ocrx_word' id='word_1_185' title='bbox 1129 1883 1366 1951; x_wconf 90' lang='grc' dir='ltr'>τύραννος</span> <span class='ocrx_word' id='word_1_186' title='bbox 1389 1885 1620 1952; x_wconf 87' lang='grc' dir='ltr'>ἐγεγόνεε</span> <span class='ocrx_word' id='word_1_187' title='bbox 1640 1874 1956 1952; x_wconf 41' lang='grc' dir='ltr'>μέγαςὶεω·</span> <span class='ocrx_word' id='word_1_188' title='bbox 1974 1878 2103 1925; x_wconf 58' lang='lat'>‘⁹⁶⁸²‘</span> <span class='ocrx_word' id='word_1_189' title='bbox 2123 1905 2132 1918; x_wconf 77' lang='lat'>’</span> 
     </span>
     <span class='ocr_line' id='line_1_23' title="bbox 136 1967 1923 2037; baseline -0.001 -16"><span class='ocrx_word' id='word_1_190' title='bbox 136 1970 163 2020; x_wconf 90' lang='lat'><em>6</em></span> <span class='ocrx_word' id='word_1_191' title='bbox 193 1968 381 2022; x_wconf 92' lang='grc' dir='ltr'>Γέλων·</span> <span class='ocrx_word' id='word_1_192' title='bbox 426 1970 539 2022; x_wconf 90' lang='grc' dir='ltr'>τότε</span> <span class='ocrx_word' id='word_1_193' title='bbox 571 1969 611 2021; x_wconf 89' lang='grc' dir='ltr'>δ’</span> <span class='ocrx_word' id='word_1_194' title='bbox 644 1970 708 2023; x_wconf 85' lang='grc' dir='ltr'>ὡς</span> <span class='ocrx_word' id='word_1_195' title='bbox 739 1971 784 2021; x_wconf 87' lang='grc' dir='ltr'>οἱ</span> <span class='ocrx_word' id='word_1_196' title='bbox 825 1969 1035 2037; x_wconf 85' lang='grc' dir='ltr'>ἄγγελοι</span> <span class='ocrx_word' id='word_1_197' title='bbox 1075 1974 1172 2021; x_wconf 87' lang='grc' dir='ltr'>τῶν</span> <span class='ocrx_word' id='word_1_198' title='bbox 1202 1967 1469 2034; x_wconf 90' lang='grc' dir='ltr'>Ἑλλήνων</span> <span class='ocrx_word' id='word_1_199' title='bbox 1509 1970 1717 2021; x_wconf 90' lang='grc' dir='ltr'>ἀπίκατο</span> <span class='ocrx_word' id='word_1_200' title='bbox 1748 1971 1799 2023; x_wconf 88' lang='grc' dir='ltr'>ἐς</span> <span class='ocrx_word' id='word_1_201' title='bbox 1835 1981 1923 2035; x_wconf 88' lang='grc'>157</span> 
     </span>
     <span class='ocr_line' id='line_1_24' title="bbox 134 2053 1795 2124; baseline -0.001 -19"><span class='ocrx_word' id='word_1_202' title='bbox 134 2055 221 2108; x_wconf 76' lang='grc' dir='ltr'>τὰς</span> <span class='ocrx_word' id='word_1_203' title='bbox 274 2054 607 2122; x_wconf 90' lang='grc' dir='ltr'>Συρηκούσας,</span> <span class='ocrx_word' id='word_1_204' title='bbox 655 2055 887 2107; x_wconf 89' lang='grc' dir='ltr'>ἐλθόντες</span> <span class='ocrx_word' id='word_1_205' title='bbox 939 2053 1067 2124; x_wconf 79' lang='grc' dir='ltr'>αὐτῷ</span> <span class='ocrx_word' id='word_1_206' title='bbox 1115 2056 1164 2107; x_wconf 88' lang='grc' dir='ltr'>ἐς</span> <span class='ocrx_word' id='word_1_207' title='bbox 1207 2054 1387 2121; x_wconf 84' lang='grc' dir='ltr'>λόγους</span> <span class='ocrx_word' id='word_1_208' title='bbox 1432 2053 1609 2121; x_wconf 87' lang='grc' dir='ltr'>ἔλεγον</span> <span class='ocrx_word' id='word_1_209' title='bbox 1661 2053 1795 2105; x_wconf 88' lang='grc' dir='ltr'>τάδε·</span> 
     </span>
     <span class='ocr_line' id='line_1_25' title="bbox 128 2134 1797 2206; baseline -0.001 -16"><span class='ocrx_word' id='word_1_210' title='bbox 128 2137 407 2206; x_wconf 79' lang='grc' dir='ltr'>Ἐπεμψαν</span> <span class='ocrx_word' id='word_1_211' title='bbox 441 2138 597 2204; x_wconf 87' lang='grc' dir='ltr'>ἡμέας</span> <span class='ocrx_word' id='word_1_212' title='bbox 640 2139 1023 2205; x_wconf 89' lang='grc' dir='ltr'>Λακεδαιμόνιοι</span> <span class='ocrx_word' id='word_1_213' title='bbox 1067 2134 1140 2203; x_wconf 90' lang='grc' dir='ltr'>[τε</span> <span class='ocrx_word' id='word_1_214' title='bbox 1185 2139 1264 2189; x_wconf 86' lang='grc' dir='ltr'>καὶ</span> <span class='ocrx_word' id='word_1_215' title='bbox 1309 2135 1583 2203; x_wconf 78' lang='grc' dir='ltr'>Ἀθηναῖοι]</span> <span class='ocrx_word' id='word_1_216' title='bbox 1629 2138 1708 2188; x_wconf 86' lang='grc' dir='ltr'>καὶ</span> <span class='ocrx_word' id='word_1_217' title='bbox 1752 2140 1797 2189; x_wconf 80' lang='grc' dir='ltr'>οἳ</span> 
     </span>
     <span class='ocr_line' id='line_1_26' title="bbox 61 2220 1796 2290; baseline -0.003 -12"><span class='ocrx_word' id='word_1_218' title='bbox 61 2239 108 2278; x_wconf 86' lang='lat'>²5</span> <span class='ocrx_word' id='word_1_219' title='bbox 135 2223 320 2276; x_wconf 90' lang='grc' dir='ltr'>τούτων</span> <span class='ocrx_word' id='word_1_220' title='bbox 345 2223 603 2290; x_wconf 82' lang='grc' dir='ltr'>σύμμαχοι</span> <span class='ocrx_word' id='word_1_221' title='bbox 633 2221 1126 2290; x_wconf 81' lang='grc' dir='ltr'>παραλαμψομένους</span> <span class='ocrx_word' id='word_1_222' title='bbox 1158 2243 1218 2274; x_wconf 90' lang='grc' dir='ltr'>σε</span> <span class='ocrx_word' id='word_1_223' title='bbox 1249 2221 1370 2289; x_wconf 84' lang='grc' dir='ltr'>πρὸς</span> <span class='ocrx_word' id='word_1_224' title='bbox 1399 2221 1485 2274; x_wconf 85' lang='grc' dir='ltr'>τὸν</span> <span class='ocrx_word' id='word_1_225' title='bbox 1513 2220 1796 2288; x_wconf 80' lang='grc' dir='ltr'>βάρβαρον·</span> 
     </span>
     <span class='ocr_line' id='line_1_27' title="bbox 194 2353 1799 2414; baseline 0.001 -16"><span class='ocrx_word' id='word_1_226' title='bbox 194 2373 211 2399; x_wconf 95' lang='grc'><strong>1</strong></span> <span class='ocrx_word' id='word_1_227' title='bbox 235 2365 279 2398; x_wconf 87' lang='lat' dir='ltr'>et</span> <span class='ocrx_word' id='word_1_228' title='bbox 299 2373 323 2410; x_wconf 92' lang='lat'>4</span> <span class='ocrx_word' id='word_1_229' title='bbox 347 2358 631 2414; x_wconf 83' lang='grc' dir='ltr'>Συρηκούσσας</span> <span class='ocrx_word' id='word_1_230' title='bbox 653 2360 691 2398; x_wconf 92' lang='grc' dir='ltr'>Α</span> <span class='ocrx_word' id='word_1_231' title='bbox 709 2360 743 2397; x_wconf 92' lang='grc' dir='ltr'>Β</span> <span class='ocrx_word' id='word_1_232' title='bbox 949 2353 1041 2407; x_wconf 41' lang='grc' dir='ltr'>μ4--6</span> <span class='ocrx_word' id='word_1_233' title='bbox 1071 2357 1198 2408; x_wconf 83' lang='grc' dir='ltr'>Γέλης</span> <span class='ocrx_word' id='word_1_234' title='bbox 1215 2388 1224 2397; x_wconf 94' lang='grc'><strong>.</strong></span> <span class='ocrx_word' id='word_1_235' title='bbox 1246 2388 1254 2397; x_wconf 92' lang='grc'><strong>.</strong></span> <span class='ocrx_word' id='word_1_236' title='bbox 1276 2388 1285 2397; x_wconf 92' lang='grc'><strong>.</strong></span> <span class='ocrx_word' id='word_1_237' title='bbox 1307 2356 1560 2412; x_wconf 86' lang='grc' dir='ltr'>Συρηκούσας</span> <span class='ocrx_word' id='word_1_238' title='bbox 1585 2356 1799 2411; x_wconf 84' lang='grc' dir='ltr'>(-κούσσας</span> 
     </span>
     <span class='ocr_line' id='line_1_28' title="bbox 133 2412 1800 2468; baseline 0 -15"><span class='ocrx_word' id='word_1_239' title='bbox 133 2413 190 2453; x_wconf 61' lang='grc' dir='ltr'>Αο</span> <span class='ocrx_word' id='word_1_240' title='bbox 205 2414 261 2468; x_wconf 86' lang='grc' dir='ltr'>Β)</span> <span class='ocrx_word' id='word_1_241' title='bbox 298 2427 379 2455; x_wconf 86' lang='lat' dir='ltr'>om.</span> <span class='ocrx_word' id='word_1_242' title='bbox 417 2414 457 2453; x_wconf 91' lang='lat' dir='ltr'>R</span> <span class='ocrx_word' id='word_1_243' title='bbox 690 2427 715 2465; x_wconf 88' lang='lat'>5</span> <span class='ocrx_word' id='word_1_244' title='bbox 757 2413 903 2455; x_wconf 87' lang='grc' dir='ltr'>Γέλωνι</span> <span class='ocrx_word' id='word_1_245' title='bbox 938 2412 1020 2452; x_wconf 89' lang='lat' dir='ltr'>SV</span> <span class='ocrx_word' id='word_1_246' title='bbox 1187 2414 1349 2465; x_wconf 77' lang='grc' dir='ltr'>ἀδελφῷ</span> <span class='ocrx_word' id='word_1_247' title='bbox 1383 2412 1472 2450; x_wconf 90' lang='grc' dir='ltr'>ΑΒ</span> <span class='ocrx_word' id='word_1_248' title='bbox 1694 2414 1722 2451; x_wconf 91' lang='grc'>6</span> <span class='ocrx_word' id='word_1_249' title='bbox 1762 2414 1800 2453; x_wconf 80' lang='grc' dir='ltr'>οἱ</span> 
     </span>
     <span class='ocr_line' id='line_1_29' title="bbox 133 2466 1800 2517; baseline -0.002 -7"><span class='ocrx_word' id='word_1_250' title='bbox 133 2468 266 2511; x_wconf 77' lang='grc' dir='ltr'>πάντα</span> <span class='ocrx_word' id='word_1_251' title='bbox 300 2468 487 2509; x_wconf 85' lang='lat' dir='ltr'>Reiske:</span> <span class='ocrx_word' id='word_1_252' title='bbox 532 2468 692 2510; x_wconf 83' lang='grc' dir='ltr'>ἅπαντα</span> <span class='ocrx_word' id='word_1_253' title='bbox 730 2469 764 2507; x_wconf 91' lang='lat' dir='ltr'>L</span> <span class='ocrx_word' id='word_1_254' title='bbox 985 2481 1007 2517; x_wconf 94' lang='lat'>7</span> <span class='ocrx_word' id='word_1_255' title='bbox 1052 2467 1266 2516; x_wconf 83' lang='grc' dir='ltr'>-ήκουσσαι</span> <span class='ocrx_word' id='word_1_256' title='bbox 1300 2467 1340 2505; x_wconf 92' lang='grc' dir='ltr'>Α</span> <span class='ocrx_word' id='word_1_257' title='bbox 1362 2467 1424 2506; x_wconf 85' lang='lat' dir='ltr'>B:</span> <span class='ocrx_word' id='word_1_258' title='bbox 1472 2466 1657 2508; x_wconf 82' lang='grc' dir='ltr'>-άκουσαι</span> <span class='ocrx_word' id='word_1_259' title='bbox 1699 2467 1739 2506; x_wconf 91' lang='lat' dir='ltr'>R</span> <span class='ocrx_word' id='word_1_260' title='bbox 1761 2466 1800 2506; x_wconf 95' lang='lat' dir='ltr'>V</span> 
     </span>
     <span class='ocr_line' id='line_1_30' title="bbox 133 2520 1799 2574; baseline 0.001 -11"><span class='ocrx_word' id='word_1_261' title='bbox 133 2525 160 2563; x_wconf 90' lang='lat'>8</span> <span class='ocrx_word' id='word_1_262' title='bbox 189 2524 426 2574; x_wconf 81' lang='grc' dir='ltr'>ἔκβλαστον</span> <span class='ocrx_word' id='word_1_263' title='bbox 447 2524 486 2563; x_wconf 92' lang='lat' dir='ltr'><strong>R</strong></span> <span class='ocrx_word' id='word_1_264' title='bbox 503 2523 606 2563; x_wconf 88' lang='lat' dir='ltr'>SV:</span> <span class='ocrx_word' id='word_1_265' title='bbox 639 2523 899 2571; x_wconf 86' lang='grc' dir='ltr'>ἇνέβλαστον</span> <span class='ocrx_word' id='word_1_266' title='bbox 921 2523 954 2561; x_wconf 93' lang='lat' dir='ltr'>C</span> <span class='ocrx_word' id='word_1_267' title='bbox 971 2522 1005 2561; x_wconf 93' lang='lat' dir='ltr'>P</span> <span class='ocrx_word' id='word_1_268' title='bbox 1155 2535 1183 2572; x_wconf 92' lang='lat'><strong>9</strong></span> <span class='ocrx_word' id='word_1_269' title='bbox 1213 2521 1436 2571; x_wconf 86' lang='grc' dir='ltr'>-ηκούσσας</span> <span class='ocrx_word' id='word_1_270' title='bbox 1455 2520 1573 2560; x_wconf 82' lang='lat' dir='ltr'>AB:</span> <span class='ocrx_word' id='word_1_271' title='bbox 1604 2521 1799 2564; x_wconf 83' lang='grc' dir='ltr'>-ακούσας</span> 
     </span>
     <span class='ocr_line' id='line_1_31' title="bbox 135 2576 1797 2631; baseline -0.001 -13"><span class='ocrx_word' id='word_1_272' title='bbox 135 2579 174 2618; x_wconf 90' lang='lat' dir='ltr'>R</span> <span class='ocrx_word' id='word_1_273' title='bbox 190 2579 270 2618; x_wconf 91' lang='lat' dir='ltr'>SV</span> <span class='ocrx_word' id='word_1_274' title='bbox 484 2592 534 2618; x_wconf 90' lang='lat'>10</span> <span class='ocrx_word' id='word_1_275' title='bbox 561 2577 694 2619; x_wconf 85' lang='grc' dir='ltr'>τούτω</span> <span class='ocrx_word' id='word_1_276' title='bbox 718 2578 758 2617; x_wconf 86' lang='lat' dir='ltr'>R</span> <span class='ocrx_word' id='word_1_277' title='bbox 983 2590 1031 2627; x_wconf 86' lang='lat'>13</span> <span class='ocrx_word' id='word_1_278' title='bbox 1062 2577 1315 2631; x_wconf 81' lang='grc' dir='ltr'>ἀειραμένους</span> <span class='ocrx_word' id='word_1_279' title='bbox 1334 2576 1372 2615; x_wconf 85' lang='grc' dir='ltr'>Α</span> <span class='ocrx_word' id='word_1_280' title='bbox 1388 2576 1423 2615; x_wconf 93' lang='grc' dir='ltr'>Β</span> <span class='ocrx_word' id='word_1_281' title='bbox 1443 2591 1452 2616; x_wconf 90' lang='lat'>:</span> <span class='ocrx_word' id='word_1_282' title='bbox 1482 2576 1687 2630; x_wconf 86' lang='grc' dir='ltr'>-ρομένους</span> <span class='ocrx_word' id='word_1_283' title='bbox 1707 2577 1797 2617; x_wconf 88' lang='lat' dir='ltr'><strong>rell.</strong></span> 
     </span>
    </p>
   </div>
   <div class='ocr_carea' id='block_1_3' title="bbox 131 2631 1799 2960">
    <p class='ocr_par' dir='ltr' id='par_1_3' title="bbox 131 2631 1799 2960">
     <span class='ocr_line' id='line_1_32' title="bbox 138 2631 1798 2687; baseline -0.001 -15"><span class='ocrx_word' id='word_1_284' title='bbox 138 2646 185 2684; x_wconf 84' lang='lat'>14</span> <span class='ocrx_word' id='word_1_285' title='bbox 213 2634 533 2687; x_wconf 78' lang='grc' dir='ltr'>προσδοκέοντας</span> <span class='ocrx_word' id='word_1_286' title='bbox 557 2633 590 2672; x_wconf 92' lang='lat' dir='ltr'>C</span> <span class='ocrx_word' id='word_1_287' title='bbox 605 2633 639 2672; x_wconf 90' lang='lat' dir='ltr'>P</span> <span class='ocrx_word' id='word_1_288' title='bbox 760 2631 983 2674; x_wconf 80' lang='grc' dir='ltr'>ἀπολέσθαι</span> <span class='ocrx_word' id='word_1_289' title='bbox 1006 2632 1044 2671; x_wconf 90' lang='lat' dir='ltr'>R</span> <span class='ocrx_word' id='word_1_290' title='bbox 1058 2632 1094 2670; x_wconf 95' lang='lat' dir='ltr'>V</span> <span class='ocrx_word' id='word_1_291' title='bbox 1217 2633 1384 2685; x_wconf 82' lang='grc' dir='ltr'>ἀγαγὼν</span> <span class='ocrx_word' id='word_1_292' title='bbox 1405 2631 1601 2672; x_wconf 86' lang='lat' dir='ltr'><strong>Bekker:</strong></span> <span class='ocrx_word' id='word_1_293' title='bbox 1632 2633 1741 2685; x_wconf 78' lang='grc' dir='ltr'>ἄγων</span> <span class='ocrx_word' id='word_1_294' title='bbox 1764 2632 1798 2671; x_wconf 93' lang='lat' dir='ltr'>L</span> 
     </span>
     <span class='ocr_line' id='line_1_33' title="bbox 133 2686 1799 2738; baseline -0.003 -8"><span class='ocrx_word' id='word_1_295' title='bbox 133 2688 355 2738; x_wconf 83' lang='grc' dir='ltr'>-ηκούσσας</span> <span class='ocrx_word' id='word_1_296' title='bbox 383 2688 448 2727; x_wconf 90' lang='lat' dir='ltr'>A:</span> <span class='ocrx_word' id='word_1_297' title='bbox 489 2687 708 2730; x_wconf 83' lang='grc' dir='ltr'>-ακούσσας</span> <span class='ocrx_word' id='word_1_298' title='bbox 739 2687 799 2727; x_wconf 91' lang='grc' dir='ltr'>Β;</span> <span class='ocrx_word' id='word_1_299' title='bbox 840 2686 1030 2729; x_wconf 78' lang='grc' dir='ltr'>-ακοὺσας</span> <span class='ocrx_word' id='word_1_300' title='bbox 1064 2686 1198 2726; x_wconf 89' lang='lat' dir='ltr'>RSV</span> <span class='ocrx_word' id='word_1_301' title='bbox 1420 2698 1469 2737; x_wconf 90' lang='lat'>15</span> <span class='ocrx_word' id='word_1_302' title='bbox 1507 2686 1677 2728; x_wconf 82' lang='grc' dir='ltr'>πολίτας</span> <span class='ocrx_word' id='word_1_303' title='bbox 1706 2687 1799 2726; x_wconf 93' lang='lat' dir='ltr'>RV</span> 
     </span>
     <span class='ocr_line' id='line_1_34' title="bbox 136 2741 1797 2794; baseline 0.001 -14"><span class='ocrx_word' id='word_1_304' title='bbox 136 2755 183 2793; x_wconf 87' lang='lat'>17</span> <span class='ocrx_word' id='word_1_305' title='bbox 213 2743 436 2793; x_wconf 81' lang='grc' dir='ltr'>-ηκούσσας</span> <span class='ocrx_word' id='word_1_306' title='bbox 455 2743 495 2782; x_wconf 91' lang='grc' dir='ltr'>Α</span> <span class='ocrx_word' id='word_1_307' title='bbox 510 2743 544 2781; x_wconf 89' lang='grc' dir='ltr'>Β</span> <span class='ocrx_word' id='word_1_308' title='bbox 565 2757 574 2782; x_wconf 90' lang='lat'>:</span> <span class='ocrx_word' id='word_1_309' title='bbox 603 2742 795 2785; x_wconf 84' lang='grc' dir='ltr'>-ακούσας</span> <span class='ocrx_word' id='word_1_310' title='bbox 819 2742 859 2782; x_wconf 89' lang='lat' dir='ltr'><strong>R</strong></span> <span class='ocrx_word' id='word_1_311' title='bbox 874 2742 903 2781; x_wconf 86' lang='lat' dir='ltr'>S</span> <span class='ocrx_word' id='word_1_312' title='bbox 917 2742 954 2780; x_wconf 95' lang='lat' dir='ltr'>V</span> <span class='ocrx_word' id='word_1_313' title='bbox 1115 2743 1163 2780; x_wconf 82' lang='lat'>18</span> <span class='ocrx_word' id='word_1_314' title='bbox 1194 2741 1367 2783; x_wconf 82' lang='grc' dir='ltr'>ἀπέδοτο</span> <span class='ocrx_word' id='word_1_315' title='bbox 1390 2743 1600 2794; x_wconf 82' lang='grc' dir='ltr'>ἐξαγαγὼν</span> <span class='ocrx_word' id='word_1_316' title='bbox 1618 2744 1674 2794; x_wconf 89' lang='grc' dir='ltr'>γῆ</span> <span class='ocrx_word' id='word_1_317' title='bbox 1696 2743 1741 2782; x_wconf 85' lang='grc' dir='ltr'>ἐκ</span> <span class='ocrx_word' id='word_1_318' title='bbox 1762 2741 1797 2781; x_wconf 89' lang='lat' dir='ltr'>C</span> 
     </span>
     <span class='ocr_line' id='line_1_35' title="bbox 133 2795 1797 2850; baseline -0.002 -13"><span class='ocrx_word' id='word_1_319' title='bbox 133 2800 188 2837; x_wconf 84' lang='lat'>20</span> <span class='ocrx_word' id='word_1_320' title='bbox 214 2797 401 2850; x_wconf 82' lang='grc' dir='ltr'>τούτους]</span> <span class='ocrx_word' id='word_1_321' title='bbox 422 2799 517 2839; x_wconf 85' lang='grc' dir='ltr'>τοὺς</span> <span class='ocrx_word' id='word_1_322' title='bbox 537 2798 571 2836; x_wconf 92' lang='lat' dir='ltr'>C</span> <span class='ocrx_word' id='word_1_323' title='bbox 720 2810 769 2836; x_wconf 80' lang='lat'>21</span> <span class='ocrx_word' id='word_1_324' title='bbox 804 2800 963 2838; x_wconf 83' lang='grc' dir='ltr'>τοιοῦτο</span> <span class='ocrx_word' id='word_1_325' title='bbox 987 2797 1025 2834; x_wconf 90' lang='lat' dir='ltr'>R</span> <span class='ocrx_word' id='word_1_326' title='bbox 1136 2796 1265 2849; x_wconf 82' lang='grc' dir='ltr'>μέγας</span> <span class='ocrx_word' id='word_1_327' title='bbox 1287 2796 1478 2849; x_wconf 78' lang='grc' dir='ltr'>ἐγεγόνεε</span> <span class='ocrx_word' id='word_1_328' title='bbox 1502 2795 1637 2848; x_wconf 77' lang='grc' dir='ltr'>Γέλων</span> <span class='ocrx_word' id='word_1_329' title='bbox 1661 2795 1699 2834; x_wconf 92' lang='lat' dir='ltr'>R</span> <span class='ocrx_word' id='word_1_330' title='bbox 1717 2795 1797 2834; x_wconf 90' lang='lat' dir='ltr'>SV</span> 
     </span>
     <span class='ocr_line' id='line_1_36' title="bbox 133 2850 1796 2905; baseline -0.001 -14"><span class='ocrx_word' id='word_1_331' title='bbox 133 2863 186 2902; x_wconf 84' lang='lat'>23</span> <span class='ocrx_word' id='word_1_332' title='bbox 214 2851 436 2904; x_wconf 81' lang='grc' dir='ltr'>·ηκούσο·ας</span> <span class='ocrx_word' id='word_1_333' title='bbox 455 2852 495 2890; x_wconf 91' lang='grc' dir='ltr'><strong>Α</strong></span> <span class='ocrx_word' id='word_1_334' title='bbox 510 2852 546 2891; x_wconf 92' lang='grc' dir='ltr'>Β</span> <span class='ocrx_word' id='word_1_335' title='bbox 564 2866 574 2892; x_wconf 89' lang='lat'>:</span> <span class='ocrx_word' id='word_1_336' title='bbox 605 2851 794 2893; x_wconf 85' lang='grc' dir='ltr'>-ακούσας</span> <span class='ocrx_word' id='word_1_337' title='bbox 817 2851 856 2905; x_wconf 79' lang='lat' dir='ltr'>R</span> <span class='ocrx_word' id='word_1_338' title='bbox 871 2851 901 2890; x_wconf 88' lang='lat' dir='ltr'>S</span> <span class='ocrx_word' id='word_1_339' title='bbox 916 2851 954 2890; x_wconf 97' lang='lat' dir='ltr'>V</span> <span class='ocrx_word' id='word_1_340' title='bbox 1157 2864 1208 2900; x_wconf 85' lang='lat'>24</span> <span class='ocrx_word' id='word_1_341' title='bbox 1238 2868 1285 2891; x_wconf 90' lang='grc' dir='ltr'>τε</span> <span class='ocrx_word' id='word_1_342' title='bbox 1307 2853 1370 2892; x_wconf 80' lang='grc' dir='ltr'>καὶ</span> <span class='ocrx_word' id='word_1_343' title='bbox 1393 2850 1473 2892; x_wconf 92' lang='grc' dir='ltr'>Ἀθ.</span> <span class='ocrx_word' id='word_1_344' title='bbox 1500 2863 1580 2889; x_wconf 88' lang='lat' dir='ltr'>om.</span> <span class='ocrx_word' id='word_1_345' title='bbox 1607 2850 1646 2889; x_wconf 89' lang='lat' dir='ltr'><strong>A</strong></span> <span class='ocrx_word' id='word_1_346' title='bbox 1663 2850 1697 2889; x_wconf 92' lang='lat' dir='ltr'>B</span> <span class='ocrx_word' id='word_1_347' title='bbox 1713 2850 1747 2889; x_wconf 91' lang='lat' dir='ltr'>C</span> <span class='ocrx_word' id='word_1_348' title='bbox 1763 2850 1796 2889; x_wconf 90' lang='lat' dir='ltr'>P</span> 
     </span>
     <span class='ocr_line' id='line_1_37' title="bbox 131 2906 1360 2960; baseline -0.002 -11"><span class='ocrx_word' id='word_1_349' title='bbox 131 2913 188 2955; x_wconf 75' lang='grc'>25</span> <span class='ocrx_word' id='word_1_350' title='bbox 215 2906 419 2960; x_wconf 83' lang='grc' dir='ltr'>σύμμαχοι</span> <span class='ocrx_word' id='word_1_351' title='bbox 439 2907 595 2949; x_wconf 86' lang='grc' dir='ltr'>τούτων</span> <span class='ocrx_word' id='word_1_352' title='bbox 618 2907 655 2946; x_wconf 90' lang='lat' dir='ltr'>R</span> <span class='ocrx_word' id='word_1_353' title='bbox 672 2906 751 2946; x_wconf 85' lang='lat' dir='ltr'>SV</span> <span class='ocrx_word' id='word_1_354' title='bbox 861 2906 957 2959; x_wconf 75' lang='grc' dir='ltr'>πρὸς</span> <span class='ocrx_word' id='word_1_355' title='bbox 980 2906 1071 2960; x_wconf 84' lang='grc' dir='ltr'>τὸν]</span> <span class='ocrx_word' id='word_1_356' title='bbox 1095 2906 1187 2949; x_wconf 81' lang='grc' dir='ltr'>τοὺς</span> <span class='ocrx_word' id='word_1_357' title='bbox 1208 2907 1303 2959; x_wconf 84' lang='grc' dir='ltr'>πρὸς</span> <span class='ocrx_word' id='word_1_358' title='bbox 1326 2906 1360 2945; x_wconf 91' lang='lat' dir='ltr'>C</span> 
     </span>
    </p>
   </div>
  </div>
 </body>
</html>
