2132 3340
765 99 1142 150 ΙΣΤΟΡΙΩΝ
1204 102 1245 150 Ζ
1672 158 1682 164 ,
1882 105 1970 155 VI.
1998 106 2112 157 8602

179 229 420 296 σύμβολα
449 230 581 302 σῷζε
610 231 804 297 λαβών·
851 229 905 285 ὃς
935 230 978 283 δ’
1001 230 1063 284 ἂν
1092 230 1226 301 ἔχων
1254 236 1408 285 ταῦτα
1436 231 1662 306 ἀπαιτέῃ,
1687 232 1844 304 τούτῳ

177 314 464 367 ἀποδοῦναι.
551 316 579 366 ὁ
616 316 709 381 μὲν
749 314 808 380 δὴ
849 315 947 368 ἀπὸ
988 315 1218 382 Μιλήτου
1256 316 1389 381 ἥκων
1428 315 1588 382 ξεῖνος
1627 322 1846 369 τοσαῦτα
1878 325 1920 388 β

177 397 337 464 ἔλεξε,
369 402 590 454 Γλαῦκος
626 402 680 452 δὲ
716 398 918 465 ἐδέξατο
947 400 1038 466 τὴν
1068 399 1357 468 παραθήκην
1386 402 1468 454 ἐπὶ
1502 406 1568 471 τῷ
1606 401 1844 472 εἰρημένῳ

177 484 332 554 λόγῳ.
419 484 604 552 χρόνου
649 486 704 538 δὲ
746 489 941 538 πολλοῦ
989 486 1271 540 διελθόντος
1314 485 1471 550 ἦλθον
1516 488 1566 540 ἐς
1610 484 1843 552 Σπάρτην

131 587 155 628 5
178 567 353 621 τούτου
381 572 468 620 τοῦ
498 567 843 636 παραθεμένου
872 571 934 621 τὰ
969 568 1200 639 χρήματα
1229 572 1276 622 οἱ
1306 573 1493 630 παῖδες,
1526 570 1757 624 ἐλθόντες
1789 572 1842 623 δὲ

179 653 231 708 ἐς
251 653 434 720 λόγους
453 657 520 724 τῷ
542 654 749 724 Γλαύκῳ
771 654 851 706 καὶ
873 655 1250 709 ἀποδεικνύντες
1267 656 1329 706 τὰ
1348 654 1586 719 σύμβολα
1608 655 1844 707 ἀπαίτεον
1977 679 2132 728 ffb„

176 738 240 789 τὰ
268 735 516 806 χρήματα.
560 743 564 747 ’
588 740 616 789 ὁ
646 740 699 791 δὲ
729 738 960 813 διωθέετο
983 739 1460 807 ἀντυποκρινόμενος
1488 737 1671 790 τοιάδε·
1713 705 1972 791 Οὔτεξωῠ

174 820 427 888 μέμνημαι
455 821 512 875 τὸ
543 825 745 892 πρῆγμα
776 804 2132 907 QQQQQ

1823 905 1836 922 ἱ

175 909 276 959 τῶν
305 908 442 975 ὑμεῖς
473 905 666 973 λέγετε,
699 908 953 974 βούλομαι
988 910 1042 961 δὲ
1078 907 1413 973 ἀναμνησθεὶς
1445 906 1631 960 ποιέειν
1659 910 1759 959 πᾶν
1788 927 1844 958 το
1860 914 2073 951 mbo-r
2095 910 2132 943 ω

104 1013 155 1044 10
175 992 382 1051 δίκαιον,
410 992 489 1045 καὶ
513 994 609 1060 γὰρ
634 994 677 1045 εἰ
701 993 910 1058 ἔλαβον,
935 994 1091 1059 ὀρθῶς
1116 993 1400 1051 ἀποδοῦναι,
1427 992 1507 1043 καὶ
1531 992 1577 1043 εἴ
1597 1012 1655 1058 γε
1684 989 1845 1059 ἀρχὴν

174 1074 242 1142 μὴ
290 1076 502 1142 ἔλαβον,
548 1077 751 1143 νόμοισι
796 1081 931 1129 τοῖσι
973 1075 1238 1141 Ἑλλήνων
1281 1074 1533 1145 χρήσομαι
1579 1077 1631 1129 ἐς
1676 1073 1842 1140 ὑμέας.

176 1164 332 1212 ταῦτα
378 1159 446 1213 ὧν
489 1162 604 1227 ὑμῖν
651 1159 1010 1228 ἀναβάλλομαι
1058 1161 1299 1228 κυρώσειν
1344 1161 1395 1213 ἐς
1440 1158 1674 1226 τέταρτον
1716 1162 1847 1224 μῆνα

177 1244 278 1297 ἀπὸ
307 1250 465 1298 τοῦδε.
554 1248 600 1299 οἱ
635 1248 728 1312 μὲν
757 1244 815 1310 δὴ
849 1243 1100 1309 Μιλήσιοι
1134 1243 1400 1312 συμφορὴν
1431 1244 1715 1308 ποιεύμενοι
1749 1243 1842 1294 ἀπ·
1880 1262 1913 1308 γ

177 1329 507 1383 αλλάσσοντο
544 1330 611 1386 ὡς
649 1328 1043 1398 ἀπεστερημένοι
1078 1333 1176 1381 τῶν
1211 1327 1492 1396 χρημάτων,
1534 1331 1757 1381 Γλαῦκος
1792 1328 1847 1378 δὲ

93 1436 152 1490 -ι5
178 1416 441 1482 ἐπορεύετο
473 1417 523 1469 ἐς
550 1414 787 1483 Δελφοὺς
816 1414 1133 1484 χρησόμενος
1162 1418 1229 1483 τῷ
1260 1413 1562 1482 χρηστηρίῳ.
1641 1412 1843 1478 ἐπειρω-

0 1482 151 1580 m
177 1504 340 1551 τῶντα
362 1502 416 1551 δὲ
439 1499 587 1552 αὐτὸν
611 1504 665 1552 τὸ
687 1498 995 1568 χρηστήριον
1018 1500 1060 1551 εἰ
1085 1499 1212 1568 ὅρκῳ
1243 1499 1304 1549 τὰ
1333 1495 1562 1565 χρήματα
1590 1496 1844 1560 ληίσηται,
1860 1489 2040 1536 *⁶⁵⁸⁸*
2055 1488 2132 1541 W

177 1583 208 1649 ἡ
240 1585 401 1649 Πυθίη
433 1583 728 1652 μετέρχεται
756 1585 946 1636 τοισίδε
975 1588 1109 1635 τοῖσι
1139 1582 1299 1635 ἔπεσι·

305 1689 485 1742 Γλαῦκ’
516 1689 846 1754 Ἐπικυδείδη,
879 1688 936 1740 τὸ
964 1689 1056 1754 μὲν
1089 1688 1262 1740 αὐτίκα
1293 1686 1484 1754 κέρδιον
1514 1685 1641 1738 οὕτω
1879 1699 1907 1734 2

305 1775 433 1845 ὅρκῳ
463 1777 665 1839 νικῆσαι
697 1774 776 1826 καὶ
806 1771 1039 1841 χρήματα
1067 1773 1398 1837 ληίσσασθαι.

104 1872 156 1901 20
302 1861 441 1925 ὄμνυ,
477 1859 584 1912 ἐπεὶ
615 1858 823 1911 θάνατός
852 1879 911 1925 γε
943 1857 1023 1909 καὶ
1054 1857 1254 1923 εὔορκον
1283 1853 1423 1921 μένει
1451 1854 1618 1922 ἄνδρα.

303 1942 420 1996 ἀλλ’
442 1942 632 2010 ’Όρκου
662 1941 778 1997 πάϊς
808 1942 949 1994 ἐστὶν
979 1941 1247 2006 ἀνώνυμος,
1280 1939 1381 1993 οὐδ’
1412 1940 1495 1992 ἔπι
1522 1943 1686 2007 χεῖρες

302 2029 415 2081 οὐδὲ
446 2028 610 2081 πόδες·
660 2026 892 2095 κραιπνὸς
924 2028 977 2079 δὲ
1005 2024 1310 2093 μετέρχεται,
1345 2026 1414 2078 εἰς
1444 2025 1473 2075 ὅ
1503 2045 1556 2076 κε
1587 2026 1755 2075 πᾶσαν

304 2111 611 2180 συμμάρψας
641 2111 800 2183 ὀλέσῃ
831 2109 1006 2178 γενεὴν
1037 2110 1117 2162 καὶ
1146 2109 1282 2162 οἶκον
1313 2107 1523 2161 ἅπαντα.

304 2196 480 2264 ἀνδρὸς
511 2196 553 2248 δ’
585 2196 787 2263 εὐόρκου
817 2194 964 2263 γενεὴ
995 2194 1298 2256 μετόπισθεν
1328 2194 1560 2259 ἀμείνων.

105 2322 154 2364 25
177 2307 332 2355 ταῦτα
367 2301 584 2356 ἀκούσας
619 2303 647 2353 ὁ
682 2305 903 2355 Γλαῦκος
939 2300 1242 2368 συγγνώμην
1277 2298 1364 2351 τὸν
1401 2298 1515 2351 θεὸν
1552 2297 1842 2366 παραιτέετο

177 2387 306 2459 αὐτῷ
337 2389 506 2456 ἴσχειν
536 2391 635 2439 τῶν
662 2384 928 2454 ῥηθέντων.
996 2385 1026 2450 ἡ
1059 2387 1111 2437 δὲ
1142 2386 1303 2449 Πυθίη
1337 2383 1435 2451 ἔφη
1467 2383 1524 2435 τὸ
1553 2385 1843 2450 πειρηθῆναι

237 2539 254 2566 1
289 2524 470 2569 ἆπαιτέει
490 2524 530 2565 Α
543 2525 577 2565 Β
592 2525 626 2564 C
638 2525 676 2564 V
822 2536 848 2574 3
878 2522 1215 2577 παρακαταθήκην
1234 2520 1272 2561 Α
1290 2522 1324 2560 Β
1342 2521 1375 2561 C
1391 2521 1425 2560 P
1570 2534 1596 2570 4
1626 2523 1781 2561 πολλοῦ
1800 2525 1843 2558 et

177 2581 326 2624 τούτου
357 2581 419 2634 (5)
452 2594 535 2622 om.
566 2580 684 2621 Stob.
834 2582 873 2621 ἐς
903 2579 981 2627 τὴν
1011 2578 1045 2616 C
1067 2578 1100 2617 P
1281 2578 1309 2615 6
1343 2574 1671 2617 ἀποδεικνύοντες
1702 2574 1741 2613 R
1758 2574 1789 2614 S
1804 2574 1843 2612 V

177 2639 205 2678 8
234 2636 329 2679 οὐδέ
343 2654 394 2689 με
415 2635 590 2676 Bekker
730 2647 758 2684 9
787 2632 841 2676 ὧν
861 2633 949 2672 ΑΒ
965 2633 998 2672 C
1015 2633 1049 2671 P
1158 2631 1202 2673 δὲ
1225 2631 1425 2681 Krueger
1443 2644 1453 2670 :
1480 2643 1563 2670 orn.
1583 2630 1647 2670 R:
1679 2646 1725 2669 τε
1746 2629 1837 2670 rell.

182 2704 231 2743 13
259 2691 485 2742 ποιεύμενοι
507 2691 541 2730 Ρ
555 2690 595 2729 R
610 2690 641 2730 S
654 2689 692 2729 V
713 2689 830 2730 Stob.
848 2703 857 2729 τ
892 2686 1152 2738 ποιησάμενοι
1172 2686 1211 2725 Α
1226 2686 1260 2725 Β
1277 2686 1310 2725 C
1426 2698 1473 2735 14
1505 2686 1751 2738 ἆποστερημ.
1774 2684 1813 2723 R
1833 2697 1842 2722 :

179 2748 348 2802 ἆπερημ.
368 2747 434 2786 V:
463 2747 673 2800 ἆπερριμμ.
698 2745 728 2784 S
925 2744 974 2780 16
1003 2743 1126 2783 αὐτὸν
1145 2754 1227 2781 om.
1253 2741 1285 2780 S
1421 2742 1470 2781 τὸ
1490 2739 1739 2793 χρηστήριον
1756 2750 1838 2778 om.

181 2802 297 2843 Stob.
429 2801 620 2850 ληῒσεται
643 2799 770 2839 PSV
791 2798 909 2839 Stob.
1110 2809 1158 2846 17
1189 2796 1342 2837 τοῖσιδε
1362 2798 1471 2836 τοῖσι
1491 2796 1517 2833 d
1534 2812 1542 2834 :
1574 2797 1713 2836 τοῖσδε
1733 2796 1842 2834 τοῖσι

179 2855 268 2896 ΑΒ
283 2856 388 2897 CP:
432 2859 542 2898 τοῖσι
574 2858 707 2897 τοῖσιν
742 2853 807 2894 R:
851 2855 984 2894 τοῖσιν
1018 2851 1100 2891 SV
1322 2851 1371 2888 18
1410 2852 1564 2891 Γλαῦκε
1597 2848 1638 2887 Α
1653 2848 1688 2887 Β
1704 2847 1790 2886 CR
1805 2846 1842 2886 V

183 2924 234 2962 19
261 2912 479 2962 ληΐσασθαι
502 2910 537 2949 L
721 2922 770 2948 21
804 2909 957 2959 ἅνωμος
979 2905 1091 2946 RV:
1124 2907 1332 2957 ἀνώμαλος
1353 2905 1384 2945 S
1567 2916 1620 2942 22
1649 2905 1842 2956 κραιπνῶς

182 2966 223 3006 R
237 2966 269 3007 S
280 2967 319 3006 V
339 2965 456 3008 Stob.
653 2976 707 3015 23
736 2963 872 3005 ὀλέσει
892 2961 934 3002 Α
948 2962 983 3001 Β
999 2961 1033 3001 C
1047 2961 1078 3002 S
1090 2960 1169 3014 [V]
1364 2971 1415 3009 24
1446 2956 1688 3000 κατόπισθεν
1709 2956 1748 2995 R
1762 2957 1793 2997 S
1804 2956 1843 2996 V

184 3020 303 3063 Stob.
417 3031 470 3072 25
498 3018 739 3074 παρηιτέετο
758 3017 798 3058 Α
811 3016 846 3057 Β
862 3016 896 3057 C
1007 3017 1061 3056 26
1087 3021 1224 3069 ἴσχειν
1244 3013 1282 3054 Α
1295 3013 1330 3054 Β
1345 3014 1379 3054 C
1403 3012 1522 3054 Stob.
1540 3024 1550 3054 ε
1581 3013 1701 3066 σχεῖν
1721 3010 1813 3069 gell,
