2132 3340
48 58 187 106 XIIII.
214 72 261 107 11

206 623 263 658 12

916 55 1343 104 HPOAOTOT

303 190 587 240 ἐπελθοῦσα
616 186 833 239 διέλυσε.
903 189 949 238 οἱ
978 188 1070 252 μὲν
1100 186 1158 251 δὴ
1174 184 1426 250 οΈλληνες
1456 186 1538 239 ἐπὶ
1567 186 1624 238 τὸ
1647 186 1965 254 Ἀρτεμίσιον

303 270 573 329 ἀπέπλεον,
616 273 661 322 οἱ
706 273 758 322 δὲ
803 268 1059 338 βάρβαροι
1103 272 1153 324 ἐς
1192 273 1280 323 τὰς
1321 269 1556 338 Ἀφέτας,
1599 271 1792 324 πολλὸν
1831 274 1965 339 παρὰ

301 353 451 419 δόξαν
499 353 883 421 ἀγωνισάμενοι.
974 356 1027 407 ἐν
1073 355 1226 426 ταύτῃ
1271 355 1331 426 τῇ
1379 356 1627 427 ναυμαχίῃ
1670 354 1966 424 Ἀντίδωρος

302 437 519 503 Λήμνιος
556 442 735 503 μοῦνος
772 444 870 491 τῶν
908 438 1003 491 σὺν
1042 432 1253 505 βασιλέϊ
1290 438 1556 505 Ἑλλήνων
1596 430 1779 492 ἐόντων
1818 439 1963 492 αὐτο-

300 521 473 588 μολέει
501 525 552 576 ἐς
581 522 695 576 τοὺς
708 521 983 588 “Ελληνας,
1012 524 1094 575 καί
1115 526 1162 575 οἱ
1183 523 1438 588 Ἀθηναῖοι
1467 525 1548 575 διὰ
1575 528 1717 575 τοῦτο
1737 523 1794 575 τὸ
1817 523 1965 592 ἔργον
1989 545 2012 585 5

301 608 483 659 ἔδοσαν
505 603 673 676 [αὐτῷ]
696 611 858 675 χῶρον
885 609 938 659 ἐν
963 611 1222 673 Σαλαμῖνι.
1291 607 1356 662 ὡς
1385 610 1439 660 δὲ
1469 607 1683 674 εὐφρόνη
1716 609 1962 676 ἐγεγόνεε,

310 691 330 710 ἢ
435 694 450 709 x
553 694 575 705 n
653 691 674 711 ep
853 689 865 708 Ι
1037 690 1048 709 Ι
1099 696 1103 701 ·
1192 693 1205 711 5
1254 693 1268 711 Ι
1413 694 1458 743 δκ
1507 692 1556 743 (νδ
1754 691 1774 711 Ἰ

0 721 83 767 *⁴1¹⁸
105 714 200 742 μα..
237 751 250 759 ‚
301 713 360 755 ην
397 713 486 756 μεν
516 712 603 756 τῃς
639 713 766 757 ῳρῃς
804 712 960 756 μεῖον
993 695 1151 758 θερος,
1183 713 1378 758 εγινετο
1443 713 1466 744 ε
1500 713 1528 743 υ
1559 714 1628 758 ωρ
1657 712 1712 744 τε
1746 698 1966 745 απλετον

4 780 46 799 u
69 771 168 793 ‘du

0 818 153 847 W
177 829 185 839 ι

22 1027 262 1080 Μιάις2

301 777 381 826 διὰ
413 774 576 840 πάσης
599 778 686 840 τῆς
717 774 889 829 νυκτὸς
919 775 997 826 καὶ
1029 774 1244 841 σκληραὶ
1274 775 1485 843 βρονταὶ
1515 775 1612 827 ἀπὸ
1641 780 1727 827 τοῦ
1750 777 1964 840 Πηλίου·

300 862 347 911 οἱ
384 862 436 911 δὲ
474 859 637 925 νεκροὶ
676 860 754 911 καὶ
794 860 855 910 τὰ
896 859 1107 926 ναυήγια
1148 856 1475 926 ἐξεφορέοντο
1516 861 1568 912 ἐς
1606 861 1694 912 τὰς
1727 858 1963 927 Ἀφέτας,

303 945 381 995 καὶ
419 945 534 1010 περί
566 964 620 995 τε
656 945 745 997 τὰς
783 941 974 1014 πρῴρας
1009 948 1107 996 τῶν
1146 948 1270 996 νεῶν
1307 942 1526 996 εἱλέοντο
1564 943 1642 995 καὶ
1681 941 1966 1011 ἐτάρασσον
1993 963 2043 991 10

300 1028 413 1081 τοὺς
460 1027 674 1094 ταρσοὺς
721 1032 819 1080 τῶν
867 1027 1087 1080 κωπέων.
1177 1030 1223 1080 οἱ
1272 1030 1327 1080 δὲ
1377 1032 1674 1094 στρατιῶται
1721 1030 1768 1080 οἱ
1814 1028 1965 1100 ταύτῃ

302 1113 560 1166 ἀκούοντες
605 1116 758 1164 ταῦτα
802 1113 852 1165 ἐς
897 1113 1068 1179 φόβον
1113 1111 1422 1171 κατιστέατο,
1469 1112 1754 1175 ἐλπίζοντες
1796 1111 1967 1180 πάγχυ

302 1195 609 1249 ἀπολέεσθαι
645 1197 694 1249 ἐς
734 1197 814 1247 οῖα
851 1198 976 1248 κακὰ
1011 1196 1148 1261 ἧκον·
1194 1197 1308 1263 πρὶν
1345 1198 1439 1263 γὰρ
1474 1192 1504 1260 ἢ
1542 1195 1621 1247 καὶ
1657 1196 1970 1249 ἇναπνεῦσαί

302 1287 466 1347 σφεας
503 1281 557 1333 ἔκ
593 1301 647 1332 τε
676 1283 764 1345 τῆς
799 1282 1035 1347 ναυηγίης
1073 1281 1152 1332 καὶ
1187 1285 1274 1332 τοῦ
1308 1285 1552 1348 χειμῶνος
1580 1284 1668 1331 τοῦ
1696 1278 1965 1347 γενομένου

302 1366 425 1416 κατὰ
455 1363 666 1429 Πήλιον,
698 1363 927 1430 ὑπέλαβε
961 1366 1208 1432 ναυμαχίη
1242 1362 1463 1431 καρτερή,
1497 1366 1550 1415 ἐκ
1579 1365 1633 1415 δὲ
1661 1367 1750 1428 τῆς
1779 1385 1962 1430 ναυμα-
1991 1381 2039 1423 15

0 1478 284 1528 »ΨΜ
299 1449 414 1517 χίης
455 1450 644 1515 ὄμβρος
683 1469 738 1500 τε
775 1447 967 1515 λάβρος
1009 1449 1087 1500 καὶ
1124 1448 1343 1516 ῥεύματα
1383 1450 1437 1500 ῑσ
1474 1470 1502 1500 υ
1533 1449 1566 1499 ὰ
1605 1449 1656 1502 ἐς
1696 1446 1965 1502 θάλασσαν

0 1544 119 1570 mu·-
141 1510 230 1555 ,μί

205 2220 262 2270 14

299 1531 550 1599 ῥρμημένα
579 1534 795 1599 βρονταί
819 1554 874 1585 τε
905 1533 1134 1599 σκληραί.
1220 1533 1300 1585 καὶ
1330 1532 1554 1585 τούτοισι
1583 1535 1674 1598 μὲν
1703 1533 1901 1598 τοιαύτη
1933 1533 1964 1599 ἡ

298 1615 391 1681 νυξ
427 1618 634 1683 ἐγίνετο,
672 1623 805 1669 τοῖσι
846 1619 900 1669 δὲ
941 1621 1171 1685 ταχθεῖσι
1211 1617 1372 1670 αὐτῶν
1414 1615 1700 1684 περιπλέειν
1739 1617 1965 1683 Εὔβοιαν

0 1674 238 1736 *20stss
272 1734 284 1744 ·
306 1698 334 1718 ‘'
363 1699 483 1752 αὖτ’
521 1723 583 1753 πε
660 1703 804 1753 ὀῦσα
843 1701 899 1753 νὺ
1010 1701 1136 1753 ολλὸ
1212 1700 1232 1720 ‘⁹'
1307 1702 1354 1753 ”τ
1413 1702 1445 1753 ἆ
1512 1700 1626 1753 ιωτέ
1740 1701 1963 1753 τοσούτω

149 1710 326 1765 Νη
454 1723 484 1766 η
584 1724 673 1768 ρε
902 1699 1008 1766 ξπ
1138 1722 1507 1769 νηνειγρ
1625 1723 1701 1768 pn»
1937 1754 1949 1772 .

297 1786 403 1854 ὅσῳ
449 1786 502 1836 ἐν
547 1785 761 1852 πελάγεϊ·
787 1785 1121 1852 «φερομένοισι
1161 1785 1418 1846 ἐπέπιπτε,
1464 1787 1543 1838 καὶ
1582 1789 1638 1836 τὸ
1678 1784 1823 1840 τέλος
1867 1792 1966 1853 σφι
1990 1806 2042 1837 20

299 1869 498 1935 ἐγένετο
528 1869 693 1937 ἄχαρι·
740 1870 805 1923 ὡς
827 1871 921 1937 γὰρ
945 1870 1003 1934 δὴ
1028 1869 1241 1922 πλέουσι
1273 1871 1468 1923 αὐτοῖσι
1498 1870 1686 1937 χειμών
1713 1891 1768 1922 τε
1799 1869 1878 1922 καὶ
1907 1869 1965 1922 τὸ

296 1954 426 2020 ὕδωρ
451 1955 706 2021 ἐπεγίνετο
736 1955 876 2006 ἐοῦσι
907 1956 1029 2006 κατὰ
1050 1956 1112 2005 τὰ
1138 1958 1299 2006 Κοῖλα
1323 1957 1410 2019 τῆς
1435 1953 1670 2019 Εὐβοίης,
1696 1953 1965 2021 φερόμενοι

297 2042 363 2107 τῷ
395 2039 632 2103 πνεύματι
665 2038 743 2090 καὶ
772 2038 860 2090 οὐκ
891 2039 1074 2092 εἰδότες
1097 2046 1157 2111 τῇ
1181 2037 1421 2106 ἐφέροντο
1446 2037 1712 2103 ἐξέπιπτον
1733 2036 1855 2104 πρὸς
1876 2039 1964 2092 τὰς

298 2122 494 2189 πέτρας.
582 2121 809 2175 ἐποιέετό
836 2145 890 2176 τε
919 2127 1018 2175 πᾶν
1047 2122 1143 2175 ὑπὸ
1178 2127 1265 2175 τοῦ
1299 2125 1414 2174 θεοῦ
1451 2123 1575 2176 ὅκως
1609 2120 1672 2174 ἂν
1702 2119 1961 2187 ἐξισωθείη

298 2211 364 2275 τῷ
396 2206 677 2277 Ἑλληνικῷ
714 2205 771 2258 τὸ
802 2211 1055 2274 Περσικὸν
1089 2209 1212 2272 μηδὲ
1248 2212 1423 2276 πολλῷ
1460 2204 1615 2258 πλέον
1651 2207 1742 2271 εἴη.
1829 2206 1965 2258 οὗτοι
1989 2224 2038 2268 25

298 2289 390 2355 μέν
420 2312 507 2343 νυν
538 2292 648 2357 περὶ
677 2293 739 2343 τὰ
768 2295 930 2343 Κοῖλα
959 2294 1046 2355 τῆς
1079 2290 1300 2356 Εὐβοίης
1336 2290 1690 2357 διεφθείροντο·
1736 2292 1783 2342 οἱ
1818 2291 1874 2345 δὲ
1909 2291 1963 2342 ἐν

358 2438 375 2464 1
410 2412 499 2467 διὰ
518 2426 553 2465 c
736 2440 761 2465 2
791 2435 914 2468 -πλω-
936 2427 975 2466 R
992 2427 1073 2467 εν
1221 2427 1396 2480 ’Amnis
1417 2427 1455 2466 R
1469 2426 1508 2465 v
1528 2426 1593 2479 (it.
1618 2427 1668 2479 9)
1841 2438 1867 2477 5
1897 2427 1964 2468 eta).

299 2479 340 2518 A
354 2481 388 2519 Β
405 2480 439 2520 C
454 2481 488 2520 P
667 2483 695 2519 6
724 2483 830 2534 αὐτῷ
850 2494 930 2521 om.
958 2481 996 2518 R
1012 2482 1042 2521 S
1058 2481 1097 2520 V
1220 2483 1354 2533 χώραν
1375 2482 1414 2520 R
1429 2481 1459 2521 S
1471 2482 1511 2521 V
1689 2493 1711 2531 7
1744 2479 1909 2533 ἐγένετο
1929 2481 1962 2521 S

301 2534 343 2576 δὲ
364 2548 444 2574 om.
475 2535 509 2574 C
621 2535 802 2577 ἄπλετόν
821 2553 867 2576 τε
891 2536 930 2574 R
945 2536 975 2575 S
988 2535 1026 2574 V
1146 2549 1174 2587 9
1204 2536 1438 2589 ἐξεφέροντο
1459 2535 1498 2574 Α
1511 2535 1546 2576 Β
1560 2535 1594 2575 C
1611 2535 1644 2574 P
1757 2548 1805 2574 12
1832 2537 1962 2576 ταῦτα

301 2603 383 2628 om.
409 2589 460 2628 Pl
684 2603 733 2640 13
764 2589 987 2632 ἀπολέσθαι
1011 2590 1102 2629 RV
1265 2593 1305 2633 ἐς
1324 2603 1407 2630 om.
1431 2590 1466 2629 C
1634 2591 1699 2631 καὶ
1719 2602 1800 2630 om.
1826 2589 1963 2628 RSV

305 2657 351 2691 14
393 2646 607 2696 γινομένου
650 2645 690 2683 R
713 2646 744 2683 S
764 2645 803 2684 V
999 2657 1048 2695 15
1092 2643 1265 2686 ὖπέλαυε
1309 2645 1348 2683 R
1477 2645 1648 2698 κρατερή
1686 2644 1726 2682 Α
1747 2644 1783 2682 Β
1807 2644 1840 2683 C
1863 2643 1902 2681 R
1924 2643 1963 2681 V

304 2700 355 2737 16
396 2716 443 2739 τε
478 2712 561 2738 om.
603 2699 640 2736 R
660 2700 690 2739 S
703 2700 742 2738 V
853 2699 1035 2753 λάμβρος
1069 2699 1103 2737 C
1120 2713 1128 2737 :
1174 2701 1361 2753 καρτερὸς
1398 2700 1436 2738 R
1455 2700 1485 2739 S
1497 2700 1536 2738 V
1647 2697 1706 2750 ἐς]
1744 2699 1849 2740 κατὰ
1880 2698 1915 2737 C
1929 2698 1964 2736 P

306 2766 352 2801 17
371 2773 373 2775 ·
396 2755 490 2805 ὡρμ.
530 2753 564 2792 C
583 2753 616 2791 P
632 2754 663 2792 S
775 2754 942 2802 τοιαύτη
982 2755 1007 2801 ἡ
1048 2754 1256 2792 Schaefer
1273 2768 1282 2792 :
1325 2754 1517 2801 τοιαύτην
1557 2754 1596 2792 R
1613 2768 1622 2794 :
1665 2751 1832 2801 τοιαύτη
1871 2752 1961 2792 rell.

303 2809 353 2845 18
382 2807 534 2849 αὐτέων
553 2808 592 2846 Α
607 2808 640 2846 Β
656 2809 690 2846 C
705 2809 737 2847 P
845 2809 970 2849 -πλώ-
987 2808 1026 2847 R
1041 2809 1071 2847 S
1085 2809 1123 2847 V
1234 2822 1287 2847 20
1314 2810 1363 2849 τὸ
1376 2821 1458 2849 om.
1475 2808 1515 2846 R
1529 2808 1560 2847 S
1572 2808 1611 2848 V
1719 2821 1769 2846 21
1802 2807 1960 2858 ἐγίνετο

300 2861 341 2900 Α
355 2861 389 2899 Β
403 2862 437 2902 C
452 2863 486 2902 P
613 2864 719 2903 πλώ-
741 2863 778 2900 R
797 2863 825 2901 S
839 2863 877 2900 V
1078 2877 1130 2912 23
1161 2862 1396 2915 ἐξεφέροντο
1419 2862 1458 2900 R
1474 2863 1505 2902 S
1518 2863 1557 2904 V
1682 2860 1797 2915 πρὸς]
1821 2864 1876 2904 εἷς
1894 2861 1933 2902 V
1949 2875 1962 2904 2

301 2919 343 2959 ἐς
362 2916 395 2957 S
558 2930 611 2966 24
641 2920 808 2973 ἐξισωθῇ
829 2918 863 2957 C
1027 2929 1079 2968 25
1108 2919 1157 2959 τὸ
1176 2919 1334 2970 περιεὸν
1354 2918 1395 2958 R
1409 2917 1490 2958 SV
