2132 3340
60 94 147 173 {⁷1.
160 175 162 177 ,
176 132 261 184 125

165 1101 257 1149 126

0 2122 222 2244 m·

231 2040 258 2084 3

918 119 1348 169 ΗΡΟΔΟΤΟΤ

288 250 562 320 »ψήγματος
594 255 764 318 πρῶτα
785 252 879 317 μὲν
900 249 1156 318 παρέσαξε
1179 253 1311 319 παρὰ
1333 254 1421 308 τᾶς
1446 251 1631 319 κνήμας
1656 258 1743 306 τοῦ
1765 254 1960 324 χρυσοῧ

296 338 420 389 ὅσον
471 336 690 406 ἐχώρεον
740 338 787 388 οἳ
840 336 1083 403 κόθορνοι,
1135 338 1260 402 μετὰ
1310 339 1365 390 δὲ
1414 337 1502 390 τὸν
1554 338 1745 391 κόλπον
1796 338 1961 394 πάντα

297 420 619 486 πλησάμενος
649 424 839 489 χρυσοῦ
864 421 943 472 καὶ
968 422 1018 474 ἐς
1040 423 1129 474 τὰς
1151 422 1327 489 τρίχας
1350 424 1437 487 τῆς
1462 425 1685 490 κεφαλῆς
1709 423 1959 480 διαπάσας

295 511 384 557 τοῦ
410 504 677 573 ψήγματος
716 505 793 556 καὶ
828 503 959 557 ἄλλο
999 505 1177 571 λαβὼν
1213 506 1265 559 ἐς
1304 505 1361 558 τὸ
1403 507 1566 572 στόμα
1606 506 1740 572 ἐξήιε
1779 510 1834 560 ἐκ
1872 513 1960 562 τοῦ

297 594 560 657 θησαυροῦ,
602 589 765 642 ἕλκων
800 591 892 655 μὲν
929 589 1075 657 μόγις
1114 589 1230 644 τοὺς
1269 591 1546 658 κοθόρνους,
1583 593 1734 645 παντὶ
1774 592 1828 645 δέ
1863 615 1958 646 τεω

296 676 441 727 οἰκὼς
468 678 668 739 μᾶλλον
697 669 727 738 ἢ
760 673 1019 744 ἀνθρώπῳ·
1064 679 1153 726 τοῦ
1191 674 1250 725 τό
1284 696 1339 728 τε
1374 675 1538 740 στόμα
1579 674 1837 742 ἐβέβυστο
1878 677 1958 730 καὶ

295 757 457 811 πάντα
497 756 772 826 ἐξώγκωτο.
863 758 1033 810 ἰδόντα
1072 760 1126 811 δὲ
1164 757 1250 811 τὸν
1292 762 1511 826 Κροῖσον
1550 759 1712 828 γέλως
1752 762 1955 826 ἐσῆλθε,

299 843 384 894 καί
409 845 453 895 οἱ
486 842 649 895 πάντα
677 864 732 895 τε
764 845 928 895 ἐκεῖνα
950 845 1079 894 διδοῖ
1108 843 1188 895 καὶ
1218 842 1340 910 πρὸς
1371 842 1591 911 ἑτέροισί
1614 866 1700 910 μιν
1724 844 1958 913 δωρέεται

296 927 382 979 οὐκ
414 927 669 979 ἐλάσσοσι
698 928 917 980 ἐκείνων.
1009 927 1135 979 οὕτω
1171 929 1263 993 μὲν
1293 927 1580 994 ἐπλουτησε
1608 929 1638 994 ἡ
1671 930 1797 995 οἰκίη
1835 931 1956 996 αὕτη

296 1011 543 1079 μεγάλως,
594 1011 674 1064 καὶ
716 1012 744 1063 6
789 1010 1050 1077 Ἀλκμέων
1095 1012 1239 1066 οὗτος
1285 1013 1413 1064 οὕτω
1458 1011 1958 1081 τεθριπποτροφήσας

295 1096 612 1162 Ὀλυμπιάδα
656 1095 954 1163 ἆναιρέεται·,
1010 1098 1135 1162 μετὰ
1178 1096 1247 1155 δέ,
1294 1104 1441 1170 γενεῆ
1485 1097 1686 1170 δευτέρῃ
1728 1100 1955 1166 ὕστερον,

298 1180 610 1246 Κλεισθένης
647 1202 733 1246 μιν
774 1181 800 1232 6
841 1181 1110 1234 Σικυώνιος
1149 1180 1387 1247 τύραννος
1418 1178 1576 1248 ἐξῆρε,
1610 1182 1743 1235 ὥστε
1780 1188 1957 1255 πολλῷ

297 1264 696 1332 ὀνομαστοτέρην
734 1264 971 1332 γενέσθαι
1013 1265 1068 1316 ἐν
1107 1270 1241 1317 τοῖσι
1272 1264 1501 1331 ’Έλλησι
1534 1262 1563 1331 ἢ
1595 1267 1835 1335 πρότερον
1874 1266 1952 1332 ἧν.

299 1349 596 1402 Κλεισθένεϊ
624 1352 719 1418 γὰρ
750 1355 819 1420 τῷ
848 1348 1222 1415 Ἀριστωνύμου
1250 1355 1337 1402 τοῦ
1361 1350 1602 1417 Μύρωνος
1629 1356 1717 1403 τοῦ
1739 1351 1955 1419 Ἀνδρέω

296 1435 484 1501 γίνεται
516 1433 734 1502 θυγάτηρ
762 1441 824 1508 τῇ
852 1434 1039 1499 οὕνομα
1063 1433 1123 1499 ἣν
1147 1434 1439 1502 Ἀγαρίστη.
1512 1436 1693 1501 ταύτην
1715 1435 1954 1502 ἠθέλησε,

295 1518 558 1584 Ἑλλήνων
603 1517 838 1571 ἁπάντων
882 1517 1093 1585 ἐξευρὼν
1141 1518 1228 1571 τὸν
1281 1518 1503 1586 ἄριστον,
1549 1521 1704 1591 τούτῳ
1749 1526 1957 1588 γυναῖκα

296 1607 605 1670 προσθεῖναι.
695 1602 988 1668 Ὀλυμπίων
1018 1601 1104 1655 ὧν
1128 1602 1314 1656 ἐόντων
1356 1605 1434 1655 καὶ
1475 1609 1623 1656 νικῶν
1664 1604 1719 1656 ἐν
1759 1606 1957 1659 αὐτοῖσι

296 1687 546 1758 τεθρίππῳ
571 1689 597 1738 6
621 1686 933 1753 Κλεισθένης
963 1685 1187 1755 κήρυγμα
1210 1686 1503 1753 ἐποιήσατο,
1530 1689 1669 1743 ὅστις
1692 1687 1956 1754 Ἑλλήνων

297 1772 479 1824 ἑωυτὸν
537 1770 672 1838 ἀξιοῖ
729 1771 1063 1826 Κλεισθένεος
1112 1771 1346 1840 γαμβρὸν
1402 1771 1655 1839 γενέσθαι,
1709 1772 1847 1838 ἥκειν
1905 1776 1957 1829 ἐς

296 1855 572 1922 ἑξηκοστὴν
602 1856 787 1924 ἡμέρην
809 1853 839 1922 ἢ
866 1858 945 1909 καὶ
977 1857 1216 1924 πρότερον
1239 1858 1290 1911 ἐς
1314 1860 1536 1909 Σικυῶνα
1558 1857 1623 1912 ὡς
1648 1857 1957 1925 κυρώσοντος

298 1940 629 1995 Κλεισθένεος
674 1940 762 1996 τὸν,
812 1940 974 2009 γάμον
1026 1943 1082 1992 ἐν
1134 1942 1355 2012 ἐνιαυτῷ,
1405 1940 1504 1993 ἀπὸ
1550 1945 1638 2007 τῆς
1685 1941 1958 2008 ἑξηκοστῆς

297 2025 572 2092 ἀρξαμένου
593 2025 792 2094 ἡμέρης.
866 2027 1076 2077 ἐνθαῦτα
1092 2023 1357 2090 Ἑλλήνων
1376 2026 1490 2078 ὅσοι
1514 2026 1668 2093 σφίσι
1689 2048 1744 2079 τε
1762 2026 1957 2079 αὐτοῖσι

1931 646 1943 665 .
1981 617 2006 660 5

1983 1035 2033 1067 10

1983 1461 2031 1503 Ι5

1983 1882 2033 1913 20

296 2109 428 2174 ἦσαν
469 2111 547 2162 καὶ
588 2110 748 2182 πάτρῃ
790 2108 1149 2178 ἐξωγκ-ιιψένοι,
1193 2111 1424 2177 ἐφοίτεον
1465 2113 1761 2177 μνηστῆρες·
1821 2116 1957 2164 τοῖσι
1971 2113 2132 2164 W!

299 2193 608 2260 Κλεισθένης
629 2195 707 2247 καὶ
731 2195 914 2262 δρόμον
935 2193 1014 2246 καὶ
1036 2194 1353 2260 παλαίστρην
1373 2193 1707 2261 ποιησάμενος
1728 2194 1805 2248 ἐπ’
1824 2194 1956 2247 αὗτῶ
1973 2204 2132 2265 μαῖα

171 2290 259 2340 127
296 2278 450 2348 τούτῳ
504 2280 627 2347 εἶχε.
714 2278 814 2331 ἀπὸ
862 2280 956 2344 μὲν
1006 2277 1065 2343 δὴ
1118 2277 1334 2342 Ἰταλίης
1384 2277 1509 2344 ἦλθε
1559 2281 1882 2346 Σμινδυρίδης
1927 2281 1955 2331 6

353 2417 560 2472 Ιπρῶτον
581 2416 614 2456 C
630 2417 669 2455 R
684 2416 724 2456 V
907 2428 932 2454 2
953 2421 995 2455 et
1015 2428 1040 2465 5
1070 2432 1156 2456 κοτ.
1179 2414 1233 2456 S.
1264 2414 1415 2486 κόθρον.
1431 2415 1480 2454 R
1656 2427 1682 2465 3
1710 2420 1782 2458 τοῦ
1801 2420 1955 2470 χρυσοῦ

294 2471 337 2511 Α
349 2471 384 2511 Β
401 2472 434 2512 C
590 2486 615 2522 4
648 2474 765 2524 ἐξηιει
785 2470 826 2510 Α
842 2471 877 2509 Β
894 2470 927 2509 C
1093 2483 1117 2520 5
1147 2470 1265 2523 μόγις
1283 2469 1358 2521 μὲν
1377 2471 1470 2512 τοὺς
1491 2469 1550 2509 S.
1577 2471 1796 2523 μεγίστους
1815 2471 1856 2509 A
1870 2472 1904 2510 B
1918 2471 1952 2510 C

295 2527 412 2579 τω(ι)
434 2527 470 2565 Β
485 2527 518 2566 C
700 2527 728 2564 6
758 2527 893 2567 ἐοικὼς
913 2525 953 2564 A
966 2525 1001 2564 Β
1133 2526 1196 2566 καὶ
1216 2537 1297 2565 om.
1319 2524 1365 2564 C
1540 2538 1562 2574 7
1596 2525 1796 2578 ἐξόγκωτο
1819 2525 1859 2564 R
1875 2526 1904 2565 S
1917 2526 1956 2565 V

295 2583 322 2620 8
350 2599 397 2622 τε
416 2595 497 2621 om.
522 2583 561 2621 R
576 2581 704 2622 SVP
717 2581 770 2632 (²)
914 2580 1031 2633 ἕτερα
1051 2579 1238 2632 δωρέεται
1259 2582 1330 2621 ουκ
1352 2578 1514 2621 ἐλάσσω
1534 2580 1675 2621 κείνων
1693 2580 1734 2619 Α
1747 2579 1781 2618 Β
1795 2580 1828 2619 C
1852 2581 1954 2634 (ἐκ.)

295 2650 323 2685 9
349 2635 472 2687 μὲν..
489 2638 619 2678 ,ουτω
637 2649 721 2676 om.
745 2636 776 2675 S
789 2635 829 2675 V
911 2636 1013 2677 οἷκία
1034 2634 1073 2672 R
1190 2647 1239 2673 10
1259 2635 1384 2676 οὕτως
1403 2636 1506 2675 οὕτω
1527 2634 1567 2673 R
1681 2647 1728 2674 11
1751 2634 1953 2686 Ὀλύμπια

297 2691 337 2729 R
352 2691 381 2729 S
394 2691 433 2730 V
573 2705 621 2730 12
649 2690 724 2743 μὲν
746 2691 777 2730 S
789 2690 853 2729 V:
883 2691 1009 2739 αὐτην
1028 2688 1068 2726 Α
1082 2688 1117 2726 Β
1133 2688 1166 2727 C
1277 2693 1472 2732 Σικυῶνος
1493 2688 1691 2730 Cantabr.
1803 2690 1953 2742 ἐξήειρε

296 2745 359 2784 P:
391 2746 566 2815 ἐξήγειρε
588 2747 623 2785 C
823 2757 871 2794 13
903 2747 945 2785 ἐν
970 2743 1096 2794 τοῖσι]
1124 2745 1307 2784 αὐτοῖσιν
1338 2743 1376 2780 R
1392 2742 1474 2782 SV
1636 2743 1686 2792 ἣν
1710 2756 1790 2784 om.
1812 2744 1852 2782 A
1867 2744 1902 2782 B
1918 2744 1952 2782 C

298 2812 346 2848 14
376 2800 598 2850 Κλεισθένη
620 2801 659 2839 R
675 2801 704 2840 S
718 2799 756 2839 V
855 2797 1020 2852 Ἀνδρέα
1037 2797 1078 2836 Α
1092 2797 1126 2836 Β
1241 2809 1289 2847 15
1321 2797 1489 2846 ἐθέλησε
1509 2796 1549 2835 Α
1563 2797 1597 2835 Β
1714 2800 1763 2836 16
1792 2798 1953 2839 πάντων

296 2853 330 2891 Ρ
344 2854 383 2892 R
397 2854 428 2892 S
441 2855 478 2893 V
589 2868 642 2902 2ο
669 2855 863 2907 ἑξήκοντα
876 2854 915 2892 R
1028 2866 1080 2891 22
1103 2851 1251 2906 ἡμέρης
1265 2852 1479 2906 ἀρξαμένου
1493 2850 1533 2889 Α
1547 2851 1580 2889 Β
1597 2851 1631 2889 C
1743 2865 1795 2901 23
1824 2851 1950 2904 ἦσαν]

295 2908 392 2950 εἶναι
415 2909 448 2947 C
618 2922 670 2959 24
700 2911 798 2950 αὐτὸ
817 2912 939 2950 τοῦτο
961 2906 999 2945 R
1015 2908 1045 2946 S
1058 2907 1094 2945 V

1983 2254 2132 2341 25,ἐ
