2132 3340
714 112 717 115 ,
751 56 1130 106 ΙΣΤΟΡΙΩΝ
1192 56 1241 104 H
1867 51 1980 100 VII.
2009 63 2102 112 104

155 188 597 259 πατρώιαᾶπολίν
641 211 694 242 τε
740 188 818 241 καὶ
865 187 1064 257 φυγάδα
1105 186 1428 254 πεποιήκασι,
1461 185 1623 253 πατὴρ
1661 188 1716 239 δὲ
1755 182 1830 254 (ὁ)

155 281 246 331 σὸς
285 273 649 341 ὑποδεξάμενος
688 276 807 340 βίον
842 273 899 326 τέ
940 294 1024 339 μοι
1071 273 1148 325 καὶ
1194 273 1331 325 οἶκον
1375 271 1544 325 ἔδωκε.
1632 271 1719 323 οὐκ
1760 269 1827 324 ὧν

154 361 289 415 οἶκός
325 361 435 413 ε’στι
471 355 625 427 ἄνδρα
663 358 752 411 τὸν
789 358 1033 427 σώφρονα
1075 357 1268 423 εὐνοίην
1306 355 1616 425 φαινομένην
1653 355 1824 409 διωθέ-

155 448 316 505 εσθαι,
349 446 484 497 ἀλλὰ
515 443 745 512 στέργειν
774 442 1016 510 μάλιστα.
1107 443 1206 510 ἐγὼ
1238 445 1292 495 δὲ
1322 442 1436 495 οὔτε
1465 440 1585 494 δέκα
1615 440 1827 508 ἀνδράσι
1866 457 1891 501 3

105 552 129 594 5
152 531 431 599 ὑπίσχομαι
454 529 556 584 οἷός
586 550 640 582 τε
671 527 797 582 εἶναι
827 526 1083 597 μάχεσθαι
1114 527 1228 580 οὔτε
1252 530 1431 586 δυοῖσι,
1458 526 1583 579 ἑκών
1613 547 1669 579 τε
1700 526 1825 579 εἶναι
1866 550 1883 559 ²

153 614 252 666 οὐδ’
282 613 342 667 ἂν
371 612 774 682 μουνομαχέοιμι.
865 614 908 665 εἷ
939 615 993 665 δὲ
1030 613 1273 680 ἀναγκαίη
1316 614 1390 676 ε’ίη
1427 607 1457 676 ἢ
1493 610 1651 678 μέγας
1685 632 1761 665 τις
1798 613 1824 662 ὁ

154 699 432 767 ἐποτρύνων
473 699 624 767 ἀγών,
661 699 916 766 μαχοίμην
956 696 1019 750 ἂν
1063 695 1265 750 πάντων
1301 696 1483 761 ἥδιστα
1520 695 1594 748 ἑνὶ
1634 696 1823 748 τούτων

152 788 252 836 τῶν
287 785 477 851 ἀνδρῶν
514 783 560 836 οἳ
594 781 861 848 Ἑλλήνων
900 782 1111 836 ἔκαστός
1146 787 1277 849 φησι
1316 785 1464 848 τριῶν
1500 778 1638 846 ἄξιος
1676 780 1819 843 εἶναι,

153 869 217 923 ὣς
247 871 300 920 δὲ
331 870 410 921 καὶ
443 868 822 934 Λακεδαιμόνιοι
861 867 986 919 κατὰ
1026 869 1118 932 μὲν
1157 866 1246 919 ἕνα
1284 866 1563 935 μαχόμενοι
1594 866 1821 931 οὐδαμῶν
1857 882 1886 925 4

78 974 128 1003 ιο
152 956 252 1006 εἰσι
299 954 521 1008 κακίονες
564 953 771 1019 ἀνδρῶν,
813 950 959 1007 ἁλέες
1004 953 1058 1004 δὲ
1100 950 1298 1018 ἄριστοι
1332 951 1523 1018 ἀνδρῶν
1569 949 1817 1004 ἁπάντων.

151 1038 402 1106 ἐλεύθεροι
432 1040 527 1106 γὰρ
558 1037 723 1091 ἐόντες
760 1036 816 1088 οὐ
855 1034 1016 1089 πάντα
1055 1036 1314 1103 ἐλεύθεροί
1340 1037 1458 1088 εἶσι·
1521 1034 1696 1088 ἔπεστι
1725 1035 1821 1103 γάρ

152 1129 252 1191 σφι
280 1123 528 1188 δεσπότης
558 1122 723 1188 νόμος,
756 1120 844 1173 τὸν
875 1122 1283 1186 ὑποδειμαίνουσι
1313 1125 1488 1190 πολλῷ
1520 1119 1594 1172 ἔτι
1623 1123 1821 1186 μᾶλλον

149 1203 179 1272 ἢ
211 1209 257 1259 οἱ
289 1207 371 1259 σοὶ
404 1204 480 1260 σε’.
547 1211 744 1259 ποιεῦσι
775 1210 879 1274 γῶν
908 1207 971 1257 τὰ
1000 1204 1062 1258 ἂν
1092 1206 1281 1258 ἐκεῖνος
1310 1205 1499 1277 ἀνώγῃ·
1553 1205 1737 1272 ἀνώγει
1767 1207 1820 1257 δὲ
1861 1220 1883 1267 5

149 1291 307 1344 τώυτὸ
346 1292 457 1352 αἰεί,
501 1291 587 1344 οὐκ
626 1293 720 1343 ἐῶν
766 1291 974 1358 φεύγειν
1019 1289 1163 1342 οὐδὲν
1207 1292 1399 1355 πλῆθος
1445 1290 1718 1357 ἀνθρώπων
1766 1292 1819 1341 ἐκ

75 1396 122 1436 15
147 1375 327 1445 μάχης,
352 1377 486 1429 ἀλλὰ
504 1375 750 1443 Γμένοντας
775 1377 830 1428 ἐν
852 1376 911 1449 τῇ
937 1373 1047 1440 τάξι
1078 1373 1387 1442 ἐπικρατέειν
1416 1370 1446 1439 ἢ
1479 1375 1815 1428 ἀπόλλυσθαι.

148 1461 232 1513 σοὶ
275 1463 330 1514 δὲ
373 1463 416 1514 εἰ
461 1462 703 1529 φαίνομαι
747 1463 902 1512 ταῦτα
945 1459 1112 1526 λέγων
1157 1458 1443 1528 φλυηρέειν,
1486 1460 1621 1511 ἀλλὰ
1668 1463 1818 1527 σιγᾶν

148 1545 278 1598 θέλω
307 1545 366 1598 τὸ
394 1546 589 1599 λοιπόν·
635 1550 722 1598 νῦν
746 1548 800 1598 δὲ
824 1545 1159 1613 ἀναγκασθεὶς
1188 1543 1354 1610 ἔλεξα.
1422 1543 1619 1612 γένοιτο
1648 1475 2111 1698 μέντψ

147 1633 270 1684 κατὰ
300 1631 416 1684 νόον
446 1652 539 1690 τοι,
572 1634 806 1697 βασιλεῦ.

227 1715 290 1768 ‘O
332 1718 424 1782 μὲν
468 1715 525 1781 δὴ
570 1719 724 1767 ταῦτα
767 1715 1036 1783 ἀμείψατο,
1086 1713 1380 1783 Ξέρξης.’δὲ
1425 1715 1476 1768 ἐς
1519 1713 1715 1782 γέλωτά
1762 1737 1816 1767 τε
1854 1731 1946 1781 105
1994 1771 1996 1773 ,

71 1819 122 1848 20
146 1800 329 1869 ἔτρεψε
361 1800 440 1853 καὶ
471 1801 558 1854 οὐκ
583 1798 856 1865 ἐποιήσατο
879 1799 1032 1868 ὀργὴν
1062 1800 1310 1866 οὐδεμίαν,
1338 1799 1455 1852 ἀλλ’
1484 1799 1642 1864 ἠπίως
1666 1800 1815 1852 αὐτὸν

143 1884 491 1953 ἀπεπέμψατο.
583 1885 740 1955 τούτῳ
772 1887 826 1937 δὲ
863 1887 914 1938 ἐς
954 1885 1137 1953 λόγους
1158 1885 1336 1937 ’ἐλθὼν
1373 1883 1569 1951 Ξέρξης
1606 1886 1685 1937 καὶ
1721 1885 1811 1938 ὕπ-

143 1990 300 2038 αρχον
341 1971 395 2023 ἐν
438 1975 506 2040 τῷ
549 1970 782 2040 Δορίσκῳ
824 1970 980 2040 τούτῳ
1024 1968 1343 2034 καταστήσας
1390 1967 1682 2036 Μασκάμην
1726 1969 1813 2022 τὸν

144 2055 500 2121 Μεγαδόστεω,
522 2054 609 2107 τὸν
628 2056 682 2106 δὲ
703 2053 800 2106 ὑπὸ
826 2054 1040 2122 Δαρείου
1064 2053 1313 2106 σταθέντα
1335 2054 1674 2114 καταπαύσας,
1697 2053 1809 2120 ἐξή-

139 2143 294 2191 λαυνε
344 2138 432 2192 τὸν
485 2137 700 2206 στρατὸν
752 2140 832 2190 διὰ
883 2142 971 2204 τῆς
1024 2140 1246 2206 Θρηίκης
1292 2139 1373 2191 ἐπὶ
1422 2137 1513 2203 τὴν
1563 2138 1931 2214 Ἑλλάδαωμρ
1953 2159 2101 2200 „vm

69 2240 116 2280 25
142 2221 379 2276 κατέλιπε
409 2226 463 2276 δὲ
494 2222 648 2290 ἄνδρα
677 2223 870 2276 τοιόνδε
902 2222 1193 2292 Μασκάμην
1223 2223 1511 2291 γενόμενον,
1544 2228 1612 2294 τῷ
1643 2225 1808 2295 μούνῳ
1834 2192 2132 2281 maffia

143 2305 336 2374 Ξέρξης
365 2311 496 2376 δῶρα
526 2307 786 2374 πέμπεσκε
817 2307 883 2362 ὡς
912 2308 1227 2375 ἀριστεύοντι
1250 2306 1451 2360 πάντων
1481 2308 1633 2363 ὅσους
1663 2309 1809 2362 αὐτὸς
1996 2303 1999 2307 ’

198 2458 215 2484 1
247 2445 311 2499 δὲ]
333 2464 380 2488 τε
401 2445 488 2485 ΑΒ
505 2446 538 2484 C
651 2449 672 2487 ὁ
693 2447 788 2487 add.
817 2445 985 2486 Bekker
1170 2461 1195 2487 2
1218 2446 1310 2495 βίου
1334 2446 1372 2485 R
1387 2445 1425 2485 V
1590 2460 1617 2496 3
1647 2448 1753 2489 εἰκός
1777 2448 1807 2486 S

140 2512 168 2552 5
209 2501 440 2553 ὑπόσχομαι
480 2501 520 2540 R
541 2499 593 2540 V¹
739 2504 915 2543 οὐτεοισι
954 2500 995 2539 Α
1016 2501 1051 2540 Β
1075 2501 1109 2541 C
1330 2502 1356 2539 6
1399 2518 1538 2552 μονομ.
1581 2502 1631 2540 C1
1656 2503 1695 2541 R
1719 2503 1749 2541 S
1770 2503 1808 2542 V

141 2556 169 2596 8
196 2564 296 2609 φασι
315 2556 582 2596 Valckenaer
799 2569 826 2607 9
855 2557 922 2597 καὶ
941 2569 1020 2596 om.
1050 2556 1085 2595 C
1233 2555 1480 2608 μαχεόμενοι
1501 2556 1540 2595 Α
1554 2556 1588 2594 Β
1604 2558 1637 2595 C
1654 2571 1662 2596 :
1693 2558 1808 2609 μαχό

142 2611 242 2663 (sic)
282 2611 320 2650 R
546 2623 595 2650 10
639 2612 718 2652 εἶσι
754 2616 797 2649 et
831 2612 983 2665 ἀνδρῶν
1016 2624 1096 2651 om.
1132 2610 1171 2649 R
1339 2610 1498 2662 ἄριστοί
1530 2614 1633 2652 εἶσιν
1665 2611 1703 2650 R
1723 2612 1753 2651 S
1772 2613 1808 2651 V

146 2679 193 2717 14
226 2666 317 2708 οὐδὲ
339 2665 378 2704 R
505 2667 657 2719 ἀνδρῶν
679 2665 713 2704 Ρ
883 2677 930 2715 15
960 2666 1069 2718 τάξει
1092 2666 1126 2704 L
1297 2667 1346 2703 16
1374 2666 1485 2707 ἀλλὰ
1507 2666 1693 2707 Reiske:
1726 2667 1806 2719 ἅμα

139 2721 180 2760 Α
194 2722 228 2761 Β
243 2721 277 2761 C
296 2736 304 2760 ε
334 2721 373 2762 τ’
388 2722 498 2763 ἄλλα
518 2720 610 2761 rell.
801 2733 847 2771 17
880 2721 1005 2762 ἐθέλω
1027 2720 1061 2759 Ρ
1075 2721 1112 2759 R
1129 2720 1159 2759 S
1173 2721 1212 2760 V
1332 2737 1380 2760 τε
1399 2720 1438 2759 Α
1452 2720 1487 2758 Β
1503 2720 1537 2759 C
1646 2722 1804 2774 ’γίνοιτο

142 2776 182 2816 R
194 2776 233 2815 V
425 2776 472 2814 18
503 2775 624 2826 νόμον
647 2775 686 2814 R
825 2792 887 2816 τοι
908 2788 989 2816 om.
1015 2775 1054 2814 R
1069 2775 1100 2814 S
1114 2776 1152 2814 V
1350 2787 1399 2824 19
1428 2774 1571 2828 Ξέρξης
1585 2807 1594 2815 .
1613 2806 1621 2815 .
1637 2808 1645 2816 .
1662 2777 1805 2830 ἔτρεψε

139 2844 224 2872 om.
249 2831 288 2869 R
415 2848 462 2871 τε
484 2844 566 2871 om.
593 2830 623 2869 S
638 2830 675 2869 V
857 2843 911 2869 20
941 2830 1138 2884 ἐτρέψατο
1162 2830 1194 2869 Ρ
1207 2830 1237 2869 S
1252 2830 1290 2869 V
1410 2831 1598 2881 οὐδεμίην
1620 2831 1653 2870 Ρ
1668 2832 1707 2871 R
1723 2832 1753 2871 S
1768 2833 1805 2871 V

139 2899 188 2924 21
212 2886 366 2927 τούτων
382 2885 415 2924 C
433 2886 471 2924 R
583 2898 635 2924 22
654 2886 727 2926 τὸν
740 2898 822 2925 om.
843 2885 876 2924 C
989 2898 1041 2935 23
1059 2884 1340 2938 Μεγαλόστεω
1356 2885 1394 2924 R
1410 2885 1439 2925 S
1454 2885 1491 2924 V
1600 2899 1653 2937 25
1672 2887 1804 2940 μούνῳ

139 2953 221 2982 om.
239 2941 277 2979 A
291 2941 326 2980 B
341 2941 374 2980 C
542 2942 595 2980 26
623 2939 746 2995 Ξέρξη
763 2940 803 2980 R
916 2940 1080 2994 ἀρίστωι
1102 2940 1187 2982 ὄντι
1203 2940 1243 2979 Α
1258 2940 1292 2980 Β
1306 2940 1340 2980 C

1570 3010 1645 3051 13*
