2132 3340
725 65 1104 114 ΙΣΤΟΡΙΩΝ
1167 66 1216 113 Η
1845 66 2059 129 V11.77·‘

138 197 444 264 καλεύμενοι,
477 195 568 262 τὴν
597 196 749 262 αὐτὴν
782 195 952 261 Κίλιξι
984 196 1124 266 εἶχον
1155 193 1356 261 σκευήν,
1384 195 1473 260 τὴν
1505 195 1621 262 ἐγώ,
1655 196 1808 248 ἐπεὰν

137 284 262 335 κατὰ
299 280 390 346 τὴν
427 282 647 334 Κιλίκων
691 279 832 346 τάξιν
878 281 1074 347 διεξιὼν
1116 279 1354 349 γένωμαι,
1393 281 1509 333 τότε
1544 279 2132 384 σημανέωὶωθι(ἧν-’ΚΜΔΙ

136 365 330 419 Μιλύαι
359 368 414 419 δὲ
450 365 636 434 αἰχμάς
671 387 725 418 τε
759 365 986 434 βραχέας
1024 388 1166 435 ειχον
1205 366 1285 418 καὶ
1325 367 1503 431 εἵματα
1475 366 1805 433 ἐνεπεπορ-
1812 382 2132 444 buz-...amu

135 449 305 504 πέατο·
353 450 492 519 εἶχον
522 453 576 502 δὲ
599 450 761 504 αὐτῶν
784 449 907 516 τόξα
924 449 1255 518 μετεξέτεροι
1268 450 1443 510 Λύκια,
1468 450 1581 518 περὶ
1611 452 1666 502 δὲ
1689 457 1809 523 τῇσι
1864 434 2132 478 m

86 559 109 601 5
136 537 388 608 κεφαλῇσι
420 537 474 587 ἐκ
504 534 782 603 διφθερέων
817 533 1154 601 πεποιημένας
1186 533 1374 590 κυνέας.
1462 534 1652 586 τούτων
1681 534 1805 587 πάν-

132 641 232 672 των
260 618 386 690 ἦρχε
417 619 609 687 Βάδρης
646 621 672 671 6
708 619 995 675 ’Ύστάνεος.
1088 620 1298 688 Μόσχοι
1331 622 1387 672 δὲ
1426 619 1538 686 περὶ
1568 621 1661 685 μὲν
1690 620 1808 692 τῇσι
1842 624 1909 684 78

135 711 390 778 κεφαλῇσι
435 703 608 758 κυνέας
658 703 862 770 ξυλίνας
911 704 1068 774 εἶχον,
1113 705 1335 759 ἀσπίδας
1379 707 1438 756 ’δὲ
1491 705 1572 756 καὶ
1623 706 1808 773 αἰχμὰς

132 787 360 856 σμικράς·
405 789 593 858 λόγχαι
636 792 690 842 δὲ
735 791 931 855 ἐπῆσαν
972 788 1207 858 μεγάλαι.
1301 790 1584 857 Τιβαρηνοὶ
1627 791 1683 841 δὲ
1729 789 1808 841 καὶ

134 872 407 941 Μάκρωνες
437 874 518 926 καὶ
543 875 895 927 Μοσσύνοικοι
929 874 1054 927 κατά
1085 896 1178 942 περ
1204 874 1414 943 Μόσχοι
1444 872 1809 940 ἐσκευασμένοι

59 980 109 1010 ιο
133 959 504 1025 ἐστρατεύοντο.
594 959 796 1014 τούτους
827 962 880 1012 δὲ
917 958 1238 1012 συνέτασσον
1267 958 1510 1029 ἄρχοντες
1541 960 1660 1019 οἵδε,
1695 959 1805 1011 Μό-

133 1064 292 1112 σχους
326 1046 419 1110 μὲν
461 1045 540 1097 καὶ
569 1044 885 1112 Τιβαρηνοὺς
922 1043 1250 1112 Ἀριόμαρδος
1285 1046 1312 1096 ὁ
1351 1045 1568 1110 Δαρείου
1600 1066 1656 1097 τε
1691 1050 1808 1098 παῖς

133 1128 214 1180 καὶ
257 1126 495 1195 Πάρμυος
539 1133 627 1195 τῆς
673 1128 912 1197 Σμέρδιος
956 1134 1043 1181 τοῦ
1088 1130 1269 1196 Κύρου,
1306 1128 1589 1196 Μάκρωνας
1633 1131 1687 1182 δὲ
1730 1130 1809 1182 καὶ

133 1214 517 1269 Μοσσυνοίκους
551 1212 853 1282 Ἀρταΰκτης
885 1215 911 1265 ὁ
942 1212 1249 1282 Χεράσμιος,
1289 1213 1344 1268 ὃς
1385 1218 1586 1278 Σηστὸν
1623 1213 1714 1279 τὴν
1753 1216 1808 1267 ἐν

130 1296 501 1369 Ἑλλησπόντῳ
533 1298 848 1367 ἐπετρόπευε.
920 1303 1092 1366 Μᾶρες
1116 1301 1169 1351 δὲ
1193 1298 1275 1351 ἐπὶ
1298 1301 1390 1364 μὲν
1413 1300 1532 1370 τῇσι
1557 1300 1807 1371 κεφαλῇσι
1843 1314 1913 1364 79

27 1402 106 1445 ,15
133 1381 315 1450 κράνεα
365 1383 609 1452 ἐπιχώρια
657 1386 850 1436 πλεκτὰ
911 1384 1067 1453 εἶχον,
1122 1384 1341 1438 ἀσπίδας
1400 1386 1454 1435 δὲ
1514 1384 1806 1451 δερματίνας

132 1469 345 1534 σμικρὰς
383 1468 461 1520 καὶ
498 1469 717 1521 ἀκόντια.
811 1469 1010 1537 Κόλχοι
1046 1470 1098 1520 δὲ
1133 1467 1245 1535 περὶ
1275 1470 1368 1533 μὲν
1398 1476 1518 1541 τῇσι
1551 1476 1806 1542 κεφαλῇσι

132 1551 314 1619 κράνεα
360 1551 553 1618 ξύλινα,
591 1554 809 1608 ἀσπίδας
852 1556 906 1606 δὲ
947 1552 1233 1619 ὠμοβοΐνας
1271 1555 1484 1621 σμικρᾶς
1525 1552 1709 1621 αἰχμάς
1750 1575 1805 1607 τε

130 1635 371 1706 βραχέας,
405 1637 528 1705 πρὸς
558 1640 611 1690 δὲ
641 1640 893 1711 μαχαίρας
925 1659 1078 1707 ειχον.
1168 1641 1359 1706 Μαρῶν
1390 1640 1443 1690 δὲ
1477 1638 1555 1690 καὶ
1589 1640 1804 1707 Κόλχων
1816 1632 2106 1738 okaekxwvrd

130 1719 255 1790 ἦρχε
285 1721 611 1790 Φαρανδάτης
635 1723 662 1773 6
685 1722 957 1777 Τεάσπιος.
1021 1721 1308 1790 Ἀλαρόδιοι
1332 1726 1385 1776 δὲ
1417 1723 1497 1775 καὶ
1523 1723 1804 1792 Σάσπειρες

56 1832 108 1860 20
132 1805 255 1858 κατά
298 1828 390 1874 περ
437 1807 631 1876 Κόλχοι
685 1807 1000 1874 ὡπλισμένοι
1051 1809 1428 1875 ἐστρατεύοντο.
1516 1808 1706 1861 τούτων
1752 1812 1815 1864 δὲ

132 1893 421 1946 Μασίστιος
467 1893 495 1943 ὁ
542 1894 843 1960 Σιρομίτρεω
892 1892 1032 1961 ἦρχε.
1120 1894 1183 1944 τὰ
1233 1895 1287 1946 δὲ
1334 1895 1608 1959 νησιωτικὰ
1657 1893 1805 1947 ἔθνεα
1843 1903 1914 1951 80

130 1977 193 2028 τὰ
249 1978 305 2029 ἐκ
363 1979 451 2042 τῆς
507 1975 748 2046 Ἐρυθρῆς
799 1977 1066 2043 θαλάσσης
1118 1978 1352 2044 ἑπόμενα,
1409 1977 1578 2044 νήσων
1638 1980 1692 2031 δὲ
1751 1980 1805 2031 ἐν

130 2061 248 2132 τῇσι
297 2061 410 2115 τοὺς
455 2061 809 2116 ἀνασπάστους
855 2061 1186 2128 καλεομένους
1230 2064 1493 2128 κατοικίζει
1535 2063 1800 2129 βασιλεύς,

131 2144 393 2214 ἀγχοτάτω
432 2151 531 2199 τῶν
561 2149 800 2211 Μηδικῶν
836 2146 976 2215 εἶχον
1009 2146 1199 2212 ἐσθῆτά
1233 2169 1287 2200 τε
1330 2148 1410 2199 καὶ
1450 2149 1599 2201 ὅπλα.
1689 2149 1800 2200 τού-

58 2251 106 2293 25
131 2249 231 2282 των
264 2232 318 2282 δὲ
358 2236 457 2283 τῶν
491 2231 780 2296 νησιωτέων
815 2231 939 2300 ἦρχε
977 2233 1275 2299 Μαρδόντης
1314 2233 1340 2283 6
1378 2234 1616 2300 Βαγαίου,
1655 2232 1709 2288 ὃς
1747 2235 1802 2286 ἐν

132 2313 347 2388 Μυκάλῃ
378 2314 700 2383 στρατηγέων
732 2315 939 2386 δευτέρῳ
970 2317 1072 2369 ἔτεϊ
1102 2316 1291 2370 τούτων
1322 2318 1619 2383 ἐτελεύτησε
1656 2320 1711 2370 ἐν
1741 2326 1802 2392 τῇ

128 2396 284 2471 μάχῃ·

214 2486 384 2548 Ταῦτα
428 2483 488 2549 ἧν
531 2486 593 2536 τὰ
640 2483 744 2536 κατ’
788 2483 993 2552 ἤπειρον
1031 2485 1399 2553 στρατευόμενά
1438 2508 1494 2539 τε
1535 2487 1682 2540 ἔθνεα
1722 2487 1801 2540 καὶ
1838 2489 1895 2538 81

131 2567 407 2636 τεταγμένα
448 2571 499 2623 ἐς
535 2569 622 2621 τὸν
658 2570 825 2634 πεζόν.
915 2570 1091 2622 τούτου
1135 2568 1205 2623 ὧν
1250 2576 1337 2622 τοῦ
1382 2576 1599 2638 στρατοῦ
1641 2570 1800 2639 ἦρχον

184 2718 211 2758 3
253 2708 397 2750 Μινύαι
435 2708 474 2747 R
493 2709 523 2748 S
537 2709 574 2748 V
741 2708 1010 2763 ἐνεπορπέατο
1049 2709 1087 2748 R
1107 2709 1137 2749 S
1152 2709 1193 2749 V
1412 2710 1439 2748 8
1481 2710 1622 2764 μικράς
1658 2710 1696 2749 R
1715 2710 1746 2749 S
1763 2710 1802 2750 V

130 2776 158 2813 9
188 2763 429 2804 Μοσύνοικοι
451 2764 483 2802 C
501 2764 534 2802 P
549 2764 579 2803 S
724 2777 774 2804 10
804 2765 1110 2806 συνετάσσοντο
1133 2765 1166 2803 C
1184 2765 1221 2803 R
1239 2765 1269 2804 S
1282 2765 1321 2803 V
1464 2778 1479 2802 1
1491 2778 1506 2803 1
1542 2765 1800 2819 Ἀριόβαρδος

134 2817 173 2856 R
191 2817 271 2857 SV
457 2830 505 2868 13
535 2819 809 2860 Μοσυνοίκους
823 2819 865 2857 'P
878 2820 916 2858 R
933 2819 963 2859 S
977 2819 1014 2858 V
1144 2820 1352 2873 Αὐτάρκης
1373 2823 1394 2861 ὁ
1415 2820 1641 2874 Χοράσμιος
1663 2821 1702 2859 R
1719 2822 1749 2860 S
1762 2821 1800 2859 V

136 2875 186 2911 16
214 2876 382 2926 σμικρὰς
403 2873 464 2912 C.
493 2875 633 2928 μικρὰς
654 2874 745 2914 rell.
975 2888 1022 2925 17
1051 2876 1192 2926 μικρὰς
1216 2875 1251 2914 L
1474 2876 1523 2913 18
1551 2877 1648 2927 πρὸς
1668 2875 1713 2917 δὲ
1734 2877 1799 2916 καὶ

132 2927 270 2967 Aldus
452 2942 502 2979 19
530 2929 776 2983 Φερενδάτης
800 2929 833 2969 Ρ
848 2929 886 2968 R
903 2929 984 2970 SV
1108 2929 1172 2982 δὲ]
1194 2929 1270 2982 μὲν
1291 2930 1331 2969 R
1502 2943 1556 2970 20
1586 2934 1679 2972 ὁπλ.
1706 2930 1747 2969 Α
1762 2930 1797 2969 Β

135 2984 187 3022 26
214 2982 391 3025 τουτέων
412 2982 453 3023 R
466 2983 504 3023 V
670 2985 724 3023 28
752 3000 798 3025 τε
818 2997 902 3024 orn.
925 2985 966 3024 A
980 2983 1016 3024 B
1030 2985 1064 3024 C
1231 2996 1286 3037 29
1313 2982 1408 3037 τὸν]
1430 2984 1479 3027 τὸ
1498 2983 1539 3024 Α
1552 2984 1588 3024 Β
