2132 3340
763 0 1157 69 ISTOPIQN'
1197 20 1247 70 Η

250 153 307 206 οὗ
336 156 431 221 γὰρ
461 155 548 204 τὸν
576 150 770 218 ταύρων
801 148 989 219 σχήσει
1017 148 1167 217 μένος
1197 149 1310 202 οὐδὲ
1338 151 1556 205 λεόντων

249 239 496 303 ἀντιβίην·
544 234 706 300 Ζηνὸς
735 236 830 302 γὰρ
860 235 967 303 ἔχει
995 234 1159 302 μένος·
1206 234 1320 287 οὐδέ
1351 235 1376 287 ἔ
1406 242 1535 303 φημι

1874 16 1990 67 VII.
2016 27 2122 68 220

338 321 352 340 Ι
658 319 672 338 Χ
775 324 799 337 Λ
867 319 880 337 ἳ
917 320 937 340 ΡΙ
1163 322 1182 338 Χ
1274 318 1285 339 Ι
1458 318 1468 338 Ι
2129 324 2132 333 ⁴

250 323 556 391 σχήσεσθαι,
589 341 705 388 πριν
735 323 863 372 τωνδ
911 341 1079 386 ετερον
1109 323 1194 391 δι-ᾳ,
1219 340 1382 372 παντα
1402 322 1641 388 ῂσηται.
1659 322 1919 378 dueum
1937 327 2132 378 ιῦὶωνιι

1219 374 1380 387 ιιιιιι

163 427 317 481 ταῦτά
345 447 400 479 τε
430 425 487 490 δὴ
521 425 880 492 ἐπιλεγόμενον
916 425 1171 489 Λεωνίδην
1209 423 1287 476 καὶ
1308 424 1645 499 βουλόμενον
1686 422 1832 477 κλέος

117 540 138 580 5
165 510 468 565 καταθέσθαι
485 510 681 576 μούνων
702 507 1068 577 Σπαρτιητέων,
1091 507 1390 576 ἀποπέμψαι
1408 507 1523 562 τοὺς
1543 505 1833 576 συμμάχους

161 601 361 664 μᾶλλον
404 591 435 661 ἢ
479 595 651 668 γνώμῃ
697 592 1063 664 διενειχθέντας
1111 593 1264 646 οὕτως
1316 592 1550 659 ἀκόσμως
1599 593 1834 661 οἴχεσθαι

162 681 277 735 τοὺς
309 678 615 750 οἰχομένους.
702 678 973 747 μαρτύριον
1004 677 1060 731 δέ
1087 698 1175 744 μοι
1204 678 1283 730 καὶ
1311 678 1426 730 τόδε
1448 676 1535 728 οὐκ
1560 675 1832 744 ἐλάχιστον

162 766 335 818 τούτου
364 764 477 833 πέρι
505 762 701 832 γέγονε,
727 764 804 816 ὅτι
836 763 914 815 καὶ
946 763 1035 817 τὸν
1056 762 1235 829 μάντιν
1258 760 1312 815 ὃς
1336 762 1503 815 εἵπετο
1532 768 1593 835 τῇ
1624 767 1834 835 στρατιῇ

162 851 331 923 ταύτῃ,
359 850 644 917 Μεγιστίην
667 847 754 901 τὸν
778 847 1079 916 Ἀκαρνῆνα,
1104 848 1382 915 λεγόμενον
1406 846 1532 899 εἶναι
1561 843 1834 898 τάνέκαθεν

89 963 137 992 10
160 934 258 989 ἀπὸ
302 933 660 1000 Μελάμποδος,
706 936 881 986 τοῦτον
924 928 1056 1002 (τὸν)
1107 934 1316 984 εἴπαντα
1363 933 1417 983 ἐκ
1463 935 1563 983 τῶν
1610 932 1728 997 ἱρῶν
1770 931 1834 982 τᾶ

159 1018 415 1086 μέλλοντά
438 1025 538 1088 σφι
560 1018 832 1084 ἐκβαίνειν,
858 1018 1076 1086 φανερός
1099 1018 1209 1069 ἐστι
1228 1016 1480 1081 Λεωνίδης
1503 1013 1830 1081 ἀποπέμπων,

159 1105 241 1157 ἵνα
270 1104 336 1172 μὴ
370 1103 721 1169 συναπόληταί
747 1109 862 1171 σφι.
954 1103 982 1154 ὁ
1012 1103 1067 1154 δὲ
1097 1101 1514 1168 ἀποπεμπόμενος
1553 1099 1701 1155 αὐτὸς
1738 1102 1834 1166 μὲν

160 1189 247 1241 οὐκ
279 1187 506 1248 ἀπέλιπε,
537 1191 625 1240 τὸν
661 1190 715 1240 δὲ
751 1191 905 1240 παῖδα
940 1186 1418 1256 συστρατευόμενον,
1451 1185 1600 1239 ἐόντα
1629 1187 1676 1238 οἱ
1710 1205 1831 1251 μου-

158 1272 382 1341 νογενέα,
407 1271 694 1341 ἀπέπεμψε.
771 1274 818 1324 οἱ
841 1270 933 1338 μέν
957 1292 1045 1325 νυν
1075 1271 1332 1339 σύμμαχοι
1354 1272 1401 1323 οἱ
1423 1270 1833 1336 ἀποπεμπόμενοι

87 1375 133 1418 15
158 1358 362 1427 οἴχοντό
397 1378 454 1411 τε
497 1357 731 1411 ἀπιόντες
777 1356 857 1408 καὶ
901 1344 1162 1410 ἐπείθοντο
1206 1356 1446 1428 Λεωνίδῃ,
1480 1353 1734 1410 Θεσπιέες
1778 1357 1834 1410 δὲ

160 1443 240 1495 καὶ
297 1445 525 1509 Θηβαῖοι
587 1440 881 1508 κατέμειναν
946 1446 1119 1508 μοῦνοι
1180 1441 1315 1509 παρὰ
1372 1442 1829 1507 Λακεδαιμονίοισι.

157 1527 348 1580 τούτων
375 1528 430 1581 δὲ
463 1529 691 1593 Θηβαῖοι
721 1529 814 1593 μὲν
847 1525 1079 1579 ἀέκοντες
1110 1525 1287 1592 ἔμενον
1317 1525 1398 1578 καὶ
1428 1525 1485 1578 οὗ
1523 1524 1832 1592 βουλόμενοι

155 1610 374 1681 (κατεῖχε
403 1610 502 1680 γάρ
532 1618 697 1680 σφεας
731 1611 985 1677 Λεωνίδης
1014 1612 1069 1664 ἐν
1101 1608 1298 1678 ὁμήρων
1326 1611 1464 1680 λόγῳ
1502 1605 1826 1675 ποιεύμενος),

158 1695 409 1750 Θεσπιέες
445 1697 499 1749 δὲ
532 1696 730 1750 ἑκόντες
764 1695 1005 1763 μάλιστα,
1040 1696 1088 1748 οἳ
1126 1694 1215 1748 οὐκ
1255 1695 1454 1764 ἔφασαν
1492 1695 1828 1751 ἀπολιπόντες

82 1804 133 1833 20
156 1782 411 1847 Λεωνίδην
451 1779 533 1845 καὶ
569 1780 684 1835 τοὺς
723 1780 830 1847 μετ’
861 1780 1011 1833 αὐτοῦ
1050 1778 1454 1847 ἀπαλλάξεσθαι,
1499 1781 1633 1832 ἀλλὰ
1673 1800 1822 1833 κατα-

152 1866 411 1933 μείναντες
441 1862 804 1919 συναπέθανον.
894 1863 1200 1934 ἐστρατήγεε
1236 1867 1291 1919 δὲ
1326 1863 1488 1918 αὐτῶν
1525 1865 1821 1933 Δημόφιλος

156 1952 463 2018 Διαδρόμεω.

239 2033 432 2103 Ξέρξης
462 2037 517 2088 δὲ
548 2035 657 2088 ἐπεὶ
692 2034 837 2102 ἡλίου
874 2035 1231 2089 ἀνατείλαντος
1267 2037 1492 2089 σπονδὰς
1528 2033 1819 2102 ἐποιήσατο,

153 2120 381 2189 ἐπισχὼν
402 2119 588 2188 χρόνον
612 2121 663 2175 ἐς
693 2120 877 2188 ἀγορῆς
908 2140 994 2172 κου
1021 2119 1248 2186 μάλιστα
1276 2120 1544 2187 πληθώρην
1567 2120 1821 2186 πρόσοδον

80 2225 128 2265 25
154 2202 398 2257 ἐποιέετο·
444 2204 524 2257 καὶ
558 2206 655 2273 γᾶρ
683 2203 969 2258 ἐπέσταλτο
1001 2202 1061 2269 ἐξ
1086 2203 1372 2258 Ἐπιάλτεω
1403 2206 1548 2258 οὕτω·
1593 2203 1692 2257 ἀπὸ
1722 2207 1819 2273 γὰρ

151 2292 239 2341 τοῦ
267 2290 407 2357 ὄρεος
435 2289 465 2355 ἡ
498 2287 780 2356 κατάβασις
811 2287 1162 2356 συντομωτέρη
1184 2288 1242 2342 τέ
1263 2291 1374 2343 ἐστι
1398 2290 1478 2342 καὶ
1507 2289 1829 2359 βραχύτερος

152 2373 179 2424 ὁ
208 2377 372 2443 χῶρος
401 2371 597 2426 πολλὸν
621 2372 654 2439 ἤ
683 2394 775 2440 περ
804 2372 834 2439 ἡ
865 2373 1095 2441 περίοδός
1128 2394 1183 2426 τε
1222 2373 1301 2426 καὶ
1341 2372 1611 2440 ἀνάβασις.
1685 2374 1818 2427 οἵτε

152 2455 211 2523 δὴ
268 2456 526 2525 βάρβαροι
575 2460 623 2511 οἳ
675 2456 804 2526 ἀμφὶ
863 2454 1062 2524 Ξέρξην
1111 2455 1401 2525 προσήισαν
1453 2458 1532 2511 καὶ
1590 2459 1637 2512 οἱ
1686 2458 1818 2527 ἀμφὶ

208 2608 227 2635 1
259 2600 342 2638 τῶν
362 2595 397 2635 C
411 2595 442 2637 S
599 2610 634 2646 4»
654 2594 698 2638 δὲ
718 2596 768 2647 δὴ
789 2594 900 2638 Plut.
923 2607 1025 2637 mor.
1049 2595 1133 2646 865
1151 2609 1162 2637 2
1190 2595 1234 2638 δὲ
1255 2595 1287 2636 S
1452 2607 1479 2647 5
1506 2594 1662 2648 μούνων
1681 2594 1816 2640 Plut.:

149 2649 298 2702 μούνον
326 2650 391 2692 C:
422 2654 569 2703 μοῦνον
595 2650 684 2691 rell.
904 2651 932 2690 6
961 2649 1243 2704 διενεχθέντας
1273 2651 1308 2691 L
1529 2664 1553 2702 7
1584 2653 1648 2694 καὶ
1674 2664 1759 2694 om.
1781 2651 1817 2693 C

149 2718 179 2755 9
206 2705 421 2759 Μεγίστην
439 2707 513 2748 τὸν
532 2707 737 2760 Ἀβαρῆνα
756 2705 791 2747 C
900 2706 954 2748 τὰ
974 2704 1166 2748 ἀνέκαθεν
1182 2705 1224 2745 Α
1238 2706 1273 2745 Β
1287 2706 1321 2746 C
1337 2705 1371 2745 P
1547 2719 1598 2748 10
1624 2708 1700 2749 τὸν
1717 2707 1814 2749 add.

152 2759 327 2800 Bekker
410 2759 577 2804 εἵπόντα
592 2761 632 2800 R
652 2775 662 2800 :
692 2764 859 2803 εἴπαντα
875 2762 1108 2815 (suprascr.
1129 2760 1193 2811 ον)
1209 2761 1247 2800 V
1362 2774 1412 2812 13
1438 2761 1662 2803 ἀπελίπετο
1677 2761 1717 2801 Α
1730 2761 1767 2801 Β
1782 2762 1818 2804 C

155 2825 202 2865 14
232 2815 303 2856 alt.
326 2817 362 2857 οἱ
384 2828 466 2856 om.
491 2816 579 2855 AB
597 2815 631 2855 C
653 2814 761 2856 Plut.
903 2827 952 2866 15
981 2833 1029 2858 τε
1048 2828 1132 2857 om.
1159 2814 1294 2856 RSV
1437 2818 1488 2856 18
1517 2816 1704 2870 ὁμήρω(ι)
1726 2816 1814 2858 CR

151 2881 206 2920 23
231 2871 573 2913 ἐπανατείλαντος
595 2869 636 2910 R
651 2869 732 2910 SV
842 2881 894 2925 25
917 2874 959 2926 ἐξ
976 2883 1056 2916 om.
1085 2870 1120 2913 C
1231 2883 1283 2923 27
1306 2870 1453 2927 χρόνος
1474 2871 1509 2912 Ρ
1619 2872 1672 2911 28
1693 2885 1813 2927 προσ·

150 2923 278 2977 ήεσαν
300 2923 340 2967 R
356 2924 387 2964 S
400 2925 439 2967 V
551 2928 587 2969 οἱ
606 2938 687 2968 om.
714 2926 754 2966 R
766 2924 805 2965 V

1915 391 2103 451 γῆίεμ
2124 418 2132 429 .

1870 687 1960 725 221

1867 1281 1966 1319 222

1856 2045 1958 2099 223
