2132 3340
774 49 1154 126 ΙΣΤΟΡΙΩΝ
1217 49 1266 97 H
1893 50 2005 101 VII.
2033 50 2132 101 208

185 181 281 249 πρὸ
323 186 410 234 τοῦ
449 181 643 248 τείχεος
683 182 744 232 τὰ
788 182 924 234 ὅπλα
968 180 1146 233 ἔκειτο.
1233 180 1412 249 ἔτυχον
1457 183 1510 233 δὲ
1550 185 1724 233 τοῦτον
1763 180 1852 233 τὸν

184 266 368 335 χρόνον
413 265 795 331 Λακεδαιμόνιοι
834 264 929 330 ἔξω
970 263 1276 332 τεταγμένοι.
1365 265 1480 320 τοὺς
1518 267 1610 331 μὲν
1649 264 1708 330 δὴ
1749 265 1852 332 ὥρα
1889 282 1915 326 3

184 348 578 419 γυμναζομένους
607 354 706 401 τῶν
732 351 938 417 ἀνδρῶν,
963 349 1078 403 τοὺς
1101 352 1154 402 δὲ
1177 351 1265 403 τὰς
1290 349 1444 415 κόμας
1459 348 1851 415 κτενιζομένους.

184 439 339 487 ταῦτα
360 433 419 499 δὴ
445 434 689 500 θεώμενος
711 434 931 499 ἐθώμαζε
957 434 1036 486 καὶ
1059 433 1116 485 τὸ
1136 437 1328 499 πλῆθος
1353 433 1615 500 ἐμάνθανε.
1678 434 1852 500 μαθὼν

130 544 158 585 75
183 521 237 572 δὲ
266 517 429 572 πάντα
456 517 699 585 ἀτρεκέως
730 516 987 583 ἀπήλαυνε
1016 518 1177 570 ὀπίσω
1210 517 1318 570 κατ’
1339 518 1574 587 ἡσυχίην·
1620 518 1734 572 οὔτε
1757 518 1853 587 γάρ

183 624 257 657 τις
287 603 459 655 ἐδίωκε
490 603 700 670 ἀλογίης
734 624 789 655 τε
820 602 1031 669 ἐκύρησε
1071 605 1284 667 πολλῆς·
1330 602 1565 655 ἀπελθών
1608 623 1664 655 τε
1704 602 1852 670 ἔλεγε

183 686 306 755 πρὸς
343 685 540 754 Ξέρξην
579 685 640 739 τά
684 709 777 755 περ
821 687 1019 740 ὀπώπεε
1059 687 1236 740 πάντα.
1325 687 1516 739 ἀκούων
1560 689 1614 740 δὲ
1660 685 1853 755 Ξέρξης
1889 706 1998 756 209

74 792 106 888 n
184 771 271 823 οὐκ
301 770 409 840 εἶχε
439 769 798 837 συμβαλέσθαι
827 770 884 823 τὸ
915 772 1015 831 ἐόν,
1051 773 1125 823 ὅτι
1158 770 1586 839 παρεσκευάζοντο
1618 771 1684 826 ὧς
1725 772 1848 824 ἀπο-

184 856 420 922 λεόμενοί
445 877 499 908 τε
524 856 602 908 καὶ
626 854 928 910 ἀπολέοντες
959 857 1082 907 κατὰ
1106 856 1327 922 δύναμιν·
1374 854 1491 908 ἀλλ’
1514 855 1643 926 αὐτῷ
1676 861 1853 924 γελοῖα

111 961 160 992 10
184 943 280 1008 γὰρ
323 941 590 1007 ἐφαίνοντο
631 938 832 999 ποιέειν,
864 938 1222 1008 μετεπέμψατο
1260 940 1560 1007 Δημάρητον
1596 940 1684 994 τὸν
1706 941 1849 1046 Ἀρί-

185 1046 391 1084 στωνος,
419 1025 566 1076 ἐόντα
591 1025 644 1076 ἐν
667 1025 734 1095 τῷ
762 1023 1099 1095 στρατοπέδῳ.
1169 1025 1468 1091 ἀπικόμενον
1491 1024 1547 1078 δέ
1567 1046 1653 1091 μιν
1677 1026 1853 1093 εἰρώτα
1889 1041 1917 1075 2

186 1107 438 1175 Ξέρξης“
411 1129 600 1162 εκαστα
640 1108 844 1168 τούτων,
878 1107 1067 1161 ἐθέλων
1105 1113 1280 1175 μαθεῖν
1311 1108 1367 1161 τὸ
1396 1110 1689 1176 ποιεύμενον
1729 1109 1853 1177 πρὸς

184 1198 283 1245 τῶν
307 1193 727 1259 Λακεδαιμονίων.
815 1194 841 1244 ὁ
864 1195 918 1245 δὲ
943 1215 1068 1246 ειπε·
1107 1192 1369 1248 Ηκουσας
1391 1196 1484 1259 μὲν
1508 1194 1587 1245 καὶ
1610 1194 1852 1262 πρότερόν

183 1298 289 1343 μευ,
324 1277 433 1330 εὖτε
463 1279 689 1344 ὁρμῶμεν
720 1277 802 1330 ἐπὶ
841 1276 931 1342 τὴν
960 1276 1205 1337 Ἑλλάδα,
1238 1277 1349 1344 περὶ
1384 1282 1482 1330 τῶν
1513 1279 1706 1345 ἀνδρῶν
1735 1278 1845 1331 τού-

113 1385 158 1425 15
183 1383 297 1414 των·
351 1361 570 1416 ἀκούσας
614 1364 666 1414 δὲ
711 1360 908 1429 γέλωτά
950 1384 1012 1428 με
1057 1362 1170 1415 ἔθευ
1212 1361 1429 1430 λέγοντα
1471 1364 1530 1435 τῇ
1575 1383 1668 1430 περ
1711 1363 1851 1431 ὥρων

184 1446 508 1512 ἐκβησόμενα
526 1444 791 1514 πρήγματα
809 1451 976 1499 ταῦτα.
1041 1446 1149 1512 ἐμοὶ
1168 1447 1263 1514 γὰρ
1281 1468 1372 1511 την
1393 1448 1630 1512 ἀληθείην
1650 1446 1851 1501 ἀσκέειν

183 1531 329 1583 ἀντία
369 1534 474 1591 σεῦ,
517 1529 555 1583 ὠ
594 1536 832 1597 βασιλεῦ,
867 1532 1004 1598 ἀγὼν
1041 1530 1283 1615 μέγιστός
1324 1532 1451 1583 ἐστι.
1538 1531 1756 1585 ἄκουσον
1796 1534 1850 1584 δὲ
1886 1549 1914 1596 3

185 1615 264 1667 καὶ
293 1618 532 1669 νῦν.οῖ
562 1614 736 1684 ἄνδρες
766 1615 902 1667 οὗτοι
932 1616 1168 1668 ἀπίκαται
1206 1617 1552 1684 μαχησόμενοι
1591 1617 1709 1682 ἡμῖν
1738 1616 1851 1683 περὶ

181 1702 271 1765 τῆς
315 1700 494 1753 ἐσόδου
540 1700 619 1752 καὶ
661 1705 815 1752 ταῦτα
857 1699 1332 1767 παρασκευάζονται.
1419 1701 1571 1766 νόμος
1614 1699 1711 1768 γάρ
1752 1708 1851 1768 σφι

107 1806 158 1836 20
182 1784 310 1836 οὕτω
341 1785 474 1853 ἔχων
505 1786 632 1837 ἐστί·
680 1785 834 1837 ἐπεὰν
861 1783 1093 1850 μέλλωσι
1130 1785 1425 1838 κινδυνεύειν
1456 1786 1702 1858 τῇνψυχῇ,
1736 1784 1850 1838 τότε

182 1870 270 1923 τὰς
329 1871 554 1937 κεφαλὰς
611 1867 926 1934 κοσμέονται.
1014 1870 1263 1938 ἐπίστασο
1314 1868 1384 1922 δέ·
1453 1871 1495 1922 εί
1546 1870 1745 1924 τούτους
1795 1891 1851 1922 τε
1888 1883 1916 1927 4

184 1954 263 2005 καὶ
295 1953 352 2005 τὸ
382 1952 630 2019 ὑπομένον
661 1955 716 2006 ἐν
747 1952 949 2026 Σπάρτῃ
983 1951 1370 2021 καταστρέψεαι,
1405 1954 1515 2006 ἔστι
1545 1954 1687 2007 οὐδὲν
1717 1953 1849 2006 ἄλλο

182 2037 325 2103 ἔθνος
350 2038 635 2105 ’ἀνθρώπων
676 2037 733 2089 τὸ
764 2037 841 2097 σέ,
872 2043 1109 2104 βασιλεῦ,
1142 2036 1404 2104 ὑπομενέει
1443 2043 1614 2107 χεῖρας
1653 2039 1846 2092 ἀνταει-

180 2122 404 2187 ρόμενον·
459 2127 545 2174 νῦν
590 2124 686 2190 γὰρ
731 2122 854 2189 πρὸς
898 2123 1180 2188 βασιληίην
1223 2144 1278 2175 τε
1324 2124 1602 2188 καλλίστην
1648 2128 1746 2175 τῶν
1794 2124 1849 2175 ἐν

108 2228 156 2269 25
171 2203 399 2271 οἘλλησι
444 2205 758 2275 προσφέρεαι
804 2206 883 2259 καὶ
926 2206 1107 2275 ἄνδρας
1151 2207 1399 2274 ἀρίστους.
1492 2206 1647 2275 κάρτα
1688 2229 1744 2261 τε
1788 2207 1846 2273 δὴ
1887 2226 1910 2274 5

184 2287 347 2363 Ξέρξῃ
399 2289 588 2342 ἄπιστα
632 2291 868 2359 ἐφαίνετο
913 2293 976 2344 τὰ
1018 2292 1269 2359 λεγόμενα
1314 2287 1477 2359 [εἶναι]
1524 2292 1602 2344 καὶ
1646 2292 1848 2359 δεύτερα

234 2441 260 2478 3
281 2429 412 2479 κώμας
427 2427 467 2466 R
579 2442 604 2478 4
627 2427 819 2480 ἐθαύμαζε
831 2428 910 2468 Al:
940 2430 1078 2481 ἐθώυμ.
1095 2428 1198 2468 A013
1211 2429 1244 2468 P
1337 2430 1462 2481 μαθὸν
1475 2429 1515 2468 R
1626 2441 1650 2479 5
1671 2433 1801 2470 ταῦτα
1815 2429 1849 2469 Ρ

180 2485 207 2522 6
238 2482 407 2536 ἐκύρησε
427 2482 726 2522 Valckenaer:
756 2482 971 2537 ἐνεκύρησε
994 2484 1028 2523 L
1158 2483 1202 2525 δὲ
1226 2483 1275 2523 Pl
1445 2497 1467 2534 7
1500 2482 1643 2537 Ξέρξεα
1664 2484 1750 2523 PR
1766 2484 1848 2524 SV

179 2538 207 2576 8
236 2536 602 2589 παρασκευάζοιντο
624 2537 762 2577 ABC
780 2539 814 2577 P
1008 2551 1052 2578 11
1083 2555 1151 2590 μιν
1172 2551 1253 2578 om.
1282 2538 1421 2579 RSV
1608 2551 1656 2578 12
1684 2538 1849 2590 μαθέειν

183 2591 317 2631 RSV
490 2604 537 2641 14
567 2594 757 2646 ὧρμῶμεν
779 2592 813 2631 Ρ
924 2595 1037 2646 περὶ.
1056 2591 1239 2634 .τούτων
1259 2607 1340 2634 om.
1367 2594 1398 2633 S
1578 2605 1625 2644 15
1657 2592 1785 2646 λέγον
1806 2594 1847 2633 R

179 2649 232 2700 τῇ
270 2663 343 2699 περ
382 2646 657 2696 Wesseling:
705 2647 757 2688 τά
795 2665 868 2701 περ
908 2648 942 2687 L
1167 2650 1218 2686 16
1263 2647 1351 2701 (τὰ)
1388 2649 1608 2701 πρήγματα
1647 2648 1848 2698 Krueger

184 2713 231 2750 17
261 2701 291 2742 ὦ
312 2715 393 2743 om.
418 2701 555 2740 ABC
745 2702 793 2740 18
822 2704 987 2744 ἀπικται
1008 2719 1214 2756 καταμαχ.
1237 2703 1271 2741 C
1456 2715 1503 2753 19
1532 2702 1846 2755 τέρασκευάζον·

180 2773 246 2796 ται
270 2755 337 2794 R:
365 2773 488 2809 ’γερας
510 2755 773 2807 ‹ruendam-aa
796 2756 879 2796 SV
1089 2771 1143 2797 20
1172 2758 1283 2809 ἔχων
1303 2758 1406 2798 οὕτω
1427 2756 1466 2795 Α
1483 2758 1516 2796 Β
1537 2771 1545 2796 :
1577 2757 1686 2810 ἔχων
1704 2771 1785 2798 om.
1811 2758 1845 2796 C

181 2823 227 2849 21
253 2810 444 2861 σμέονται
456 2811 726 2851 Valckenaer
836 2812 1006 2853 ἐπίσταο
1021 2812 1054 2850 Ρ
1066 2812 1103 2851 R
1116 2812 1145 2850 S
1156 2812 1193 2849 V
1302 2812 1369 2864 τε]
1384 2828 1434 2864 γε
1449 2811 1488 2850 Α
1502 2812 1535 2850 Β
1547 2812 1580 2851 C
1703 2826 1755 2851 22
1776 2829 1844 2853 κα-

181 2864 402 2918 τάστρεψαι
422 2866 456 2905 C
576 2878 629 2916 23
659 2866 968 2919 ἆνταειροίμενον
991 2867 1029 2905 R
1046 2867 1076 2906 S
1090 2867 1127 2905 V
1238 2879 1288 2915 24
1317 2884 1363 2908 τε
1388 2867 1454 2909 καὶ
1474 2867 1704 2916 καλλίστην
1724 2868 1846 2908 πόλιν

180 2923 262 2961 τῶν
280 2919 320 2958 A
335 2921 369 2958 B
384 2920 419 2960 C
435 2921 469 2960 P
580 2923 624 2961 ἐν
643 2934 725 2961 om.
754 2921 792 2959 R
809 2921 889 2961 SV
1048 2933 1100 2972 25
1130 2919 1198 2973 τε]
1220 2919 1262 2963 δὲ
1285 2921 1320 2961 C
1467 2922 1522 2961 26
1550 2922 1702 2964 ἄπιστα
1723 2921 1842 2977 Ξέρξῃ

184 2973 368 3015 PRSV
478 2975 883 3017 efvaaomAERSV
