2034 3328
695 110 1076 159 ΙΣΤΟΡΙΩΝ
1142 111 1179 158 Ε

104 240 162 305 δὴ
208 241 486 308 προσσχὼν
531 242 582 295 ἐς
627 240 864 307 Φάληρον
912 240 1002 305 τὴν
1049 240 1288 307 στρατιὴν
1336 240 1584 306 ἀπέβησε,
1633 244 1678 293 οἱ
1729 243 1780 292 δὲ

105 326 522 391 Πεισιστρατίδαι
546 326 1005 392 προπυνθανόμενοι
1028 331 1180 377 ταῦτα
1203 325 1535 378 ἐπεκαλέοντο
1559 327 1613 376 ἐκ
1639 329 1775 376 Θεσ-

105 411 286 474 σαλίης
306 411 604 476 ἐπικουρίην·
637 411 902 474 ἐπεποίητο
925 409 1020 478 γάρ
1042 416 1139 477 σφι
1162 412 1420 478 συμμαχίη
1442 409 1562 476 πρὸς
1586 410 1776 463 αὐτούς.

1817 111 1878 162 V.
1898 79 1966 169 63

107 494 374 546 Θεσσαλοὶ
406 493 461 545 δέ
492 501 589 561 σφι
619 494 903 560 δεομένοισι
925 493 1232 561 ἀπέπεμψαν
1257 502 1394 567 κοινῇ
1418 495 1588 561 γνώμη
1620 474 2034 562 xpeoss-‘ffi‘m

57 603 79 643 5
103 599 244 645 μενοι
274 579 445 647 χιλίην
469 600 523 631 τε
555 579 710 631 ἵππον
735 579 815 630 καὶ
845 578 932 631 τὸν
954 577 1180 644 βασιλέα
1211 577 1297 630 τὸν
1321 578 1571 644 σφέτερον
1597 578 1780 643 Κινέην

103 662 259 729 ἄνδρα
301 666 554 715 Κονιαῖον·
601 663 717 717 τοὺς
762 664 924 715 ἐπείτε
968 663 1127 731 ἔσχον
1170 661 1463 731 συμμάχους
1509 665 1554 714 οἱ
1600 667 1777 715 Πεισι-

105 749 378 815 στρατίδαι,
412 749 733 816 ἐμηχανῶντο
768 746 950 799 τοιάδε·
999 749 1244 814 κείραντες
1279 752 1378 798 τῶν
1408 746 1686 814 Φαληρέων
1722 746 1779 798 τὸ

104 833 276 885 πεδίον
307 832 386 884 καὶ
420 831 698 898 ἱππάσιμον
727 830 1027 897 ποιήσαντες
1061 837 1236 883 τοῦτον
1266 831 1353 883 τὸν
1386 836 1555 900 χῶρον
1591 832 1780 896 ἐπῆκαν

104 921 172 987 τῷ
204 916 524 987 στρατοπέδῳ
554 916 645 981 τὴν
675 917 843 969 ἵππον·
890 918 1183 982 ἐμπεσοῦσα
1219 918 1270 967 δὲ
1308 914 1559 982 διέφθειρε
1594 915 1780 970 ἄλλους

33 1026 82 1055 ιο
105 1021 160 1054 τε
189 1001 412 1056 πολλοὺς
441 1006 541 1054 τῶν
574 1001 976 1067 Λακεδαιμονίων
1007 1001 1087 1053 καὶ
1117 999 1174 1064 δὴ
1207 1001 1286 1051 καὶ
1315 999 1403 1051 τὸν
1433 999 1778 1068 Ἀγχιμόλιον,

105 1085 220 1139 τοὺς
250 1088 303 1138 δὲ
334 1085 745 1153 περιγενομένους
769 1085 928 1137 αὐτῶν
953 1087 1004 1139 ἐς
1026 1087 1115 1139 τᾶς
1146 1084 1260 1138 νέας
1283 1083 1558 1151 κατεῖρξαν.
1634 1086 1660 1135 ὁ
1688 1088 1780 1150 μὲν

106 1169 164 1234 δὴ
210 1176 402 1237 πρῶτος
447 1172 631 1225 στόλος
676 1172 729 1222 ἐκ
767 1170 1138 1247 Λακεδαίμονος
1181 1171 1335 1223 οὕτως
1379 1168 1656 1234 ἀπήλλαξε,
1701 1171 1780 1222 καὶ

106 1253 435 1323 Ἀγχιμολίου
485 1255 584 1307 εἶσὶ
629 1256 788 1322 ταφαὶ
833 1257 921 1319 τῆς
965 1254 1191 1318 Ἀττικῆς
1235 1253 1571 1318 Ἀλωπεκῆσι,
1620 1254 1782 1321 ἀγχοῦ

105 1344 191 1392 τοῦ
218 1338 520 1408 Ἡρακλείου
547 1344 635 1391 τοῦ
664 1341 719 1391 ἐῖ)
743 1339 1072 1406 Κυνοσάργεϊ.
1159 1340 1285 1404 μετὰ
1315 1340 1369 1390 δὲ
1401 1339 1781 1404 Λακεδαιμόνιοι

32 1447 47 1476 ι
56 1447 78 1489 5
104 1423 234 1490 μέζω
266 1425 453 1476 στόλον
485 1426 776 1478 στείλαντες
808 1422 1114 1491 ἀπέπεμψαν
1146 1423 1226 1475 ἐπὶ
1257 1424 1344 1477 τὰς
1369 1421 1599 1487 Ἀθήνας,
1626 1444 1779 1489 στρα-

105 1508 258 1577 τηγὸν
301 1511 390 1573 τῆς
435 1512 670 1574 στρατιῆς
718 1506 1049 1573 ἀποδέξαντες
1094 1507 1319 1574 βασιλέα
1364 1506 1653 1573 Κλεομένεα
1696 1511 1782 1559 τὸν

106 1591 514 1660 Ἀναξανδρίδεω,
541 1592 703 1645 οὐκέτι
734 1595 859 1645 κατὰ
888 1592 1158 1644 θάλασσαν
1188 1593 1479 1645 στείλαντες
1511 1593 1644 1644 ἀλλὰ
1676 1592 1781 1644 κατ’

103 1676 323 1746 ἤπειρον·
383 1682 517 1730 τοῖσι
560 1679 846 1743 ἐσβαλοῦσι
889 1678 940 1731 ἐς
983 1677 1074 1741 τὴν
1117 1676 1350 1741 Ἀττικὴν
1393 1677 1564 1744 χώρην
1605 1677 1635 1742 ἡ
1681 1682 1780 1728 τῶν

106 1765 397 1815 Θεσσαλῶν
442 1764 590 1818 ἵππος
635 1763 803 1829 πρώτη
847 1759 1145 1829 προσέμειξε
1191 1761 1269 1813 καὶ
1315 1760 1374 1812 οὐ
1417 1763 1542 1827 μετὰ
1585 1760 1779 1814 πολλὸν

31 1869 82 1898 20
106 1846 360 1914 ἐτράπετο,
397 1849 480 1899 καί
512 1854 688 1915 σφεων
717 1846 905 1899 ἔπεσον
934 1848 1058 1913 ὑπὲρ
1087 1841 1460 1914 τεσσεράκοντα
1488 1845 1686 1913 ἄνδρας·
1733 1849 1778 1897 οἱ

107 1933 159 1984 δὲ
178 1933 549 2000 περιγενόμενοι
569 1931 968 1984 ἀπαλλάσσοντο
989 1931 1054 1984 ὡς
1073 1929 1213 1999 εἶχον
1233 1930 1337 1984 ἰθὺς
1362 1930 1442 1982 ἐπὶ
1461 1932 1774 1995 Θεσσαλίης.

1781 716 2034 806 ψ’·

1820 1343 1892 1402 64

107 2016 393 2083 Κλεομένης
428 2019 480 2068 δὲ
516 2017 817 2082 ἀπικόμενος
854 2018 903 2069 ἐς
935 2016 992 2068 τὸ
1033 2015 1158 2081 ἄῳτυ
1195 2014 1297 2079 ἅμα
1332 2014 1611 2079 Ἀθηναίων
1644 2020 1778 2066 τοῖσι
1805 2014 2034 2068 (11wa

105 2100 467 2167 βουλομένοισι
513 2101 639 2153 εἶναι
677 2100 986 2168 ἐλευθέροισι
1031 2101 1320 2165 ἐπολιόρκεε
1358 2099 1473 2152 τοὺς
1512 2099 1778 2165 τυράννους

106 2184 442 2253 ἀπεργμένους
473 2187 526 2237 ἐν
557 2191 624 2256 τῷ
656 2189 954 2255 Πελαργικῷ
984 2187 1157 2252 τείχεϊ.
1226 2185 1304 2235 καὶ
1335 2182 1477 2235 οὐδέν
1506 2204 1554 2235 τι
1583 2183 1778 2237 πάντως
1815 2187 1883 2246 65

32 2291 80 2334 ²5
105 2268 167 2321 ἂν
201 2268 396 2335 ἐξεῖλον
430 2270 544 2324 τοὺς
573 2271 996 2337 Πεισιστρατίδας
1031 2271 1077 2320 οἱ
1111 2268 1489 2333 Λακεδαιμόνιοι
1517 2267 1648 2331 (οὔτε
1683 2270 1776 2335 γὰρ

106 2353 316 2421 ἐπέδρην
346 2356 580 2406 ἐπενόεον
612 2353 937 2418 ποιήσασθαι,
971 2354 1022 2405 οἵ
1048 2374 1103 2405 τε
1133 2353 1548 2419 Πεισιστρατίδαι
1586 2354 1776 2404 σίτοισι

107 2439 186 2491 καὶ
217 2444 415 2491 ποτοῖσι
444 2439 497 2490 εὖ
527 2436 950 2506 παρεσκευάδατο)
970 2436 1395 2505 πολιορκήσαντές
1424 2458 1478 2488 τε
1508 2435 1569 2487 ἂν
1591 2436 1776 2502 ἡμέρας

106 2523 281 2591 ὀλίγας
323 2523 721 2575 ἀπαλλάσσοντο
767 2524 818 2576 ἐς
861 2522 952 2586 τὴν
997 2522 1244 2588 Σπάρτην·
1305 2525 1392 2573 νῦν
1438 2523 1490 2572 δὲ
1536 2523 1773 2588 συντυχίη

106 2610 239 2660 τοῖσι
273 2610 362 2673 μὲν
394 2607 516 2673 κακὴ
549 2607 827 2674 ἐπεγένετο,
859 2611 994 2658 τοῖσι
1030 2609 1082 2657 δὲ
1118 2606 1147 2670 ἡ
1187 2605 1304 2668 αὐτὴ
1340 2606 1462 2670 αὕτη
1495 2605 1773 2672 σύμμαχος·

166 2755 183 2781 1
206 2745 398 2798 προσχὼν
412 2744 447 2783 C
464 2744 497 2783 P
512 2743 541 2783 S
555 2744 593 2782 V
608 2743 646 2782 U
760 2746 786 2782 6
805 2748 988 2785 Γονναΐον
1000 2743 1282 2782 Wachsmnth
1398 2755 1419 2791 7
1444 2742 1700 2793 ἐμηχανέατο
1715 2743 1747 2781 L
1762 2758 1771 2782 :

108 2798 416 2851 ἐμεμηχανέατο
439 2798 643 2838 Matthiae
808 2800 833 2836 8
865 2798 1103 2849 ἴππεύσιμον
1126 2799 1155 2837 S
1170 2797 1206 2836 V
1369 2809 1411 2835 11
1447 2796 1640 2851 κατέρξαν
1661 2797 1695 2836 C
1711 2797 1744 2836 P
1762 2812 1772 2837 ε

107 2853 332 2907 κατήραξαν
350 2853 601 2904 Wesseling
734 2867 778 2903 14
811 2855 1055 2906 Ἠρακληΐου
1073 2853 1100 2891 d
1123 2854 1226 2903 (non
1250 2853 1302 2901 C)
1422 2865 1471 2902 19
1499 2851 1711 2906 προσέμιξε
1737 2853 1769 2892 L

108 2908 214 2949 πολὺ
238 2908 270 2947 L
479 2922 533 2948 20
562 2911 699 2963 ἄνδρες
721 2909 758 2948 Α
773 2908 806 2946 Β
823 2908 853 2946 S
867 2909 904 2947 V
1115 2919 1163 2946 21
1196 2908 1256 2948 ἰθὺ
1275 2906 1523 2957 wesseling
1541 2921 1551 2946 z
1580 2907 1640 2948 ἰθὺ
1660 2907 1769 2960 [ἐπὶ]

110 2961 381 3004 Herwerden
548 2977 599 3014 24
630 2966 868 3017 Πελαργικῶ
888 2963 926 3002 V
940 2961 979 3000 U
999 2976 1009 3002 t
1040 2963 1340 3015 Πελασγικῶω
1362 2961 1454 3001 rell,
