2132 3340
771 75 1143 124 ΙΣΤΟΡΙΩΝ
1209 77 1255 123 Η
1881 79 2114 140 VIL203

171 207 414 277 γινομένῳ
447 203 504 257 οὐ
527 206 847 274 συνεμείχθη,
873 209 1008 258 τοῖσι
1030 208 1084 258 δὲ
1104 206 1395 273 μεγίστοισι
1426 204 1586 258 αὐτῶν
1607 202 1838 273 μέγιστα·

172 292 396 359 ὀφείλειν
426 287 494 343 ὠν
527 291 606 343 καὶ
635 294 720 342 τὸν
752 290 1103 349 ἐπελαύνοντα,
1130 290 1196 344 ὡς
1227 291 1373 342 ἐόντα
1404 290 1649 356 θνητόν,’
1625 289 1841 363 awo—229
1864 304 1977 362 fam
2000 293 2096 348 um

170 374 318 445 δόξης
353 379 529 428 πεσεῖν
560 370 672 441 [ἄν].
761 376 807 426 οἱ
839 376 891 427 δὲ
923 380 1076 426 ταῦτα
1113 376 1476 440 πυνθανόμενοι
1514 373 1758 440 ἐβοήθεον
1790 377 1841 430 ἐς
1915 362 2084 428 ΫΝἋ’

170 459 261 524 τὴν
289 463 534 528 Τρηχῖνα.
620 458 841 510 τούτοισι
872 457 1003 523 ἦσαν
1033 457 1125 524 μέν
1156 480 1242 511 νυν
1276 459 1355 511 καὶ
1385 458 1535 511 ἄλλοι
1566 460 1841 527 στρατηγοὶ
1875 477 1980 526 204

124 566 144 606 5
174 545 296 596 κατὰ
327 544 506 597 πόλιας
537 541 778 602 ἑκάστων,
806 543 832 594 6
855 545 908 595 δὲ
934 544 1281 609 θωμαζόμενος
1304 542 1530 609 μάλιστα
1554 545 1634 596 καὶ
1657 544 1842 599 παντὸς

171 632 256 680 τοῦ
292 627 659 695 στρατεύματος
693 628 962 695 ἡγεόμενος
998 628 1385 693 Λακεδαιμόνιος
1422 649 1482 693 ην
1522 629 1773 693 Λεωνίδης
1814 630 1841 679 6

171 710 563 779 Ἀναξανδρίδεω
600 716 686 765 τοῦ
715 710 932 766 Λέοντος
962 717 1047 764 τοῦ
1080 712 1450 779 Εὐρυκρατίδεω
1480 717 1567 764 τοῦ
1596 711 1836 778 Ἀναξάν-

171 800 288 864 δρου
323 801 409 849 τοῦ
440 795 778 865 Εὐρυκράτεος
814 801 899 849 τοῦ
929 797 1234 864 Πολυδώρου
1268 802 1354 849 τοῦ
1385 796 1719 863 Ἀλκαμένεος
1753 803 1841 849 τοῦ

170 881 435 946 Τηλέκλου
473 886 558 933 τοῦ
588 880 843 949 Ἀρχέλεω
880 886 967 933 τοῦ
997 880 1292 949 “Ηγησίλεω
1328 886 1415 933 τοῦ
1447 882 1718 948 Δορύσσου
1754 886 1840 933 τοῦ

569 970 593 983 ἢ

96 986 145 1015 ιο
171 967 460 1031 Λεωβώτεω
505 987 592 1018 του
635 964 975 1034 Ἐχεστράτου
1018 971 1104 1018 τοῦ
1139 964 1325 1034 Ἤγιος
1369 971 1454 1017 τοῦ
1499 965 1840 1032 Εὐρυσθένεος

171 1055 258 1102 τοῦ
311 1048 678 1117 Ἀριστοδήμου
728 1055 815 1102 τοῦ
866 1048 1239 1118 Ἀριστομάχου
1286 1071 1373 1101 του
1427 1051 1704 1102 Κλεοδαίου
1754 1055 1840 1102 τοῦ

161 1132 359 1187 ’Ὕλλου
381 1140 468 1186 τοῦ
489 1133 783 1201 Ἡρακλέος,
812 1133 1118 1199 κτησάμενος
1142 1133 1230 1198 τὴν
1253 1136 1534 1200 βασιληίην
1559 1135 1613 1186 ἐν
1636 1134 1839 1207 Σπάρτῃ

171 1217 231 1283 ἐξ
256 1218 642 1286 ἀπροσδοκήτου.
714 1217 860 1283 διξῶν
884 1217 978 1285 γάρ
1007 1221 1054 1270 οἱ
1085 1219 1270 1271 ἐόντων
1301 1217 1660 1286 πρεσβυτέρων
1689 1220 1836 1271 ἀδελ-
1875 1235 1977 1285 205

169 1308 324 1370 φεῶν,
352 1302 665 1368 Κλεομένεός
694 1324 748 1354 τε
780 1303 859 1354 καὶ
885 1301 1120 1367 Δωριέος,
1148 1301 1437 1367 ἀπελήλατο
1462 1306 1550 1375 τῇς
1574 1305 1838 1373 φροντίδος
1858 1307 2036 1349 &⁴³⁰⁸
2060 1307 2132 1361 Ἣ

95 1406 142 1449 15
169 1387 280 1454 περὶ
310 1389 398 1452 τῆς
431 1388 723 1454 βασιληίης.
812 1387 1150 1441 ἀποθανόντος
1190 1389 1241 1439 δὲ
1279 1386 1605 1452 Κλεομένεος,
1628 1354 2132 1441 ἄπαιδοςβω

167 1471 371 1538 ἔρσενος
394 1473 560 1540 γόνου,
586 1470 804 1538 Δωριέος
828 1492 882 1523 τε
905 1470 1069 1523 οὐκέτι
1093 1471 1262 1525 ἐόντος
1287 1473 1421 1523 ἀλλὰ
1443 1470 1835 1536 τελευτήσαντος

168 1556 247 1609 καὶ
269 1557 447 1609 τούτου
478 1559 532 1609 ἐν
563 1556 780 1627 Σικελίῃ,
807 1556 931 1607 οὕτω
962 1555 1020 1621 δὴ
1054 1557 1105 1610 ἐς
1128 1557 1382 1621 Λεωνίδην
1413 1554 1652 1621 ἀνέβαινε
1680 1556 1710 1622 ἡ
1735 1562 1831 1622 βα-

168 1643 358 1707 σιληίη,
386 1641 466 1693 καὶ
496 1641 621 1693 διότι
651 1641 888 1707 πρότερος
919 1640 1149 1707 ἐγεγόνεε
1175 1641 1533 1707 Κλεομβρότου
1555 1639 1717 1707 (οὗτος
1740 1643 1835 1708 γὰρ

165 1724 226 1790 ἣν
256 1726 499 1780 νεώτατος
528 1724 921 1791 Ἀναξανδρίδεω
945 1722 1077 1789 παῖς)
1100 1724 1179 1777 καὶ
1201 1723 1258 1789 δὴ
1285 1726 1364 1777 καὶ
1388 1723 1493 1793 εἶχε
1526 1724 1835 1790 Κλεομένεος

91 1833 143 1862 20
165 1809 426 1878 θυγατέρα.
490 1831 543 1863 ος
572 1810 684 1861 τότε
714 1831 791 1874 ηιε
823 1810 873 1862 ἐς
905 1809 1238 1875 Θερμοπύλας
1271 1807 1626 1875 ἐπιλεξάμενος
1655 1809 1835 1876 ἄνδρας
1871 1826 1897 1859 2

0 1923 43 1957 μ
65 1908 124 1979 17
165 1917 216 1948 τε
246 1895 360 1950 τοὺς
392 1900 727 1960 κατεσῃεῶτας
750 1894 1062 1961 τριηκοσίους
1086 1892 1166 1946 καὶ
1188 1899 1322 1946 τοῖσι
1354 1894 1631 1962 ἐτύγχανον
1662 1899 1833 1948 παῖδες

0 1984 77 2012 '’⁸‘'
166 1980 346 2034 ἐόντες.
435 1979 747 2047 παραλαβὼν
785 1980 838 2030 δὲ
874 1978 1077 2030 ἀπίκετο
1114 1979 1191 2030 καὶ
1224 1978 1471 2043 Θηβαίων
1506 1978 1621 2032 τοὺς
1658 1980 1709 2032 ἐς
1744 1978 1832 2030 τὸν

166 2063 372 2131 ἀριθμὸν
412 2063 748 2132 λογισάμενος
790 2061 946 2121 εἶπον,
986 2067 1084 2114 τῶν
1126 2061 1426 2130 ἐστρατήγεε
1467 2062 1768 2127 Λεοντιάδης
1805 2064 1831 2113 6

165 2147 476 2218 Εὐρυμάχου.
563 2152 706 2201 τοῦδε
741 2150 795 2200 δὲ
835 2148 999 2200 εἵνεκα
1038 2146 1240 2200 τούτους
1286 2146 1510 2211 σπουδὴν
1555 2145 1830 2211 ἐποιήσατο
1866 2168 1893 2212 3

91 2254 139 2295 25
163 2235 413 2299 Λεωνίδης
429 2232 638 2299 μούνους
654 2229 918 2296 Ἐλλήνων
941 2235 1273 2298 παραλαβεῖν,
1299 2232 1376 2283 ὅτι
1400 2230 1575 2298 σφέων
1597 2229 1831 2298 μεγάλως

165 2318 468 2385 κατηγόρητο
498 2317 732 2383 μηδίζειν·
778 2314 1055 2383 παρεκάλεε
1091 2313 1159 2367 ὠν
1198 2317 1248 2370 ἐς
1284 2318 1371 2366 τὸν
1406 2316 1629 2380 πόλεμον
1666 2314 1830 2367 θέλων

163 2395 345 2454 εἰδέναι
368 2403 467 2454 εἴτε
491 2400 854 2469 συμπέμψουσι
879 2402 976 2453 εἴτε
1002 2401 1080 2452 καὶ
1105 2398 1373 2466 ἀπερέουσι
1397 2400 1450 2450 ἐκ
1468 2404 1555 2450 τοῦ
1578 2398 1828 2466 ἐμφανέος

161 2484 252 2550 τὴν
273 2484 540 2550 Ἑλλήνων
564 2486 987 2554 συμμαχίην.οἱ
1019 2486 1073 2536 δὲ
1096 2482 1554 2559 ἀλλοφρονέοντες
1585 2483 1823 2549 ἔπεμπον.
1838 2478 1955 2529 *⁸⁴⁸
1974 2476 2132 2524 ’ᾧ

220 2636 234 2662 1
262 2622 494 2676 ’γεινομένωι
511 2620 625 2663 ΑΒ;
652 2621 856 2674 γενομένω
867 2620 921 2659 V¹
1034 2621 1258 2673 συνεμίχθη
1275 2621 1336 2659 L:
1364 2621 1609 2672 συνηνείχθη
1629 2620 1828 2671 Krueger

161 2691 186 2717 2
234 2680 284 2720 ὡς
323 2691 406 2719 om.
449 2677 486 2716 R
511 2676 601 2717 SV
792 2689 818 2726 3
866 2675 1027 2717 πεσέειν
1065 2675 1104 2713 Α
1128 2676 1161 2713 Β
1186 2676 1219 2714 C
1243 2676 1275 2714 P
1416 2677 1464 2717 ἄν
1503 2675 1584 2714 del.
1629 2675 1828 2725 Krueger

161 2745 185 2782 5
215 2732 354 2775 πόλεις
378 2732 511 2772 RSV
676 2733 701 2770 8
731 2734 804 2772 τοῦ
830 2738 930 2772 Πολ.
956 2734 1028 2771 τοῦ
1048 2728 1165 2771 Ἀ.λκ
1187 2743 1268 2769 om.
1295 2730 1431 2770 RSV
1544 2729 1825 2780 Ἀλκαιμένεος

160 2787 297 2826 ABC
515 2800 542 2836 9
577 2786 796 2840 Δωρύσσου
826 2785 859 2824 C
1084 2798 1133 2823 10
1169 2786 1397 2832 Λεωβώτεω
1430 2785 1581 2824 Stein:
1616 2784 1766 2832 ·βότεω
1791 2783 1825 2823 L

161 2842 353 2894 Ἠγήσιος
389 2840 574 2881 PRSV
739 2853 792 2880 20
834 2841 1033 2893 ἄνδραςτ
1008 2856 1138 2889 τ.ιηκ
1178 2839 1462 2880 κατεστεῶτάς
1495 2857 1542 2880 τε
1577 2840 1641 2880 καὶ
1674 2839 1825 2890 Pingel

160 2908 214 2935 22
243 2897 387 2938 ἆπίκτο
406 2896 447 2936 Α
460 2896 495 2936 Β
511 2896 544 2935 C
674 2908 726 2945 24
757 2894 801 2936 δὲ
822 2908 904 2935 om.
930 2893 969 2932 R
984 2894 1015 2934 S
1176 2893 1323 2935 τούτου
1342 2893 1382 2932 Α
1396 2894 1431 2932 Β
1447 2895 1487 2933 R
1502 2894 1532 2934 S
1550 2894 1624 2948 [V]
1643 2908 1651 2934 :
1685 2907 1767 2936 om.
1791 2895 1826 2934 C

161 2951 212 3002 ‘27
233 2950 508 3006 συμπέψουσιν
524 2950 564 2991 R
576 2950 617 2991 V
704 2950 939 3005 ἀπαίρουσιν
956 2948 995 2988 R
1010 2949 1040 2989 S
1052 2947 1093 2989 V
1203 2950 1257 2989 28
1278 2947 1625 3003 ἀλλοφρονέοντες
1637 2948 1677 2989 Α
1691 2949 1726 2989 Β
1743 2949 1777 2989 C
1791 2950 1825 2989 P
