2132 3340
744 85 1121 134 ΙΣΤΟΡΙΩΝ
1185 87 1224 133 Ζ
1864 86 1948 134 Vl.
1979 99 2072 146 129

151 207 477 286 ἀποστυγέων
513 216 745 285 γαμβρὸν
783 217 844 270 ἄν
886 220 932 270 οἱ
974 217 1047 269 ἔτι
1087 216 1326 284 γενέσθαι
1355 215 1704 269 Ἱπποκλείδεα
1744 219 1824 268 διὰ

149 301 238 368 τήν
266 324 322 356 τε
353 303 568 370 ὄρχησιν
606 303 685 354 καὶ
720 301 812 366 τὴν
849 303 1102 366 ἀναιδείην
1141 305 1339 369 κατεῖχε
1371 301 1570 360 ἑωυτόν,
1603 300 1662 352 οὐ
1697 306 1819 365 βου-

151 388 357 453 λόμενος
403 385 675 454 ε’κραγῆναι
723 387 775 439 ἐς
823 386 990 437 αὐτόν·
1059 385 1125 439 ὦς
1174 388 1225 437 δὲ
1280 386 1378 437 εἶδε
1424 390 1560 437 τοῖσι
1612 384 1823 437 σκέλεσι

145 468 594 540 χειρονομήσαντα,
642 469 806 522 οὐκέτι
854 469 1084 538 κατέχειν
1122 469 1391 536 δυνάμενος
1437 469 1560 522 εἶπε·
1613 467 1688 520 ςΩ
1734 474 1828 521 παῖ

99 577 122 618 5
144 554 467 621 Τεισάνδρου,
512 552 813 622 ἀπορχήσαό
855 557 1049 621 γε-μὲν
1090 552 1179 606 τὸν
1219 552 1398 621 γάμον.
1487 555 1513 604 6
1553 556 1607 605 δὲ
1647 551 2132 640 ‘hmo-[mg

147 639 342 704 κλείδης
393 639 674 703 ὑπολαβὼν
728 636 853 691 εἶπε·
923 638 1000 690 Οὐ
1047 637 1254 706 φροντὶς
1297 636 1636 709 Ἱπποκλείδῃ.
1724 637 1822 689 ἀπὸ
1859 654 1954 704 130

145 722 318 775 τούτου
345 724 438 787 μὲν
469 726 616 774 τοῦτο
648 720 957 788 ὀνομάζεται·
1008 721 1320 787 Κλεισθένης
1344 724 1398 773 δὲ
1423 721 1574 789 σιγὴν
1605 721 1865 786 ποιησά--ῗο
1888 712 2132 771 ὩΊΦΝΨ

143 827 292 873 μενος
339 802 484 870 ἔλεξε
533 807 586 860 ἐς
637 805 799 871 μέσον
855 805 990 859 τάδε·
1061 805 1274 873 ’Ἀνδρες
1326 805 1503 859 παιδὸς
1553 808 1642 870 τῆς
1701 807 1821 871 ἐμῆς

143 893 442 958 μνηστῆρες,
476 891 575 957 ἐγὼ
609 890 688 942 καὶ
730 888 919 945 πάντας
959 889 1115 955 ὑμέας
1155 889 1369 942 ἐπαινέω
1412 890 1491 941 καὶ
1527 893 1656 942 πᾶσι
1684 891 1816 955 ὑμῖν,

72 994 121 1024 10
145 976 188 1028 εἰ
231 975 337 1027 οἶόν
379 995 436 1027 τε
479 975 571 1039 εἵη,
607 975 898 1043 χαριζοίμην
945 973 1020 1033 ἄν,
1071 972 1183 1039 μήτ’
1229 975 1318 1026 ἕνα
1361 973 1522 1039 ὑμέων
1568 972 1818 1040 ἐξαίρετον

144 1060 423 1125 ἀποκρίνων
457 1057 582 1124 μήτε
621 1057 736 1112 τοὺς
775 1059 985 1113 λοιποὺς
1029 1041 1423 1124 ἀποδοκιμάζων·
1469 1057 1585 1110 ἀλλ’
1626 1058 1684 1110 οὐ
1722 1061 1818 1126 γὰρ
1856 1079 1885 1113 2

144 1141 224 1195 οἶά
254 1141 310 1194 τέ
340 1144 450 1194 ἐστι
479 1145 593 1208 μιῆς
626 1142 738 1209 πέρι
770 1142 1018 1209 παρθένου
1043 1142 1357 1208 βουλεύοντα
1389 1146 1516 1194 πᾶσι
1547 1144 1670 1194 κατὰ
1701 1143 1817 1194 νόον

144 1226 347 1286 ποιέειν,
381 1231 514 1279 τοῖσι
542 1229 634 1292 μὲν
671 1225 834 1292 ὑμέων
864 1225 1321 1292 ἀπελαυνομένοισι
1354 1230 1498 1279 τοῦδε
1533 1231 1622 1278 τοῦ
1655 1226 1817 1293 γάμου

141 1309 390 1363 τάλαντον
442 1311 673 1378 ἀργυρίου
724 1309 920 1380 ἑκάστῳ
975 1310 1165 1377 δωρεὴν
1216 1311 1390 1375 δίδωμι
1441 1313 1529 1375 τῆς
1583 1309 1817 1376 ἀξιώσιος
1864 1324 1868 1326 ’

71 1415 116 1457 ¹5
143 1396 305 1447 εἵνεκα
335 1397 422 1460 τῆς
452 1394 512 1460 ἐξ
543 1397 660 1461 ἐμεῦ
699 1398 855 1462 γῆμαι
896 1396 977 1447 καὶ
1018 1397 1106 1459 τῆς
1147 1394 1207 1460 ἐξ
1241 1396 1378 1446 οἵκου
1419 1396 1713 1460 ἀποδημίης,
1747 1400 1816 1466 τῷ

141 1481 195 1532 δὲ
218 1467 535 1545 Ἀλκμέωνος
567 1477 831 1546 Μεγακλέϊ
864 1480 1025 1547 ἐγγυῶ
1056 1482 1210 1531 παῖδα
1240 1478 1331 1543 τὴν
1355 1478 1480 1544 ἐμὴν
1503 1479 1815 1546 Ἀγαρίστην
2025 1545 2036 1555 ⁸

139 1563 340 1628 νόμοισι
357 1568 491 1615 τοῖσι
515 1562 810 1628 Ἀθηναίων.
893 1562 1489 1630 φαμένοιρὲ-ἐγγυᾶσθαι
1515 1562 1816 1631 Μεγακλέος
1838 1557 2118 1619 W)

140 1647 410 1714 ἐκεκύρωτο
469 1648 495 1698 6
553 1646 712 1714 γάμος
774 1646 1092 1699 Κλεισθένεϊ.
1181 1648 1312 1715 ἀμφὶ
1370 1650 1461 1712 μὲν
1522 1649 1658 1714 κρίσι
1717 1652 1815 1700 τῶν
1851 1659 1935 1713 131

139 1730 435 1798 μνηστήρων
472 1736 693 1783 τοσαῦτα
734 1729 954 1798 ἐγένετο,
996 1731 1244 1783 καὶ“οὕτω
1277 1731 1641 1797 Ἀλκμεωνίδαι
1682 1732 2132 1822 ἐβῴ-αῑύκξΐπζ

67 1831 119 1862 20
141 1818 340 1880 σθησαν
359 1816 454 1868 ἀνὰ
473 1814 563 1880 τὴν
581 1813 826 1867 Ἑλλάδα.
903 1816 1092 1868 τούτων
1112 1818 1166 1868 δὲ
1189 1815 1599 1880 συνοικησάντων
1622 1817 1812 1883 γίνεται
1863 1791 1968 1826 ω

142 1898 451 1964 Κλεισθένης
480 1911 535 1952 τε
558 1900 584 1950 6
607 1902 697 1954 τὰς
723 1901 889 1967 φυλὰς
920 1900 1000 1952 καὶ
1031 1899 1122 1964 τὴν
1146 1901 1477 1967 δημοκρατίην
1499 1899 1812 1965 Ἀθηναίοισι

142 1982 476 2048 καταστήσας,
523 1983 657 2052 ἔχων
702 1983 760 2035 τὸ
806 1984 994 2048 οὔνομα
1039 1984 1137 2036 ἀπὸ
1180 1988 1267 2035 τοῦ
1308 1983 1683 2052 μητροπάτορος
1725 1990 1812 2036 τοῦ

141 2069 424 2120 Σικυωνίου·
470 2068 614 2122 οὗτός
644 2090 699 2119 τε
729 2067 787 2132 δὴ
825 2069 1016 2135 γίνεται
1055 2067 1318 2135 Μεγακλέϊ
1354 2068 1434 2119 καὶ
1463 2067 1807 2136 Ἱπποκράτης,
1846 2086 1875 2124 2

140 2149 196 2202 ἐκ
218 2153 272 2204 δὲ
288 2149 643 2219 Ἱπποκράτεος
668 2151 970 2220 Μεγακλέης
994 2174 1047 2204 τε
1071 2151 1229 2207 ἄλλος
1254 2152 1333 2204 καὶ
1356 2152 1633 2220 Ἀγαρίστη
1657 2153 1806 2218 ἄλλη,

67 2249 114 2290 ²5
138 2234 236 2286 ἀπὸ
279 2238 368 2300 τῆς
420 2235 755 2290 Κλεισθένεος
807 2235 1115 2303 Ἀγαρίστης
1166 2236 1359 2304 ἔχουσα
1410 2236 1468 2287 τὸ
1521 2237 1723 2302 οὔνομα,
1775 2236 1807 2303 ἢ

139 2318 487 2384 συνοικήσασά
515 2342 570 2373 τε
602 2321 883 2390 Ξανθίππῳ
914 2325 981 2390 τῷ
1005 2319 1306 2388 Ἀρίφρονος
1338 2321 1417 2372 καὶ
1448 2319 1624 2388 ἔγκυος
1654 2321 1807 2374 ἐοῦσα

138 2401 238 2455 εἶδε
274 2405 397 2471 ὄψιν
437 2403 492 2456 ἐν
529 2409 596 2474 τῷ
639 2404 791 2474 ὕπνῳ,
826 2403 992 2456 ἐδόκεε
1033 2407 1086 2456 δὲ
1128 2403 1313 2457 λέοντα
1352 2410 1528 2457 τεκεῖν·
1584 2405 1663 2457 καὶ
1699 2404 1805 2470 μετ’

135 2485 310 2554 ὀλίγας
337 2486 520 2554 ἡμέρας
550 2489 705 2540 τίκτει
735 2487 990 2555 Περικλέα
1024 2490 1317 2558 Ξανθίππῳ.

195 2636 212 2662 1
263 2625 311 2666 ἄν
346 2638 428 2665 om.
471 2625 511 2664 A
534 2624 568 2664 Β
591 2625 624 2664 C
647 2625 682 2665 E
818 2627 1100 2676 Ἱπποκλείδην
1140 2626 1173 2665 Ρ
1195 2627 1234 2665 R
1258 2627 1288 2666 S
1311 2627 1390 2680 [V]
1578 2639 1603 2678 5
1650 2628 1730 2678 μὴν
1770 2628 1803 2668 L

135 2678 164 2716 6
191 2678 273 2730 ἔφη
292 2678 331 2718 R
346 2679 376 2719 S
389 2679 428 2718 V
539 2693 561 2730 7
594 2680 704 2726 ὄνομ.
725 2680 758 2718 C
775 2694 941 2731 quoque
1111 2694 1162 2721 10
1191 2682 1258 2734 τε]
1281 2690 1326 2723 τὶ·
1343 2685 1379 2723 τ’
1399 2681 1438 2719 R
1554 2682 1645 2722 ἐστὶ
1664 2681 1705 2720 Α
1719 2682 1754 2722 Β
1769 2683 1803 2722 C

135 2731 240 2782 μήτε
259 2731 330 2775 ἕνα
346 2733 383 2772 R
398 2734 436 2772 V
455 2749 464 2774 :
493 2736 576 2785 μήτ
590 2745 619 2776 ÷
633 2734 726 2776 θένα
746 2734 785 2772 Α
802 2750 809 2774 ;
839 2734 992 2786 μηθένα
1012 2735 1047 2774 Β
1063 2735 1097 2774 C
1269 2748 1318 2786 13
1347 2736 1485 2788 τοῦδε]
1503 2736 1651 2777 τούτου
1667 2736 1707 2776 R
1722 2737 1752 2776 S
1765 2738 1803 2776 V

140 2797 188 2836 15
216 2792 273 2840 τῷ
293 2787 337 2829 δὲ
357 2788 416 2830 Ἀ.
441 2789 518 2840 M]
541 2788 755 2842 Μεγακλέϊ
773 2788 817 2830 δὲ
838 2789 871 2828 C
887 2789 922 2828 E
940 2803 949 2829 ε
980 2789 1211 2842 Μεγακλέει
1232 2790 1275 2832 δὲ
1295 2791 1335 2829 Α
1350 2791 1384 2829 Β
1595 2791 1644 2829 18
1673 2792 1805 2844 κρίσει

136 2838 228 2934 ἓξ
237 2896 274 2935 V
287 2843 443 2950 {egimus
471 2843 510 2883 A
532 2843 567 2882 Β
591 2843 727 2939 CS‘LV]
781 2897 819 2936 R
837 2855 965 2937 SV23
1006 2844 1236 2897 Μεγακλέει
1267 2845 1307 2884 Α
1329 2846 1363 2884 Β
1559 2847 1613 2884 26
1652 2845 1799 2899 ἔγγυος

531 2911 580 2948 27
637 2916 654 2938 ε
676 2911 756 2938 om.

190 3005 288 3032 Ηυτ.
312 3005 358 3034 11.
1609 3001 1632 3037 9
