2144 3328
0 271 60 294 m

76 107 164 160 VI.
188 121 251 172 73

920 105 1347 157 ΗΡΟΔΟΤΟΤ

227 260 253 294 2
290 238 401 292 τινά
433 245 533 307 σφι
567 238 774 306 ἔγκοτον
811 238 892 295 διὰ
926 235 1013 290 τὸν
1049 236 1466 306 προπηλακισμὸν
1501 237 1650 307 ἔχων.
1737 238 1862 290 οὕτω
1893 237 1952 305 δὴ

184 1006 252 1058 74

0 1174 238 1270 wo«,

291 324 404 377 οὔτε
443 326 490 376 οἱ
531 325 807 390 Αἰγινῆται,
850 320 1146 390 ἀμφοτέρων
1185 326 1284 375 τῶν
1321 321 1584 389 βασιλέων
1614 321 1845 391 ’ἡκόντων
1874 322 1952 377 ἐπ’

291 408 480 468 αὐτούς,
525 410 765 460 ἐδικαίευν
807 407 880 459 ἔτι
918 407 1244 473 ἀντιβαίνειν,
1287 407 1474 462 ἐκεῖνοί
1508 429 1563 461 τε
1603 405 1953 474 ἐπιλεξάμενοι

290 492 471 560 ἄνδρας
511 491 630 544 δέκα
666 490 969 560 Αἰγινητέων
1005 490 1119 546 τοὺς
1154 492 1398 544 πλείστου
1434 491 1601 557 ἀξίους
1638 492 1716 544 καὶ
1752 492 1952 563 πλούτῳ

291 577 370 630 καὶ
405 576 541 645 γένεϊ
570 575 708 644 ἦγον,
743 576 823 628 καὶ
853 575 1039 630 ἄλλους
1071 575 1150 628 καὶ
1179 575 1237 641 δὴ
1275 576 1354 628 καὶ
1390 577 1543 644 Κριόν
1579 597 1633 628 τε
1661 575 1749 628 τὸν
1782 580 1948 629 Πολυ-
1975 598 1999 640 5

290 662 454 729 κρίτου
503 662 581 713 καὶ
636 660 921 727 Κάσαμβον
971 659 1061 713 τὸν
1105 659 1531 727 Ἀριστοκράτεος,
1578 661 1630 712 οἵ
1672 681 1764 726 περ
1812 659 1953 729 εἶχον

286 746 530 814 μέγιστον
561 744 751 813 κράτος·
798 745 1073 813 ἀγαγόντες
1104 743 1158 797 δέ
1193 751 1357 811 σφεας
1389 746 1440 800 ἐς
1474 747 1570 812 γῆν
1598 744 1689 810 τὴν
1718 743 1952 811 Ἀττικὴν

287 829 578 899 παραθήκην
637 831 979 884 κατατίθενται
1035 831 1087 885 ἐς
1144 829 1258 884 τοὺς
1317 829 1583 899 ἐχθίστους
1653 828 1951 903 Αἰγινήτῃσι

287 914 596 981 Ἀθηναίους.

373 1001 519 1052 Μετὰ
563 1001 617 1052 δὲ
658 1003 809 1051 ταῦτα
854 998 1144 1066 Κλεομένεα
1196 997 1437 1052 ἐπάϊστον
1481 999 1750 1067 γενόμενον
1802 1017 1945 1051 κακο-
1976 1021 2028 1052 ιο

286 1082 604 1154 τεχνήσαντα
649 1085 700 1137 ἐς
747 1082 1047 1152 Δημάρητον
1094 1087 1238 1149 δεῖμα
1281 1084 1442 1149 ἔλαβε
1478 1082 1829 1151 Σπαρτιητέων
1868 1083 1950 1137 καὶ

284 1167 536 1237 ὑπεξέσχε
573 1170 623 1222 ἐς
665 1169 982 1234 Θεσσαλίην.
1071 1170 1297 1221 ἐνθεῦτεν
1337 1170 1391 1221 δὲ
1431 1168 1730 1234 ἀπικόμενος
1767 1169 1820 1223 ἐς
1856 1165 1951 1232 τὴν

285 1252 553 1320 Ἀρκαδίην
610 1249 825 1320 νεώτερα
887 1252 1115 1319 ἔπρησσε
1181 1251 1463 1320 πρήγματα,
1521 1253 1767 1306 συνιστὰς
1833 1251 1950 1307 τοὺς

285 1336 530 1406 Ἀρκάδας
562 1337 643 1390 ἐπὶ
673 1343 734 1411 τῇ
763 1335 980 1410 Σπάρτῃ,
1015 1336 1199 1391 ἄλλους
1237 1358 1292 1390 τε
1330 1337 1504 1404 ὅρκους
1542 1335 1814 1404 προσάγων
1847 1325 1948 1405 σφι

285 1421 317 1486 ἦ
344 1425 436 1488 μὲν
468 1422 695 1490 ἔψεσθαί
726 1427 891 1488 σφεας
932 1420 1061 1492 αὐτῷ
1096 1422 1154 1493 τῇ
1194 1419 1256 1473 ἂν
1296 1419 1545 1488 ἐξηγῆται,
1581 1421 1660 1474 καὶ
1689 1420 1747 1486 δὴ
1785 1420 1865 1473 καὶ
1895 1421 1948 1476 ἐς
1973 1442 2023 1486 15

285 1507 548 1574 Νώνακριν
568 1506 718 1558 πόλιν
737 1506 985 1572 πρόθυμος
1002 1504 1063 1571 ἤν
1080 1503 1178 1558 τῶν
1195 1504 1448 1573 Ἀρκάδων
1471 1504 1583 1559 τοὺς
1605 1509 1948 1572 προεστεῶτας

285 1589 496 1658 ἀγινέων
526 1588 758 1657 ἐξορκοῦν
793 1589 851 1642 τὸ
888 1593 1078 1657 Στυγὸς
1115 1572 1327 1671 ὕδωργέἔ
1349 1591 1404 1643 ἐν
1444 1591 1497 1642 δὲ
1535 1589 1686 1662 ταύτῃ
1725 1589 1785 1662 τῇ
1824 1590 1947 1642 πόλι

283 1674 487 1742 λέγεται
518 1674 644 1728 εἶναι
671 1673 755 1728 ὑπ’
778 1673 1033 1741 Ἀρκάδων
1063 1673 1122 1726 τὸ
1151 1673 1341 1741 Στυγὸς
1371 1674 1516 1740 ὕδωρ,
1544 1673 1623 1726 καὶ
1647 1672 1704 1738 δὴ
1730 1672 1810 1725 καὶ
1833 1673 1945 1726 ἔστι

282 1760 476 1812 τοιόνδε
514 1781 577 1811 τι·
637 1759 768 1826 ὕδωρ
806 1759 982 1827 ὀλίγον
1025 1758 1332 1826 φαινόμενον
1372 1759 1425 1809 ἐκ
1466 1756 1650 1824 πέτρης
1688 1757 1857 1822 στάζει
1894 1759 1945 1812 ἐς

284 1843 450 1911 ἄχκος,
482 1842 540 1896 τὸ
583 1845 637 1895 δὲ
681 1842 834 1910 ἄγκος
879 1845 1117 1908 αἱμασιῆς
1160 1848 1242 1896 τις
1280 1840 1497 1909 περιθέει
1538 1841 1731 1896 κύκλος.
1817 1841 1848 1907 ἡ
1890 1843 1944 1894 δὲ
1969 1862 2022 1892 20

283 1928 559 1995 Νώνακρις,
593 1929 647 1979 ἐν
686 1927 745 1999 τῇ
781 1927 811 1993 ἡ
843 1926 976 1994 πηγὴ
1014 1927 1134 1992 αὕτη
1175 1924 1411 1996 τυγχάνει
1436 1927 1617 1985 -ἐοῧσα,
1650 1925 1797 1980 πόλις
1835 1925 1943 1978 ἐστὶ

183 2031 248 2082 75
282 2015 369 2077 τῆς
397 2011 659 2079 Ἀρκαδίης
688 2010 810 2079 πρὸς
840 2012 1020 2081 Φενεῷ.
1063 2030 1067 2035 ’
1108 2011 1351 2076 μαθόντες
1384 2012 1438 2062 δὲ
1469 2007 1754 2075 Κλεομένεα
1781 2012 1940 2062 Λακε-

282 2096 527 2162 δαιμόνιοι
570 2100 725 2148 ταῦτα
767 2093 1066 2162 πρήσσοντα
1110 2097 1327 2162 κατῆγον
1370 2093 1519 2146 αὐτὸν
1563 2094 1819 2148 δείσαντες
1860 2093 1943 2146 ἐπὶ

282 2184 415 2232 τοῖσι
438 2180 633 2232 αὐτοῖσι
656 2176 726 2246 [ἐς
749 2176 1000 2246 Σπάρτην]
1023 2183 1157 2232 τοῖσι
1182 2178 1262 2232 καὶ
1286 2179 1528 2247 πρότερον
1558 2175 1696 2246 ἦρχε.
1765 2183 1939 2231 κατελ-
1962 2172 1970 2178 ’

282 2264 434 2316 θόντα
470 2267 522 2317 δὲ
558 2259 743 2331 [αὐτὸν]
780 2263 955 2315 αὐτίκα
988 2262 1218 2329 ὑπέλαβε
1251 2264 1402 2330 μανίη
1442 2267 1649 2329 νοῦσος,
1677 2262 1822 2314 ἐόντα
1862 2261 1942 2314 καὶ
1967 2281 2017 2322 25

260 2348 522 2415 ,πρότερον
539 2348 957 2415 ὑπομαργότερον·
989 2348 1115 2402 ὅκως
1133 2345 1230 2414 γάρ
1247 2367 1340 2417 τεῳ
1358 2346 1555 2414 ἐντύχοι
1576 2345 1940 2413 Σπαρτιητέων,

282 2431 519 2501 ἐνέχραυε
549 2432 600 2486 ἐς
629 2431 685 2483 τὸ
715 2431 987 2499 πρόσωπον
1016 2430 1074 2483 τὸ
1104 2434 1372 2498 σκῆπτρον.
1446 2429 1679 2483 ποιέοντα
1708 2433 1761 2483 δὲ
1790 2429 1942 2483 αὐτὸν

335 2584 362 2621 3
401 2571 554 2613 ἐδίκευν
583 2571 719 2611 RSV
938 2586 963 2621 4
1001 2571 1067 2613 καὶ
1097 2584 1180 2611 om.
1213 2570 1353 2611 RSV
1573 2583 1595 2620 7
1632 2573 1713 2623 γῆν
1744 2582 1824 2610 om.
1859 2569 1942 2610 SV

281 2628 308 2665 8
337 2626 621 2679 παρατίθενται
641 2626 679 2664 Α
694 2626 728 2664 Β
745 2625 778 2664 C
986 2638 1031 2664 11
1065 2627 1130 2667 καὶ
1151 2638 1232 2665 om.
1258 2625 1292 2664 C
1503 2637 1552 2664 12
1581 2627 1765 2678 ὑπεξέχει
1786 2625 1817 2664 S
1830 2625 1869 2664 V
1883 2624 1938 2677 (⁴3)

286 2691 334 2730 15
363 2683 442 2730 μὴν
464 2680 551 2720 AC
572 2696 581 2720 z
610 2698 677 2731 μιν
699 2681 734 2719 Β
846 2679 886 2728 ἧι
906 2679 947 2718 Α
962 2680 996 2718 Β
1012 2681 1045 2719 C
1155 2681 1225 2719 alt.
1250 2682 1312 2721 καὶ
1340 2692 1422 2720 om.
1445 2679 1479 2718 C
1647 2681 1696 2718 16
1723 2678 1941 2732 Νωνάκρην

284 2735 323 2774 R
337 2735 375 2773 V
483 2734 687 2788 προθύμως
710 2735 749 2773 R
860 2750 1118 2788 προεστωτας
1141 2735 1180 2773 R
1194 2734 1232 2772 V
1384 2747 1431 2783 17
1464 2736 1647 2787 ἐξορκοῦν
1666 2732 1750 2772 A²t
1781 2733 1940 2787 ἐξόρκου

281 2789 323 2827 Α
337 2790 371 2828 Β
386 2790 420 2829 C
436 2808 444 2831 :
479 2793 647 2841 ἐξορκῶν
669 2789 703 2827 Ρ
718 2788 757 2827 R
770 2788 801 2829 S
812 2788 850 2827 V
986 2789 1104 2831 πόλει
1126 2789 1159 2827 L
1174 2789 1250 2841 [V]
1472 2789 1520 2826 18
1549 2787 1634 2839 ὑπ’]
1655 2791 1735 2828 τῶν
1754 2786 1795 2825 Α
1809 2788 1844 2826 Β
1859 2787 1937 2839 [C]

282 2857 336 2882 20
365 2845 493 2897 ἄγγος
517 2844 581 2883 bis
603 2844 643 2882 R
659 2844 739 2883 SV
873 2855 925 2882 22
953 2848 1097 2885 Λακεδ.
1120 2850 1267 2893 Κλεομ.
1296 2843 1329 2882 Ρ
1345 2844 1384 2882 R
1399 2842 1480 2881 SV
1610 2855 1662 2891 24
1693 2844 1732 2882 ἐς
1751 2841 1939 2895 Σπάρτην

286 2899 349 2952 (ἐν
378 2899 539 2952 Σπάρτῃ
570 2905 667 2949 post
696 2899 815 2939 αὐτὸν
845 2896 939 2950 [23]
971 2897 1021 2948 S)
1054 2897 1136 2938 del.
1165 2897 1300 2937 Cobet
1463 2908 1515 2946 25
1545 2897 1667 2937 αὐτὸν
1696 2908 1777 2936 om.
1802 2895 1939 2935 RSV

282 2953 417 3003 μανίηι
439 2952 472 2991 C
492 2967 501 2992 :
529 2953 669 3003 μανίης
693 2952 779 2992 PR
796 2951 890 2993 SV'
1060 2964 1110 3001 27
1141 2953 1189 2993 τὸ
1213 2954 1418 3004 σκῆπτρον
1440 2963 1521 2990 om.
1546 2949 1628 2990 SV
1751 2953 1938 2992 ποιεῦντα

285 3007 421 3047 RSV
531 3007 690 3057 δὴκν
