2132 3340
746 87 1122 135 ΙΣΤΟΡΙΩΝ
1183 89 1232 136 {1

156 217 208 269 εὖ
238 238 325 269 νυν
353 216 452 269 ’ὁδ’
484 218 606 278 ἵσθι,
640 217 700 283 ἥν
732 239 825 285 περ
861 218 925 284 μὴ
966 219 1140 270 αὐτίκα
1174 217 1563 290 στρατηλατέῃς,
1596 217 1712 271 τάδε
1741 239 1818 269 τοι

0 299 215 366 Μ’·*Ινέξ
241 301 400 353 αὐτῶν
431 300 733 370 ἀνασχήσει·
798 303 862 356 ὡς
900 303 978 354 καὶ
1014 302 1170 370 μέγας
1210 303 1288 355 καὶ
1326 303 1518 356 πολλὸς
1553 302 1726 369 ἐγένεο
1763 305 1817 354 ἐν

98 376 106 386 ’
153 387 308 456 ὀλίγῳ
343 387 526 456 χρόνῳ,
559 388 684 437 οὕτω
724 387 801 438 καὶ
836 387 1069 441 ταπεινὸς
1104 389 1267 454 ὀπίσω
1308 390 1430 438 κατὰ
1465 386 1620 454 τάχος
1657 387 1812 439 ἔσεαι.

153 469 346 537 Ξέρξης
388 473 480 536 μὲν
525 471 752 538 περιδεὴς
794 472 1061 539 γενόμενος
1101 474 1160 543 τῇ
1197 475 1290 538 ὄψι
1323 471 1417 523 ἀνά
1452 494 1506 523 τε
1543 472 1722 538 ἔδραμε
1760 474 1813 523 ἐκ

103 578 126 620 5
151 558 241 620 τῆς
270 556 435 618 κοίτης
465 555 545 606 καὶ
582 555 764 620 πέμπει
800 555 1019 623 ἄγγελον
1050 553 1169 622 [ἐπὶ]
1200 555 1517 622 Ἀρτάβανον
1550 556 1810 610 καλέοντα.

150 638 431 710 ἀπικομένῳ
463 638 516 691 δέ
553 642 599 691 οἱ
643 641 790 707 ἔλεγε
836 639 1029 708 Ξέρξης
1072 639 1205 692 τάδε·
1266 640 1563 707 Ἀρτάβανε,
1613 642 1711 707 ἐγὼ
1757 641 1812 691 τὸ

150 725 424 791 παραυτίκα
465 727 557 790 μὲν
601 724 686 776 οὐκ
731 725 1052 792 ἐσωφρόνεον
1099 727 1240 778 εἴπας
1281 727 1332 778 ἐς
1368 727 1427 776 σὲ
1466 723 1650 790 μάταια
1689 724 1811 776 ἔπεα

149 811 373 876 χρηστῆς
404 809 567 860 εἵνεκα
597 812 908 875 συμβουλῆς·
961 811 1086 874 μετὰ
1114 808 1285 875 μέντοι
1315 809 1373 860 οὐ
1401 813 1597 861 πολλὸν
1627 810 1811 877 χρόνον

147 892 417 960 μετέγνων,
477 893 636 961 ἔγνων
695 896 749 946 δὲ
806 893 959 945 ταῦτά
1014 916 1099 959 μοι
1157 894 1364 959 ποιητέα
1422 895 1571 945 ἐόντα
1626 896 1688 945 τὰ
1747 895 1811 945 σὺ

78 998 126 1028 ιο
148 976 411 1043 ὑπεθήκαο.
502 978 588 1029 οὐκ
640 977 709 1030 ὧν
760 979 968 1033 δυνατός
1017 979 1098 1030 τοί
1147 981 1246 1044 εἶμι
1297 983 1452 1029 ταῦτα
1499 979 1811 1044 βουλόμενος

149 1061 352 1114 ποιέειν·
414 1062 732 1133 τετραμμένῳ
780 1064 875 1131 γὰρ
924 1062 982 1128 δὴ
1032 1065 1111 1116 καὶ
1162 1064 1494 1130 μετεγνωκότι
1538 1064 1812 1130 ἐπιφοιτῶν

149 1148 340 1213 ὄνειρον
372 1147 680 1214 φαντάζεταί
705 1169 806 1213 μοι,
834 1147 1058 1213 οὐδαμῶς
1090 1147 1391 1201 συνέπαινον
1421 1147 1505 1199 ἐὸν
1533 1146 1721 1200 ποιέειν
1751 1170 1813 1213 με

148 1235 317 1282 ταῦτα·
372 1236 458 1283 νῦν
487 1235 539 1283 δὲ
572 1233 651 1284 καὶ
682 1235 1016 1297 διαπειλῆσαν
1046 1235 1254 1301 οἴχεται.
1330 1234 1373 1284 εἰ
1404 1230 1471 1284 ὧν
1503 1233 1613 1286 θεός
1644 1234 1756 1284 ἐστι
1785 1234 1812 1282 ὁ

115 1314 439 1381 “ἐπιπε’μπων
472 1317 554 1367 καί
587 1318 633 1368 οἱ
670 1316 867 1370 πάντως
903 1316 959 1368 ἐν
999 1317 1152 1390 ἡδονῇ
1183 1316 1296 1368 ἐστι
1325 1316 1564 1385 γενέσθαι
1595 1338 1808 1384 στρατη-

77 1419 123 1460 15
149 1401 334 1465 λασίην
370 1400 452 1452 ἐπὶ
487 1400 578 1465 τὴν
606 1400 851 1459 Ἑλλάδα,
885 1400 1214 1466 ἐπιπτήσεται
1252 1402 1330 1453 καὶ
1369 1401 1450 1453 σοὶ
1480 1401 1638 1453 τώυτὸ
1668 1406 1809 1453 τοῦτο

150 1485 358 1549 ὄνειρον,
398 1486 578 1550 ὁμοίως
619 1481 725 1551 [ὡς]
766 1485 846 1536 καὶ
886 1485 995 1550 ἐμοὶ
1037 1487 1416 1552 ἐντελλόμενον.
1505 1487 1716 1553 εὑρίσκω
1758 1489 1811 1538 δὲ

149 1570 242 1621 ὧδε
272 1567 334 1621 ἂν
369 1570 606 1637 γινόμενα
640 1574 806 1629 ταῦτα,
841 1572 884 1621 εἰ
919 1569 1104 1636 λάβοις
1138 1570 1229 1635 τὴν
1266 1570 1390 1637 ἐμὴν
1427 1570 1611 1635 σκευὴν
1642 1574 1811 1623 πᾶσαν

150 1653 230 1705 καὶ
259 1652 398 1708 ἐνδὺς
427 1656 554 1720 μετὰ
590 1659 740 1706 τοῦτο
772 1655 896 1718 ἵζοιο
933 1654 985 1708 ἐς
1025 1654 1113 1706 τὸν
1149 1654 1268 1720 ἐμὸν
1308 1655 1486 1721 θρόνον
1523 1655 1602 1706 καὶ
1639 1655 1811 1707 ἔπειτα

148 1737 203 1790 ἐν
234 1739 370 1811 κοίτῃ
399 1739 457 1812 τῇ
485 1738 575 1810 ἐμῇ
610 1739 997 1792 κατυπνώσειας.
1069 1736 1263 1806 Ξέρξης
1285 1742 1376 1805 μὲν
1398 1737 1551 1791 ταῦτά
1576 1742 1622 1791 οἱ
1645 1740 1806 1807 ἔλεγε,

0 1831 6 1842 ’
73 1840 123 1869 20
147 1822 462 1890 Ἀρτάβανος
492 1826 547 1876 δὲ
578 1822 634 1874 οὐ
663 1828 731 1893 τῷ
763 1824 938 1893 πρώτῳ
978 1824 1025 1875 οἱ
1053 1825 1356 1889 κελεύσματι
1388 1825 1695 1890 πειθόμενος,
1730 1826 1811 1876 οἳα

147 1907 233 1958 οὐκ
265 1907 551 1973 ἀξιεύμενος
582 1907 634 1962 ἐς
670 1907 758 1959 τὸν
794 1906 1072 1973 βασιλήιον
1110 1909 1287 1975 θρόνον
1323 1909 1533 1972 ἵζεσθαι,
1566 1908 1712 1962 τέλος
1745 1908 1810 1962 ὡς

144 1991 447 2059 ἠναγκάζετο
480 1994 621 2046 εἴπας
644 1992 760 2045 τάδε
792 1992 955 2046 ἐποίεε
978 1993 1035 2045 τὸ
1059 1994 1399 2058 κελευόμενον·
1459 1991 1604 2045 Ἴσον
1628 1993 1806 2052 ἐκεῖνο,

144 2073 183 2127 ὦ
229 2081 463 2143 βασιλεῦ,
512 2077 627 2144 παρ’
678 2077 785 2142 ἐμοὶ
839 2076 1070 2144 κέκριται,
1124 2076 1357 2144 φρονέειν
1408 2099 1463 2129 τε
1515 2078 1568 2130 εὗ
1610 2078 1688 2130 καὶ
1740 2083 1808 2148 τῷ

0 2105 63 2228 5·
142 2159 345 2228 λέγοντι
384 2164 583 2230 χρηστὰ
628 2161 822 2214 ἐθέλειν
865 2163 1144 2215 πείθεσθαι·
1212 2164 1273 2214 τὰ
1322 2165 1383 2214 σὲ
1425 2163 1503 2214 καὶ
1548 2163 1809 2229 ἀμφότερα

71 2261 120 2304 25
143 2244 442 2312 περιήκοντα
477 2247 751 2313 ἀνθρώπων
787 2251 950 2299 κακῶν
982 2247 1170 2312 ὁμιλίαι
1207 2245 1521 2314 σφάλλουσι,
1557 2246 1679 2298 κατά
1715 2268 1808 2313 περ

142 2328 234 2394 τὴν
265 2315 1225 2399 πάντωνπεῒῗῆῦ-ἇῖθβῶῖόισι
1256 2330 1524 2383 θάλασσαν
1555 2329 1809 2396 πνεύματά

144 2420 277 2482 φασι
333 2414 529 2482 ἀνέμων
587 2416 896 2481 ἐμπίπτοντα
945 2415 1002 2466 οὐ
1054 2411 1287 2488 περιορἃ
1338 2416 1464 2488 φύσι
1514 2423 1575 2489 τῇ
1627 2418 1810 2484 ἑωυτῇς

201 2565 219 2592 1
253 2554 290 2594 οἱ
309 2551 344 2592 C
487 2566 512 2591 2
543 2554 796 2605 ἀνασχήσειν
817 2553 851 2592 C
960 2555 1087 2595 πολὺς
1110 2554 1142 2592 P
1157 2553 1195 2592 R
1211 2553 1241 2592 S
1255 2553 1292 2591 V
1430 2567 1455 2603 4
1486 2552 1652 2606 ἐγένετο
1672 2551 1711 2591 Α
1727 2553 1761 2592 Β
1776 2553 1810 2592 C

145 2606 287 2660 ὄψειῙ..
453 2609 734 2658 5καὶοῑη.(ἰ
856 2607 1231 2649 ἐπὶοῐη.ΡῙῖ5ν
1406 2607 1812 2648 601‘0m.PRSV

146 2662 259 2714 ἔλεξε
281 2662 311 2702 S
324 2662 362 2701 V
509 2676 530 2713 7
563 2662 752 2716 ἐφρόνεον
771 2662 810 2700 Α
825 2662 859 2701 Β
874 2663 908 2701 C
1023 2666 1062 2704 ἐς
1083 2676 1164 2702 om.
1189 2661 1229 2700 A
1243 2662 1278 2700 B
1293 2661 1327 2700 C
1467 2665 1493 2701 8
1523 2664 1650 2704 εἵνεκε
1675 2663 1713 2701 R
1730 2663 1812 2702 SV

146 2717 397 2767 συμβουλίης
418 2716 457 2755 Α
472 2717 507 2756 Β
524 2717 557 2756 C
727 2730 776 2756 10
805 2717 954 2758 ποιέειν
974 2717 1223 2768 βουλόμενος
1246 2716 1280 2755 Ρ
1295 2717 1333 2756 R
1348 2717 1378 2757 S
1392 2717 1430 2756 V
1573 2730 1616 2756 11
1650 2719 1700 2767 δὴ
1722 2731 1805 2758 om.

145 2771 185 2810 A
201 2771 234 2810 B
249 2771 282 2810 C
396 2774 607 2826 ἐπίφοιτον
628 2772 667 2810 R
684 2772 713 2811 S
727 2772 766 2810 V
913 2784 961 2809 12
992 2772 1231 2812 συνέπαινον
1252 2772 1335 2824 ἐὸν]
1361 2772 1623 2812 συνεπαινέον
1642 2772 1681 2810 Α
1695 2772 1730 2811 Β
1748 2772 1782 2811 Ρ
1800 2787 1810 2812 :

145 2825 379 2877 ξυνεπενεόν
400 2827 434 2866 C
581 2839 629 2877 13
659 2828 707 2876 δὴ
729 2827 956 2874 ἇπειλῆσαν
979 2826 1017 2864 R
1036 2827 1064 2865 S
1077 2827 1114 2865 V
1249 2838 1295 2873 14
1326 2826 1651 2880 στρατηλατέειν
1671 2827 1708 2866 Α
1723 2827 1758 2866 Β
1776 2827 1810 2865 C

148 2881 197 2919 16
225 2882 276 2922 ὣς
299 2894 382 2922 om.
405 2879 541 2920 ABC
731 2893 777 2931 17
809 2880 884 2922 ὧδε
906 2880 1175 2933 ἀναγινόμενα
1196 2881 1236 2919 R
1252 2880 1333 2919 SV
1526 2893 1576 2931 19
1604 2883 1640 2922 οἱ
1659 2894 1741 2921 om.
1771 2882 1810 2920 R

145 2947 200 2983 20
235 2940 293 2987 τῷ
328 2942 370 2974 et
405 2937 443 2976 οἷ
479 2948 562 2977 om.
598 2935 786 2975 ABCP
951 2935 1172 2987 κελεύματι
1201 2934 1241 2975 Α
1263 2934 1297 2974 Β
1321 2934 1355 2973 C
1521 2935 1742 2987 πυθόμενος
1772 2935 1811 2976 V

146 3002 197 3039 24
227 2990 322 3030 τάδε
344 2992 408 3031 καὶ
432 2990 460 3029 S
476 2991 514 3029 V
679 3004 728 3041 27
761 2990 879 3043 φύσει
902 2990 935 3029 L
951 2990 1028 3042 [C]

1865 89 1973 137 VII.
2003 103 2059 152 14

1853 487 1908 537 15

1849 1253 1875 1296 3

1847 1748 1908 1796 16

1822 2416 2132 2465 ω’,μωΜ

1815 2464 2132 2528 &sax-1

1819 2487 2132 2596 Νῶἔμ,δυζὲ
