2132 3340
678 94 1058 143 ΙΣΤΟΡΙΩΝ
1120 93 1170 142 Θ
1796 94 1936 144 VIII.
1967 107 2055 143 120

81 231 280 295 μᾶλλον
315 230 402 279 τοῦ
438 224 719 293 Στρυμόνος
757 225 836 277 καὶ
876 227 965 290 τῆς
995 222 1217 285 Ἠιόνος,
1249 223 1365 277 ὅθεν
1402 219 1461 289 δή
1500 222 1587 289 μίν
1622 228 1754 291 φασι

84 314 319 379 ἐπιβῆναι
350 312 432 364 ἐπὶ
461 310 552 375 τὴν
581 310 685 364 νέα.

165 399 231 449 Οἱ
267 399 322 450 δὲ
341 393 595 460 ”Έλληνες
633 396 798 447 ἐπείτε
832 395 919 447 οὐκ
956 393 1059 447 δῖοί
1089 416 1144 447 τε
1182 395 1408 462 ἐγίνοντο
1439 392 1634 459 ἐξελεῖν
1664 392 1754 457 τὴν
1794 405 1874 441 121

72 481 306 550 Ἀνδρον,
353 481 653 547 τραπόμενοι
705 481 757 534 ἐς
802 479 1067 547 Κάρυστον
1116 479 1195 531 καὶ
1243 479 1548 544 δηιώσαντες
1593 477 1754 531 αἶ’-τῶν

32 593 55 635 5
78 566 168 632 τὴν
207 566 375 634 χώρην
415 563 813 617 ἀπαλλάσσοντο
859 566 910 619 ἐς
950 568 1228 630 Σαλαμῖνα.
1321 569 1491 631 πρῶτα
1529 563 1623 630 μέν
1664 585 1753 617 νυν

78 655 212 703 τοῖσι
247 654 410 703 θεοῖσι
446 648 642 715 ἐξεῖλον
679 651 933 716 ἀκροθίνια
973 649 1108 701 ἄλλα
1146 671 1198 701 τε
1240 649 1318 701 καὶ
1358 647 1585 716 τριήρεας
1621 654 1752 716 τρεῖς
1779 639 2057 717 Μὶὶννῖκ·

79 736 376 794 Φοινίσσας,
409 733 499 799 τὴν
528 737 620 800 μὲν
653 735 702 788 ἐς
733 733 938 800 ’[σθμὸν
976 735 1247 794 ἀναθεῖναι,
1278 734 1312 800 ἤ
1343 755 1435 800 περ
1471 733 1542 785 ἔτι
1580 733 1659 786 καὶ
1699 735 1751 787 ἐς

79 821 167 887 ἐμὲ
212 818 289 885 ἤν,
332 818 421 884 τὴν
467 822 520 872 δὲ
566 818 646 872 ἐπὶ
691 819 913 879 Σούνιον,
958 819 1048 884 τὴν
1089 821 1143 871 δὲ
1187 824 1254 889 τῷ
1287 820 1465 871 Αἴαντι
1509 819 1658 872 αὐτοῦ
1699 820 1751 872 ἐς

78 909 354 971 Σαλαμῖνα.
442 906 565 970 μετὰ
610 906 663 956 δὲ
708 908 852 955 τοῦτο
898 902 1193 957 διεδάσαντο
1238 902 1328 968 τὴν
1372 905 1520 969 ληίην
1566 903 1644 956 καὶ
1687 905 1749 956 τὰ
1788 919 1814 952 2

6 1015 56 1044 10
78 990 335 1057 ἀκροθίνια
371 988 680 1057 ἀπέπεμψαν
707 991 766 1043 ἐς
799 989 1053 1057 Δελφούς,
1089 991 1143 1041 ἐκ
1179 994 1279 1042 τῶν
1311 987 1511 1056 ἐγένετο
1550 990 1750 1056 ἀνδριὰς

78 1075 210 1144 ἔχων
252 1076 306 1127 ἐν
345 1081 406 1147 τῇ
446 1074 575 1142 χειρὶ
620 1072 924 1142 ἀκρωτήριον
965 1075 1090 1134 νεός,
1136 1074 1231 1126 ἐὼν
1272 1072 1489 1142 μέγαθος
1533 1074 1748 1126 δυώδεκα.

76 1157 297 1228 πήχεων·
345 1159 526 1224 ἕστηκε
557 1161 611 1211 δὲ
641 1159 785 1212 οὗτος
816 1160 874 1230 τῇ
907 1181 1000 1226 περ
1031 1160 1058 1210 ὁ
1091 1159 1338 1211 Μακεδὼν
1360 1156 1693 1226 Ἀλέξανδρος
1724 1161 1750 1210 ὁ

76 1243 307 1313 χρύσεος.
378 1242 670 1310 πέμψαντες
698 1246 752 1295 δὲ
784 1243 1040 1311 ἀκροθίνια
1072 1246 1118 1296 οἱ
1140 1242 1395 1308 “Ελληνες
1427 1245 1478 1297 ἐς
1510 1244 1750 1311 Δελφοὺς
1787 1258 1877 1295 122

75 1328 355 1397 ἐπειρώτων
377 1331 464 1380 τὸν
488 1327 601 1380 θεὸν
627 1335 765 1401 κοινῇ
797 1330 839 1380 εἰ
869 1327 1129 1395 λελάβηκε
1151 1326 1346 1396 πλήρεα
1370 1328 1451 1380 καὶ
1476 1329 1664 1396 ἀρεστὰ
1688 1331 1749 1381 τὰ

5 1438 50 1479 ¹5
75 1413 343 1480 ἀκροθίνια.
406 1413 432 1463 ὁ
455 1415 509 1466 δὲ
533 1412 647 1480 παρ’
671 1411 937 1478 Ἑλλήνων
966 1416 1057 1480 μὲν
1079 1418 1178 1466 τῶν
1202 1412 1374 1466 ἄλλων
1398 1413 1562 1481 ἔφησε
1592 1413 1745 1482 ἔχειν,

73 1499 206 1565 παρὰ
242 1496 548 1565 Αἰγινητέων
589 1501 643 1551 δὲ
680 1499 751 1557 οὔ,
792 1499 927 1550 ἀλλὰ
963 1500 1167 1551 ἀπαίτεε
1203 1497 1380 1553 αὐτοὺς
1414 1500 1475 1550 τὰ
1512 1498 1748 1566 ἀριστήια

73 1584 161 1647 τῆς
190 1583 245 1635 ἐν
275 1587 522 1648 Σαλαμῖνι
554 1583 844 1651 ναυμαχίης.
935 1585 1200 1651 Αἰγινῆται
1234 1585 1289 1636 δὲ
1325 1583 1594 1649 πυθόμενοι
1631 1583 1743 1636 ἀνέ-

75 1669 231 1719 θεσαν
254 1666 470 1734 ἀστέρας
500 1666 761 1735 χρυσέους,
791 1667 838 1719 οἳ
870 1667 949 1721 ἐπὶ
982 1670 1125 1720 ἱστοῦ
1153 1667 1374 1736 χαλκέου
1403 1671 1586 1720 ἑστᾶσι
1616 1673 1746 1735 τρεῖς

74 1750 155 1803 ἐπὶ
184 1754 272 1816 τῆς
301 1753 499 1819 γωνίης,
535 1752 798 1820 ἀγχοτάτω
830 1757 917 1804 τοῦ
949 1753 1170 1821 Κροίσου
1203 1756 1458 1820 κρητῆρος.
1538 1755 1663 1818 μετὰ
1693 1755 1745 1804 δὲ
1786 1768 1875 1814 123

2 1859 51 1888 20
72 1834 163 1900 τὴν
194 1836 436 1904 διαίρεσιν
467 1839 555 1902 τῆς
583 1838 728 1902 ληίης
764 1836 948 1890 ἔπλεον
982 1840 1029 1890 οἱ
1051 1836 1306 1902 ’Έλληνες
1342 1840 1392 1891 ἐς
1421 1842 1509 1890 τὸν
1540 1837 1744 1903 Ἰσθμὸν

73 1920 306 1987 ἀριστήια
335 1922 584 1976 δώσοντες
606 1927 674 1992 τῷ
700 1920 954 1993 ἀξιωτάτῳ
979 1922 1230 1994 γενομένῳ
1254 1921 1517 1988 Ἑλλήνων
1541 1924 1636 1974 ἀνὰ
1659 1927 1744 1974 τὸν

75 2005 295 2071 πόλεμον
324 2010 514 2058 τοῦτον.
603 2007 667 2060 ὡς
704 2009 757 2059 δὲ
794 2008 1087 2074 ἀπικόμενοι
1124 2010 1171 2060 οἱ
1209 2007 1478 2075 στρατηγοὶ
1510 2006 1743 2074 διέφερον
1781 2026 1807 2058 2

71 2090 159 2144 τὰς
179 2088 386 2158 ψήφους
418 2091 498 2143 ἐπὶ
528 2096 615 2143 τοῦ
638 2091 989 2147 Ποσειδέωνος
1018 2097 1085 2162 τῷ
1117 2098 1290 2163 βωμῷ,
1317 2091 1406 2144 τὸν
1437 2097 1632 2159 πρῶτον
1664 2093 1742 2144 καὶ

69 2172 157 2226 τὸν
194 2175 423 2244 δεύτερον
461 2177 708 2243 κρίνοντες
748 2179 802 2228 ἐκ
841 2177 1055 2236 πάντων,
1089 2178 1300 2229 ἐνθαῦτα
1338 2180 1434 2230 πᾶς
1471 2198 1545 2230 τις
1581 2177 1743 2229 αὐτῶν

0 2281 44 2321 ²5
71 2261 232 2330 ἑωυτῷ
274 2262 463 2313 ἐτίθετο
503 2260 592 2326 τὴν
632 2265 829 2329 ψῆφον,
873 2261 1020 2316 αὐτὸς
1061 2262 1271 2316 ἕκαστος
1312 2260 1498 2313 δοκέων
1536 2260 1742 2328 ἄριστος

35 2409 37 2411 ¹
69 2343 324 2411 γενέσθαι,
358 2346 559 2413 δεύτερα
595 2348 648 2398 δὲ
686 2348 733 2398 οἱ
770 2333 969 2399 πολλοὶ·
995 2346 1355 2412 συνεξέπιπτον
1389 2345 1742 2421 Θεμιστοκλέα

70 2430 332 2495 κρίνοντες.
421 2433 467 2482 οἱ
502 2433 594 2495 μὲν
630 2430 688 2495 δὴ
723 2433 1035 2497 ἐμουνοῦντο,
1071 2430 1452 2497 Θεμιστοκλέης
1487 2433 1540 2482 δὲ
1569 2430 1746 2482 ’δευτε-’

125 2580 144 2607 1
175 2572 338 2621 μᾶλλον
356 2569 382 2618 ἢ
402 2568 439 2608 Α
454 2568 489 2616 Β
504 2568 586 2607 CP
787 2582 812 2608 2
843 2572 919 2618 νῆα
942 2570 980 2609 R
996 2570 1025 2609 S
1039 2570 1076 2608 V
1095 2584 1104 2610 τ
1135 2576 1232 2621 post
1254 2571 1335 2610 hoc
1357 2570 1531 2609 verbum
1553 2569 1739 2611 λείπουσι

67 2623 207 2676 στίχοι
228 2627 354 2665 εἴκοσι
374 2624 470 2664 add.
496 2623 567 2662 Bm
691 2637 717 2674 3
749 2624 940 2677 ἐγένοντο
963 2625 996 2664 C
1011 2625 1045 2664 P
1159 2624 1334 2677 ἐξελέειν
1358 2625 1396 2662 R
1412 2623 1494 2664 SV
1619 2637 1642 2674 7
1674 2625 1738 2665 καὶ

66 2690 150 2718 om.
172 2678 207 2717 C
301 2709 304 2711 -
373 2692 400 2729 9
429 2680 480 2720 τὰ
502 2691 586 2720 om.
612 2678 749 2718 RSV
918 2691 968 2720 10
998 2680 1179 2732 ἔπεμψαν
1203 2680 1242 2718 R
1260 2680 1342 2719 SV
1512 2691 1556 2718 11
1590 2679 1735 2733 ἆκρωτ.

68 2735 111 2774 ἐν
130 2735 182 2781 τῆ
203 2734 308 2787 χειρὶ
331 2734 370 2772 R
386 2733 416 2773 S
430 2733 468 2772 V
560 2735 657 2775 νεὼς
679 2733 712 2773 C
727 2733 760 2773 P
776 2733 815 2772 R
831 2733 913 2773 SV
996 2735 1242 2776 δυωκαίδεκα
1261 2735 1300 2774 Α
1317 2734 1352 2773 Β
1367 2734 1401 2773 C
1508 2746 1556 2773 12
1587 2733 1738 2782 ἔστηκε

66 2787 181 2827 SV:
223 2789 393 2838 εστήκεε
428 2788 469 2827 Α
491 2788 526 2827 Β
549 2788 583 2827 C
608 2788 667 2828 P:
712 2789 814 2839 ἔστη
848 2789 887 2827 R
1060 2803 1108 2839 14
1153 2791 1367 2844 ἐπηρώτων
1402 2789 1436 2828 C
1461 2789 1496 2828 P
1532 2790 1636 2840 (non
1673 2788 1735 2835 R)

66 2854 117 2893 19
146 2843 316 2897 Κροίσου
336 2843 370 2882 Ρ
389 2857 398 2882 :
431 2843 607 2895 Κροίσεω
627 2843 668 2882 Α
684 2843 718 2882 Β
736 2843 795 2884 C:
827 2848 983 2898 χρυσοῦ
1005 2844 1046 2883 R
1060 2844 1142 2884 SV
1334 2857 1389 2884 20
1419 2844 1578 2887 ἔπλωον
1599 2844 1638 2882 R
1654 2843 1737 2882 SV

62 2909 115 2935 22
144 2896 327 2951 διέφερον
354 2898 624 2937 Herwerden
644 2912 654 2938 τ
683 2898 865 2949 διένεμον
885 2898 924 2936 Α
939 2899 973 2937 Β
990 2899 1051 2939 C:
1082 2898 1314 2950 διενέμοντο
1338 2899 1401 2938 P:
1433 2899 1577 2952 ἔφερον
1597 2898 1637 2937 R
1653 2897 1736 2937 SV

62 2964 114 2998 24
145 2954 275 2993 αὐτῶν
293 2966 375 2993 om.
404 2953 442 2992 R
459 2953 488 2991 S
502 2954 540 2991 V
651 2955 704 2992 26
734 2953 777 2995 δὲ
798 2967 877 2994 om.
902 2955 935 2995 C
1035 2958 1156 3008 ξυνεξ.
1186 2954 1223 2992 R
1239 2953 1269 2993 S
1283 2953 1320 2993 V
1432 2967 1482 3004 27
1516 2956 1734 3005 ἐμουνοῦτο

61 3005 146 3047 A¹:
177 3010 367 3059 ἐμυοῦντο
393 3009 426 3047 C
