2132 3340
746 126 918 174 ΙΣΤΟ
935 127 1116 175 ΡΙΩΝ
1181 129 1198 174 Ι

140 258 340 324 φεύγων
364 257 474 308 οὔτε
507 259 557 310 ἐς
579 256 635 308 τὸ
658 255 858 321 ξύλινον
883 262 1049 325 τεῖχος
1073 257 1186 309 οὔτε
1209 259 1259 310 ἐς
1282 257 1338 309 τὸ
1364 259 1612 324 Θηβαίων
1635 263 1804 327 τεῖχος

139 341 254 392 ἀλλ’
289 342 338 394 ἐς
368 340 590 399 Φωκέας,
625 340 813 392 ἐθέλων
846 341 911 394 ὡς
942 341 1159 409 τάχιστα
1190 343 1269 394 ἐπὶ
1299 342 1386 394 τὸν
1417 341 1804 407 Ἑλλήσποντον

139 424 421 476 ἀπικέσθαι.
512 426 589 476 καὶ
637 425 694 488 δὴ
743 426 877 476 οὗτοι
922 428 1014 490 μὲν
1059 426 1211 496 ταύτῃ
1256 425 1545 493 ἐτράποντο’
1607 432 1707 479 τῶν
1750 429 1804 479 δὲ

138 507 310 560 ἄλλων
332 508 595 574 Ἑλλήνων
614 514 710 560 τῶν
734 511 857 574 μετὰ
875 508 1122 575 βασιλέος
1145 511 1575 563 ἐθελοκακεόντων
1596 510 1805 564 Βοιωτοὶ

92 617 113 658 5
139 592 452 659 Ἀθηναίοισι
473 593 788 661 ἐμαχέσαντο
806 595 990 661 χρόνον
1011 595 1092 646 ἐπὶ
1113 595 1318 662 συχνόν·
1342 598 1387 647 οἱ
1408 597 1501 663 γὰρ
1519 597 1806 661 μηδίζοντες

139 683 238 730 τῶν
271 678 531 743 Θηβαίων,
565 679 700 729 οὗτοι
731 679 870 747 εἶχον
899 680 1174 745 προθυμίην
1205 678 1290 730 οὐκ
1321 681 1499 747 ὀλίγην
1527 681 1810 748 μαχόμενοί

139 784 195 814 τε
228 762 307 813 καὶ
337 763 435 813 οὐκ·
461 762 887 822 ἐθελοκακέοντες,
921 764 1046 814 οὕτω
1084 763 1218 815 ὥστε
1253 765 1531 831 τριηκόσιοι
1568 765 1728 817 αὐτῶν
1758 768 1805 818 οἱ

141 852 325 913 πρῶτοι
363 849 440 899 καὶ
476 847 674 914 ἄριστοι
709 849 917 899 ἐνθαῦτα
954 847 1138 899 ἔπεσον
1178 847 1275 900 ὑπὸ
1306 849 1602 914 Ἀθηναίων·
1651 850 1715 903 ὡς
1751 853 1806 902 δὲ

143 930 414 999 ἐτράποντο
447 933 525 984 καὶ
563 932 712 990 οὗτοι,
747 932 964 1000 ἔφευγον
1000 934 1052 985 ἐς
1087 935 1174 986 τὰς
1207 931 1405 999 Θήβας,
1439 933 1496 984 οὐ
1531 942 1592 1007 τῇ
1629 957 1720 1002 περ
1759 938 1805 986 οἱ

70 1039 118 1068 10
142 1015 337 1083 Πέρσαι
371 1017 448 1068 καὶ
479 1022 577 1067 τῶν
607 1016 779 1069 ἄλλων
813 1017 1091 1085 συμμάχων
1115 1018 1140 1067 ὁ
1163 1021 1259 1071 πᾶς
1289 1019 1463 1083 ὅμιλος
1486 1019 1599 1079 οὔτε
1630 1022 1802 1084 διαμα-

141 1100 421 1169 χεσάμενος
451 1102 611 1153 οὐδενὶ
643 1102 755 1153 οὔτε
785 1123 832 1153 τι
868 1100 1235 1167 ἀποδεξάμενος
1266 1102 1497 1170 ἔφευγον.
1575 1107 1722 1168 δηλοῖ
1753 1102 1808 1155 τέ

140 1207 225 1251 μοι
273 1187 349 1237 ὅτι
397 1185 560 1238 πάντα
609 1188 670 1238 τὰ
722 1185 988 1253 πρήγματα
1038 1191 1137 1238 τῶν
1192 1186 1469 1254 βαρβάρων
1520 1186 1700 1254 ἤρτητο
1753 1190 1807 1239 ἐκ

143 1269 402 1336 Περσέων,
451 1272 493 1322 εἰ
544 1271 622 1322 καὶ
668 1271 782 1323 τότε
826 1270 962 1322 οὗτοι
1006 1271 1121 1337 πρὶν
1164 1267 1195 1335 ἢ
1240 1272 1319 1323 καὶ
1364 1271 1630 1337 συμμεῖξαι
1672 1277 1808 1324 τοῖσι

143 1355 431 1420 πολεμίοισι
466 1354 697 1422 ἔφευγον,
737 1356 812 1406 ὅτι
848 1356 926 1407 καὶ
963 1354 1077 1408 τοὺς
1114 1354 1318 1421 Πέρσας
1354 1356 1510 1422 ὥρων.
1592 1357 1717 1408 οὕτω
1753 1379 1808 1409 τε

71 1461 118 1502 15
143 1437 326 1493 πάντες
374 1439 592 1506 ἔφευγον
639 1440 771 1504 πλὴν
818 1435 906 1504 τῆς
952 1440 1104 1492 ἵππου
1150 1442 1238 1504 τῆς
1285 1462 1339 1492 τε
1386 1439 1546 1506 ἄλλης
1594 1443 1674 1494 καὶ
1720 1445 1809 1506 τῆς

145 1525 398 1588 Βοιωτίης·
446 1524 566 1588 αὕτη
614 1526 666 1576 δὲ
711 1528 931 1575 τοσαῦτα
973 1523 1307 1591 προσωφέλεε
1352 1525 1464 1579 τοὺς
1508 1526 1806 1593 φεύγοντας,

144 1609 246 1660 αἰεί
279 1629 334 1660 τε
374 1607 496 1675 πρὸς
536 1613 635 1660 τῶν
675 1609 930 1674 πολεμίων
969 1607 1193 1676 ἄγχιστα
1230 1610 1383 1660 ἐοῦσα
1424 1608 1713 1676 ἀπέργουσά
1753 1632 1808 1663 τε

144 1692 257 1745 τοὺς
306 1694 505 1760 φιλίους
553 1692 831 1760 φεύγοντας
863 1692 959 1745 ἀπὸ
1006 1697 1104 1744 τῶν
1148 1691 1428 1758 Ἑλλήνων.
1517 1696 1562 1746 οἱ
1609 1697 1699 1760 μὲν
1747 1694 1806 1760 δὴ

144 1781 375 1830 νικῶντες
406 1778 603 1829 εἵποντο
632 1777 746 1831 τοὺς
779 1775 979 1844 Ξέρξεω
1011 1776 1271 1831 διώκοντές
1300 1799 1354 1829 τε
1381 1779 1458 1829 καὶ
1491 1779 1805 1845 φονεύοντες·

71 1887 121 1916 20
143 1863 199 1913 ἐν
228 1864 280 1913 δὲ
311 1861 465 1931 τούτῳ
503 1867 569 1931 τῷ
606 1860 850 1931 γινομένῳ
893 1863 1045 1931 φόβῳ
1081 1860 1387 1929 ἀγγέλλεται
1424 1867 1558 1914 τοῖσι
1599 1862 1808 1915 ἄλλοισι

135 1943 364 2010 ’Έλλησι
400 1950 535 1997 τοῖσι
571 1945 920 2013 τεταγμένοισι
956 1946 1068 2012 περὶ
1103 1945 1159 1998 τὸ
1187 1943 1408 2012 “Ηραιον
1446 1948 1526 1999 καὶ
1561 1948 1806 2014 ἀπογενο-

142 2029 341 2095 μένοισι
370 2033 458 2094 τῆς
492 2029 671 2098 μάχης,
705 2031 782 2082 ὅτι
811 2029 948 2098 μάχη
987 2051 1041 2082 τε
1072 2028 1250 2097 γέγονε
1282 2031 1360 2082 καὶ
1397 2037 1570 2101 νικῷεν
1601 2034 1648 2084 οἱ
1683 2034 1809 2097 μετὰ

149 2115 462 2167 Παυσανίεω·
518 2117 563 2166 οἱ
610 2117 662 2167 δὲ
707 2115 1010 2167 ἀκούσαντες
1053 2119 1221 2173 ταῦτα,
1265 2114 1441 2167 οὐδένα
1487 2116 1679 2181 κόσμον
1720 2137 1806 2167 τα-

144 2198 364 2266 χθέντες,
388 2202 434 2251 οἱ
464 2201 556 2264 μὲν
587 2199 716 2267 ἀμφὶ
748 2200 1038 2265 Κορινθίους
1062 2197 1335 2265 ἐτράποντο
1358 2202 1439 2251 διὰ
1468 2203 1555 2264 τῆς
1583 2200 1809 2268 ὑπωρέης

71 2306 120 2347 25
146 2283 226 2334 καὶ
276 2288 375 2335 τῶν
428 2289 660 2335 κολωνῶν
713 2283 803 2347 τὴν
851 2282 1108 2349 φέρουσαν
1159 2282 1261 2335 ἄνω
1316 2283 1392 2334 ἰθὺ
1439 2289 1525 2335 τοῦ
1573 2287 1678 2351 ἱροῦ
1722 2288 1809 2350 τῆς

147 2365 424 2436 Δήμητρος,
459 2371 504 2420 οἱ
537 2371 589 2420 δὲ
619 2368 748 2435 ἀμφὶ
781 2366 1047 2434 Μεγαρέας
1076 2388 1132 2419 τε
1165 2369 1242 2419 καὶ
1275 2370 1582 2422 Φλειασίους
1612 2371 1692 2420 διὰ
1721 2374 1808 2420 τοῦ

144 2452 315 2504 πεδίου
364 2452 455 2517 τὴν
505 2451 765 2517 λειοτάτην
811 2456 909 2503 τῶν
954 2452 1099 2503 ὁδῶν.
1187 2453 1353 2504 ἐπείτε
1403 2455 1456 2504 δὲ
1501 2454 1663 2521 ἀγχοῦ
1709 2459 1806 2505 τῶν

144 2537 398 2601 πολεμίων
441 2538 667 2603 ἐγίνοντο
710 2538 757 2588 οἱ
799 2535 1058 2603 Μεγαρέες
1102 2537 1179 2588 καὶ
1222 2536 1506 2596 Φλειάσιοι,
1545 2538 1807 2590 ἀπιδόντες

204 2689 220 2714 1
254 2689 316 2726 pr.
342 2679 481 2727 τεῖχος
505 2674 535 2714 S
556 2675 672 2714 solus
809 2687 834 2713 2
866 2673 924 2726 ἐς]
948 2676 1002 2715 εἷς
1023 2674 1115 2714 RV
1250 2687 1274 2723 4
1305 2674 1508 2723 βασιλέως
1531 2675 1564 2713 C
1685 2687 1711 2726 5
1743 2677 1808 2717 ἐπὶ

145 2730 299 2783 συχνόν
319 2743 400 2770 orn.
421 2731 460 2769 R
680 2731 707 2767 6
735 2728 982 2781 μαχεόμενοί
1000 2727 1040 2766 Α
1056 2729 1091 2767 Β
1106 2728 1140 2768 C
1356 2742 1383 2779 9
1412 2732 1456 2769 οὐ
1476 2733 1528 2783 τῇ
1554 2729 1698 2769 Stein:
1737 2732 1810 2772 οὐκ

143 2783 224 2835 ἧφ)
259 2785 293 2823 L
480 2798 523 2823 11
566 2785 695 2825 οὐδενὶ
728 2784 764 2822 R
797 2796 968 2833 quoque
1095 2782 1388 2835 ἀποδεξάμενός
1416 2801 1455 2825 τι
1488 2785 1521 2823 Ρ
1645 2802 1692 2825 τε
1722 2786 1808 2837 ἐμοὶ

147 2840 186 2878 R
202 2839 285 2879 SV
471 2850 518 2877 12
547 2841 724 2891 ἤρτηντο
748 2838 786 2877 R
802 2838 885 2877 SV
1079 2851 1127 2887 13
1159 2843 1346 2889 συμμιξαι
1369 2838 1402 2876 L
1599 2851 1646 2890 14
1678 2841 1811 2893 εῶρων

142 2893 183 2932 Α
197 2894 232 2932 Β
248 2893 282 2932 C
297 2893 331 2932 P
526 2905 571 2941 17
603 2891 850 2947 ἀπείργουσά
870 2891 905 2930 L
1096 2905 1151 2931 20
1180 2891 1291 2945 φόνῳ
1317 2891 1376 2930 Α2
1393 2907 1402 2932 :
1431 2892 1540 2946 πόνῳ
1560 2893 1812 2946 Wesseling

145 2950 308 2990 ἄλλοισι
330 2961 409 2987 orn.
438 2947 476 2985 R
494 2947 523 2986 S
537 2947 576 2986 V
770 2960 818 2986 21
851 2947 939 3000 περὶ
960 2946 1008 2987 τὸ
1028 2947 1165 2999 ἦραῖον
1189 2949 1256 3000 (ἱρ.
1280 2946 1339 2998 R)
1362 2947 1648 3000 τεταγμένοισι
1671 2948 1711 2986 R
1726 2949 1811 2989 SV

144 3016 195 3052 24
227 3003 418 3055 ὑπωρεῖης
441 3002 479 3040 R
496 3002 576 3041 SV
726 3014 776 3050 25
808 3002 886 3043 ἄνω
907 3014 988 3040 om.
1017 3000 1056 3039 R
1073 3001 1101 3040 S
1116 3002 1153 3040 V
1303 3004 1357 3040 26
1385 3010 1502 3044 Φλια-
1528 3004 1560 3042 L
1583 3005 1650 3053 (it.
1667 3006 1737 3054 28)

199 3069 300 3097 Ηοτ.
325 3070 371 3096 11.
1594 3062 1644 3099 24

1843 131 1930 179 IX.
1959 133 2031 182 66

1842 431 1984 501 67⁴

1843 1105 1915 1153 68
