2132 3340
11 113 114 161 VII.
147 114 250 162 1602
908 112 956 158 H
974 111 1338 159 POAOTOT

223 267 248 297 2
287 243 523 308 χρᾶσθαι.
612 243 700 306 ἐμὲ
735 244 787 294 δὲ
825 241 1108 293 ἀκούσαντα
1142 241 1264 308 πρὸς
1302 247 1393 294 σεΰ
1430 247 1587 296 κακῶς
1622 243 1680 296 οὐ
1708 249 1950 298 ποσοῧτον

279 319 431 376 ’ἔδακε
465 326 615 389 λύπη,
654 327 779 376 ὅσον
815 324 1051 392 γνωμέων
1087 326 1172 377 δύο
1209 325 1546 392 προκειμένων
1580 326 1831 399 Πέρσῃσι,
1863 332 1950 394 τῆς

286 413 378 475 μὲν
417 410 565 475 ὕβριν
602 409 926 474 αὐξανούσης,
959 414 1046 475 τῆς
1081 413 1135 462 δὲ
1174 410 1550 475 καταπαυούσης
1588 412 1666 463 καὶ
1701 413 1951 480 λεγούσης

289 494 354 547 ὡς
385 492 533 544 κακὸν
569 495 641 558 εἴη
680 492 934 545 διδάσκειν
968 493 1058 558 τὴν
1097 494 1272 562 ψυχὴν
1310 493 1467 547 πλέον
1502 516 1549 546 τι
1584 495 1813 560 δίζησθαι
1852 497 1949 549 αἰεὶ

288 578 423 646 ἔχειν
464 581 551 628 τοῦ
589 579 877 644 παρεόντος,
916 578 1179 630 τοιουτέων
1219 578 1553 645 προκειμένων
1594 579 1833 646 γνωμέων
1872 581 1947 633 ὅτι
1973 605 1996 645 5

218 667 250 730 β
286 661 378 726 τὴν
419 661 809 728 σφαλερωτέρην
847 667 1046 731 σεωυτῷ
1083 684 1137 714 τε
1173 663 1252 714 καὶ
1284 661 1520 735 Πέρσῃσι
1555 662 1769 735 ἀναιρέο.
1859 669 1947 716 νῦν

286 744 371 805 ὧν,
405 745 574 810 ἐπειδὴ
604 745 851 812 τέτραψαι
892 747 972 798 ἐπὶ
1007 746 1097 811 τὴν
1133 747 1332 812 ἀμείνω,
1366 745 1466 813 φής
1505 768 1583 798 τοι
1616 747 1832 812 μετιέντι
1861 748 1947 800 τὸν

287 829 365 882 ἐπ’
389 828 650 894 ’Έλληνας
686 831 875 882 στόλον
912 832 1179 896 ἐπιφοιτᾶν
1215 833 1404 897 ὄνειρον
1443 834 1555 882 θεοῦ
1589 853 1721 884 τινος
1756 840 1942 906 πομπῇ,

221 935 248 966 2
286 914 375 965 οὐκ
425 913 585 965 ἐῶντά
629 936 689 966 σε
735 915 998 965 καταλύειν
1042 915 1128 966 τὸν
1173 915 1377 966 στόλον.
1466 915 1582 967 ἀλλ’
1634 915 1744 968 οὐδὲ
1794 915 1947 968 ταῦτά

287 1001 414 1058 ἐστι,
447 995 485 1048 ὦ
517 1003 622 1057 παῖ,
657 1002 780 1050 θεῖα·
827 999 1030 1050 ἐνύπνια
1069 1001 1166 1065 γὰρ
1194 1000 1254 1049 τὰ
1285 1001 1336 1052 ἐς
1367 999 1656 1065 ἀνθρώπους
1687 1006 1942 1065 πεπλανη-
1972 1022 2020 1050 ιο

283 1082 411 1148 μένα
446 1082 648 1134 τοιαῦτά
682 1085 794 1134 ἐστι
831 1082 911 1133 οἶά
947 1105 1007 1135 σε
1045 1084 1143 1150 ἐγὼ
1178 1081 1374 1147 διδάξω,
1407 1083 1550 1135 ἔτεσι.
1578 1088 1670 1135 σεῦ
1703 1088 1944 1140 πολλοῖσι

283 1167 629 1234 πρεσβύτερος
659 1167 771 1218 ἐών·
830 1169 1179 1232 πεπλανῆσθαι
1215 1167 1356 1218 αὗται
1386 1166 1610 1232 μάλιστα
1641 1168 1827 1219 ἐώθασι
1856 1164 1943 1234 [αἱ]

283 1253 434 1318 ὄψιες
468 1246 602 1318 [τῶν]
640 1250 924 1318 ὀνειράτων,
961 1249 1023 1302 τά
1062 1272 1136 1304 τις
1173 1250 1358 1318 ἡμέρης
1395 1252 1663 1318 φροντίζεν
1708 1252 1850 1316 ἡμεῖς
1889 1254 1944 1305 δὲ

283 1338 371 1387 τὰς
403 1334 496 1402 πρὸ
526 1339 613 1387 τοῦ
643 1334 826 1401 ἡμέρας
856 1334 1037 1399 ταύτην
1067 1335 1157 1399 τὴν
1189 1336 1562 1402 στρατηλασίην
1594 1335 1672 1386 καὶ
1702 1335 1759 1386 τὸ
1789 1335 1943 1403 κάρτα
1964 1366 1974 1375 ν

214 1438 248 1483 γ
284 1421 483 1493 εἴχομεν
527 1421 652 1484 μετὰ
697 1424 884 1487 χεῖρας.
973 1421 1014 1470 εἰ
1051 1421 1105 1471 δὲ
1143 1419 1237 1486 ἄρα
1283 1418 1350 1484 μή
1392 1421 1502 1470 ἐστι
1542 1424 1685 1470 τοῦτο
1720 1425 1943 1472 τοιοῦτον
1972 1444 2018 1484 75

282 1504 387 1554 οῗον
418 1503 516 1570 ἐγὼ
546 1503 760 1569 διαιρέω,
791 1501 927 1555 ἀλλά
954 1525 1002 1554 τι
1030 1508 1116 1554 τοῦ
1151 1503 1283 1555 θείου
1311 1502 1539 1572 μετέχον,
1575 1503 1638 1554 σὺ
1669 1506 1766 1555 πᾶν
1797 1503 1943 1558 αὐτὸς

283 1588 563 1653 συλλαβὼν
598 1589 809 1654 εἴρηκας·
857 1585 1062 1653 φανήτω
1099 1589 1192 1654 γὰρ
1238 1587 1296 1652 δη
1339 1588 1417 1639 καὶ
1458 1588 1582 1652 ἐμοί,
1617 1587 1680 1640 ὡς
1722 1587 1799 1639 καὶ
1839 1590 1938 1647 σοί,

281 1673 704 1737 διακελευόμενον.
795 1675 1014 1739 φανηναι
1061 1674 1115 1723 δὲ
1166 1671 1307 1724 οὐδὲν
1353 1672 1551 1737 μᾶλλόν
1599 1693 1684 1736 μοι
1717 1673 1942 1738 ὀφείλει

282 1756 452 1824 ἔχοντι
481 1756 570 1821 τὴν
600 1756 696 1820 σὴν
733 1758 922 1821 ἐσθῆτα
957 1778 986 1820 η
1019 1756 1075 1806 οὐ
1111 1756 1191 1807 καὶ
1226 1777 1318 1821 την
1355 1755 1493 1822 ἐμήν,
1527 1754 1639 1806 οὐδέ
1668 1777 1715 1806 τι
1743 1759 1940 1821 μᾶλλον

283 1842 337 1891 ἐν
370 1840 505 1912 κοίτῃ
536 1862 597 1913 τῃ
628 1842 693 1912 σῇ
726 1839 1081 1910 ἀναπαυομένω
1117 1862 1146 1904 η
1185 1840 1241 1891 οὐ
1276 1840 1354 1892 καὶ
1377 1842 1431 1892 ἐν
1460 1840 1518 1911 τῇ
1550 1841 1659 1912 ἐμῇ,
1693 1841 1743 1892 εἴ
1759 1839 1850 1907 πέρ
1880 1862 1938 1907 γε
1967 1863 2015 1891 20

219 1938 242 1968 2
283 1923 363 1974 καὶ
413 1923 582 1977 ἄλλως
636 1923 798 1976 ἐθέλει
850 1927 1083 1991 φανῆναι.
1170 1924 1227 1975 οὐ
1272 1926 1367 1992 γὰρ
1419 1923 1477 1989 δὴ
1527 1925 1578 1978 ἐς
1622 1925 1838 1975 τοσοῦτό
1879 1946 1938 1991 γε

281 2009 477 2073 εὖηθίης
514 2007 685 2072 ἀνήκει
722 2013 883 2067 τοῦτο,
918 2010 946 2059 ὅ
980 2030 1028 2059 τι
1064 2007 1122 2072 δή
1161 2007 1273 2060 κοτέ
1309 2010 1418 2060 ἐστι
1454 2007 1512 2059 τὸ
1549 2008 1938 2075 ἐπιφαινόμενόν

279 2113 359 2143 τοι
381 2094 434 2144 ἐν
457 2098 524 2162 τῷ
548 2093 702 2162 ὕπνῳ,
726 2091 854 2144 ὥστε
879 2091 1010 2156 δόξει
1035 2094 1120 2157 ἐμὲ
1150 2094 1277 2158 ὁρῶν
1308 2095 1369 2145 σὲ
1401 2092 1542 2151 εἶναι,
1573 2093 1634 2163 τῇ
1665 2099 1732 2164 σῇ
1750 2094 1937 2163 ιἐσθῆτι

278 2177 678 2242 τεκμαιρόμενον.
767 2179 809 2228 εἰ
854 2179 907 2228 δὲ
952 2178 1038 2241 ἐμὲ
1081 2178 1172 2241 μὲν
1212 2178 1266 2228 ἐν
1303 2177 1463 2228 οὐδενὶ
1501 2177 1638 2245 λόγῳ
1675 2174 1937 2240 ποιήσεται

279 2260 387 2311 οὐδε
416 2257 622 2322 ἀξιώσει
645 2262 962 2327 ἐπιφανῆναι,
986 2260 1098 2312 οὔτε
1127 2255 1188 2324 ἢν
1216 2259 1305 2324 τὴν
1336 2259 1458 2324 ἐμὴν
1481 2261 1671 2323 ἐσθῆτα
1700 2259 1802 2327 ἔχω
1825 2259 1936 2310 οὔτε
1964 2281 2010 2320 25

277 2339 339 2407 ἢν
369 2343 461 2408 τὴν
491 2343 602 2408 σήν,
637 2347 696 2396 σὲ
734 2347 786 2395 δὲ
823 2342 1158 2410 ἐπιφοιτήσει,
1191 2349 1334 2395 τοῦτο
1370 2343 1461 2408 ἤδη
1495 2342 1743 2408 μαθητέον
1774 2343 1933 2395 ἔσται·

335 2493 354 2519 1
386 2484 559 2533 χρῆσθαι
579 2481 617 2519 Α
633 2481 666 2518 Β
683 2481 716 2519 C
732 2480 765 2519 Ε
781 2480 814 2519 Ρ
959 2484 1134 2521 τοσοῦτο
1155 2480 1195 2519 Α
1211 2481 1245 2518 Β
1259 2481 1292 2519 C
1484 2493 1510 2518 2
1537 2479 1827 2531 προκειμενέων
1844 2481 1884 2520 Α
1897 2481 1933 2520 Β

276 2548 303 2584 3
333 2536 525 2585 αὐξούσης
548 2536 580 2574 Ρ
595 2536 632 2574 R
650 2535 679 2574 S
694 2536 729 2573 V
885 2549 907 2584 4
940 2536 1017 2584 τὴν
1037 2536 1174 2586 ψυχὴν
1194 2534 1397 2576 διδάσκειν
1418 2535 1456 2573 R
1473 2534 1503 2573 S
1517 2534 1555 2574 V
1705 2548 1730 2585 5
1759 2535 1936 2577 τουτέων

278 2589 313 2628 Ρ
326 2589 366 2627 R
380 2589 411 2628 S
425 2589 462 2628 V
545 2588 815 2642 προκειμένων
831 2589 861 2627 S
881 2604 887 2628 2
921 2588 1090 2639 -μενέων
1107 2590 1197 2628 rell.
1217 2590 1378 2642 (προσκ.
1397 2588 1436 2627 Α
1451 2588 1508 2640 Β)
1597 2592 1679 2630 τῶν
1696 2589 1889 2642 ’γνωμέων
1901 2590 1933 2630 S
2002 2634 2008 2638 »

275 2645 304 2682 6
332 2644 653 2695 σφαλερωτάτην
677 2644 713 2682 R
730 2644 759 2682 S
774 2645 811 2683 V
1005 2657 1026 2692 7
1061 2643 1281 2695 τετράφθαι
1314 2643 1351 2681 R
1371 2644 1400 2682 S
1418 2643 1454 2681 V
1647 2657 1675 2693 9
1704 2647 1777 2685 ἐῶν
1799 2644 1933 2683 Cobet

281 2712 332 2737 10
355 2702 440 2739 θεῖα
454 2698 484 2738 ὦ
499 2702 575 2739 παῖ
590 2699 622 2736 Ρ
634 2698 673 2736 R
685 2698 762 2736 SV
879 2711 927 2736 12
953 2697 1069 2739 αὗται
1087 2698 1278 2736 Reiske:
1309 2699 1423 2738 αὐταὶ
1439 2697 1472 2735 L
1589 2710 1719 2747 12-13
1746 2700 1785 2739 αἱ
1798 2705 1840 2737 et
1852 2703 1933 2739 τῶν

276 2765 359 2791 om.
386 2752 424 2789 R
440 2752 470 2790 S
485 2752 521 2790 V
689 2765 736 2802 15
767 2754 838 2805 ὅρα
864 2752 904 2790 R
918 2753 954 2790 V
974 2766 984 2791 :
1013 2754 1138 2804 ὅραμα
1161 2752 1191 2791 S
1301 2755 1461 2792 τοιοῦτο
1481 2751 1520 2790 Α
1535 2751 1569 2789 Β
1584 2752 1617 2790 C
1635 2753 1664 2791 S
1685 2766 1694 2790 τ
1722 2752 1877 2793 τοιόνδε
1899 2753 1934 2791 Ρ

282 2808 331 2844 16
359 2806 461 2846 θείου
484 2806 893 2856 Schweighaeuser:
924 2809 1013 2846 θεοῦ
1034 2807 1067 2844 L
1190 2808 1287 2846 αὐτὸ
1307 2806 1346 2843 Α
1362 2806 1394 2843 Β
1409 2806 1442 2844 C
1458 2805 1491 2843 P
1672 2819 1716 2855 17
1747 2810 1932 2856 φανεῖται

278 2861 309 2899 S
325 2860 401 2912 [Vl
515 2863 563 2909 δὴ
586 2874 668 2900 om.
694 2862 732 2900 R
747 2861 829 2900 SV
1002 2874 1049 2910 ¹9
1078 2863 1122 2901 οὐ
1142 2862 1207 2901 καὶ
1230 2860 1459 2899 Schaeser:
1490 2862 1574 2900 οὐκὶ
1595 2859 1635 2898 Α
1651 2861 1685 2898 Β
1700 2860 1733 2899 C
1750 2860 1806 2898 P:
1838 2862 1931 2912 οὐχὶ

278 2914 317 2952 R
333 2915 363 2953 S
377 2914 414 2952 V
537 2928 591 2953 20
620 2918 663 2955 οὐ
684 2915 768 2956 nal]
792 2917 863 2955 οὐκ
883 2915 984 2953 CVl
1110 2927 1158 2952 21
1190 2915 1389 2955 τοσοῦτόν
1411 2913 1449 2951 R
1466 2914 1495 2952 S
1511 2915 1547 2952 V
1673 2927 1723 2952 22
1754 2915 1932 2962 εὐηθείης

277 2969 311 3006 C
327 2969 389 3006 P:
431 2970 608 3017 εὐηθείας
641 2969 679 3006 R
695 2970 725 3007 S
739 2970 776 3007 V
919 2967 1019 3008 κοτέ
1045 2982 1124 3006 om.
1162 2969 1198 3006 R
1217 2969 1246 3005 S
1260 2969 1296 3007 V
1494 2982 1548 3018 23
1584 2968 1667 3021 τοι]
1700 2985 1764 3008 σοι
1795 2969 1834 3007 R
1850 2967 1880 3007 S
1894 2968 1932 3007 V

278 3025 332 3061 26
360 3022 408 3063 σὲ
430 3023 493 3074 δὲ]
512 3023 601 3063 οὐδὲ
622 3023 711 3061 ΑΒ
728 3024 760 3060 C
778 3023 810 3061 P
924 3024 1038 3063 ἐστίν
1059 3022 1144 3062 PR
1161 3023 1191 3061 S
1210 3022 1243 3060 V
