2034 3328
690 89 1067 139 ΙΣΤΟΡΙΩΝ
1145 91 1185 138 E

104 222 292 291 μαίνῳν
314 220 427 276 τοὺς
452 220 673 290 Πέρσας·
720 220 1054 289 Ἀλέξανδρος
1084 224 1137 274 δὲ
1169 222 1195 272 6
1218 220 1469 288 Ἀμύντεω
1500 221 1696 289 παρεών
1720 243 1774 274 τε

106 307 186 360 καὶ
215 307 342 375 ὁρῶν
364 311 532 366 ταῦτα,
559 306 647 359 ἅτε
677 306 788 362 νέος
809 329 864 360 τε
895 307 989 359 ἐὼν
1021 308 1100 360 καὶ
1132 311 1293 358 κακῶν
1315 305 1523 371 ἀπαθής,
1551 307 1775 372 οὐδαμῶς

40 418 50 429 =
105 392 179 445 ἔτι
209 389 435 459 κατέχειν
473 391 577 445 οἶός
613 413 667 444 τε
702 391 778 456 ἦν,
811 391 946 444 ὥστε
980 394 1033 444 δὲ
1070 390 1267 458 βαρέως
1303 390 1471 459 φέρων
1509 391 1615 443 εἶπε
1653 390 1775 458 πρὸς

105 475 351 542 Ἀμύντην
387 477 519 528 τάδε·
567 476 637 528 Σὺ
673 475 778 542 μέν,
813 473 851 527 ὦ
889 475 1058 542 πάτερ,
1093 477 1192 528 εἶκε
1233 477 1291 548 τῇ
1328 476 1494 548 ἡλικίῃ
1532 476 1691 528 ἀπιών
1720 497 1776 528 τε

0 534 79 630 *5
104 561 356 629 ἀναπαύεο
391 563 514 626 μηδὲ
549 560 757 628 λιπ-ᾴρεε
791 562 850 632 τῇ
888 562 1027 613 πόσι·
1075 561 1174 627 ἐγὼ
1210 563 1264 612 δὲ
1299 559 1596 627 προσμένων
1627 560 1775 612 αὐτοῦ

103 646 220 718 τῇδε
249 644 412 697 πάντα
434 647 496 697 τὰ
520 644 752 710 ἐπιτήδεα
776 644 974 712 παρέξω
1005 649 1139 696 τοῖσι
1171 643 1395 709 ξείνοισι.
1469 644 1592 712 πρὸς
1621 649 1775 696 ταῦτα
1810 663 1838 696 2

105 730 293 783 συνιεὶς
336 728 583 795 Ἀμύντης
634 731 711 782 ὅτι
762 730 977 796 νεώτερα
1027 727 1293 796 πρήγματα
1339 727 1544 796 πρήξειν
1591 728 1773 794 μέλλοι

104 811 462 881 Ἀλέξανδρος,
485 813 640 882 λέγει·
680 813 754 865 Ω
786 819 889 873 παῖ,
931 814 1119 882 σχεδὸν
1155 812 1249 881 γάρ
1286 834 1375 865 σευ
1413 799 2034 917 &vaxatoge'vovm‘

2002 791 2034 824 (τ

105 900 307 965 συνίῃμι
342 898 456 965 τοὺς
494 899 693 969 λόγους,
731 900 809 950 ὅτι
847 898 1037 952 ἐθέλεις
1079 900 1163 964 ἐμὲ
1205 897 1468 965 ἐκπέμψας
1506 897 1691 950 ποιέειν
1726 901 2034 981 an

31 1010 81 1040 ιο
105 983 359 1050 νεώτερον·
407 984 504 1051 ἐγὼ
535 981 603 1035 ὡν
629 1005 719 1035 σευ
749 984 932 1052 χρηίζω
962 985 1116 1049 μηδὲν
1147 987 1433 1051 νεοχμῶσαι
1464 982 1568 1034 κατ’
1593 982 1774 1049 ἄνδρας

105 1067 321 1127 τούτους,
368 1069 450 1120 ἵνα
490 1067 557 1134 μὴ
604 1067 851 1139 ἐξεργάσῃ
893 1066 1063 1133 ἡμέας,
1113 1069 1247 1119 ἀλλὰ
1293 1065 1473 1136 ἀνέχευ
1517 1066 1671 1135 ὁρέων
1714 1069 1777 1118 τὰ

106 1152 388 1218 ποιεύμενα·
435 1153 566 1220 ἀμφὶ
601 1155 654 1205 δὲ
691 1153 859 1222 ἀπόδῳ
890 1153 949 1223 τῇ
982 1153 1073 1223 ἐμῇ
1105 1153 1346 1217 πείσομαί
1377 1173 1469 1204 τοι.
1559 1152 1624 1205 ὣς
1660 1154 1713 1203 δὲ
1751 1153 1777 1202 6

105 1235 352 1302 Ἀμύντης
380 1238 594 1306 χρηίσας
616 1236 805 1289 τούτων
828 1237 1053 1305 οἰχώκεε,
1078 1234 1219 1304 λέγει
1250 1238 1276 1287 6
1300 1235 1631 1303 Ἀλέξανδρος
1654 1235 1777 1304 πρὸς

104 1320 218 1375 τοὺς
241 1319 464 1388 Πέρσας·
512 1325 762 1374 Γυναικῶν
793 1320 1022 1385 τουτέων,
1055 1319 1093 1373 ὦ
1124 1320 1294 1386 ξεῖνοι,
1328 1321 1439 1373 ἔστι
1469 1323 1583 1387 ὑμῖν
1607 1320 1775 1386 πολλὴ

30 1431 78 1474 15
105 1405 347 1471 εὐπετείη,
391 1406 472 1458 καὶ
511 1407 555 1458 εἷ
589 1404 787 1479 πάσῃσι
826 1406 1082 1472 βούλεσθε
1121 1407 1400 1474 μίσγεσθαι
1441 1407 1520 1458 καὶ
1560 1406 1777 1478 ὁκόσῃσι

104 1486 174 1542 ῶν
203 1488 406 1543 αὐτέων.
494 1490 670 1543 τούτου
705 1493 797 1557 μὲν
826 1489 941 1558 πέρι
977 1490 1116 1542 αὐτοὶ
1147 1490 1539 1556 ἀποσημανέετε·
1586 1495 1672 1543 νῦν
1703 1488 1773 1549 δέ,

106 1577 292 1642 σχεδὸν
314 1576 410 1642 γὰρ
431 1573 523 1640 ἤδη
547 1578 636 1641 τῆς
667 1576 832 1641 κοίτης
862 1575 961 1643 ὥρη
993 1575 1328 1643 προσέρχεται
1357 1577 1471 1641 ὑμῖν
1503 1575 1582 1627 καὶ
1615 1580 1777 1629 καλῶς

104 1657 314 1726 ἔχοντας
349 1658 500 1726 ὑμέας
536 1660 633 1727 ὁρῶ
670 1659 840 1726 μέθης,
880 1665 1116 1727 γυναῖκας
1151 1661 1348 1719 ταύτας,
1387 1662 1431 1712 εἰ
1471 1661 1584 1725 ὑμῖν
1621 1661 1776 1726 φίλον

105 1743 229 1802 ἐστι’,
263 1742 420 1812 ἄφετε
455 1745 757 1804 λούσασθαι,
788 1743 1107 1810 λουσαμένας
1137 1747 1192 1796 δὲ
1222 1745 1384 1797 ὀπίσω
1416 1743 1775 1812 προσδέκεσθε.

31 1852 82 1881 20
105 1829 247 1882 εἴπας
276 1833 444 1888 ταῦτα,
479 1827 770 1881 συνέπαινοι
799 1831 895 1897 γὰρ
926 1829 1056 1895 ἦσαν
1086 1831 1133 1881 οἱ
1166 1828 1380 1895 Πέρσαι,
1415 1834 1650 1897 γυναῖκας
1685 1831 1776 1894 μὲν

8 1916 14 1918 ’
104 1909 408 1976 ἐξελθούσας
446 1913 707 1979 ἀπέπεμπε
742 1915 794 1968 ἐς
829 1913 919 1978 τὴν
954 1915 1259 1982 γυναικηίην,
1299 1914 1445 1968 αὐτὸς
1481 1916 1535 1966 δὲ
1571 1914 1598 1964 6
1627 1912 1773 1966 Ἀλέ-

105 1993 312 2063 ξανδρος
349 1999 490 2051 ἴσους
525 1999 644 2070 τῇσι
674 1997 870 2066 γυναιξὶ
910 1998 1117 2067 ἀριθμὸν
1148 1998 1327 2064 ἄνδρας
1356 1999 1687 2065 λειογενείους
1717 1999 1775 2070 τῇ

105 2085 204 2132 τῶν
232 2087 477 2148 γυναικῶν
510 2084 685 2147 ἐσθῆτι
723 2081 974 2136 σκευάσας
1012 2083 1091 2134 καὶ
1129 2085 1403 2151 ἐγχειρίδια
1439 2082 1552 2137 δοὺς
1582 2086 1776 2150 παρῆγε

106 2163 224 2224 ἔσω,
268 2164 506 2234 παράγων
546 2170 600 2219 δὲ
640 2167 843 2221 τούτους
887 2168 1034 2235 ἔλεγε
1073 2172 1207 2220 τοῖσι
1247 2166 1485 2240 Πέρσῃσι
1529 2167 1662 2220 τάδε·
1701 2166 1775 2218 9Ω

34 2273 81 2315 ²5
107 2248 320 2317 Πέρσαι,
345 2252 511 2304 οἴκατε
540 2253 809 2325 πανδαισίῃ
833 2254 1001 2324 τελείῃ
1033 2254 1304 2317 ἱστιῆσθαι·
1349 2251 1411 2304 τά
1438 2274 1493 2305 τε
1523 2253 1617 2319 γὰρ
1641 2251 1775 2303 ἄλλα

161 2387 589 2460 26p3'vaPSVU
759 2390 844 2432 νέος
875 2392 928 2432 ὢν
961 2391 1141 2431 PSVU
1364 2390 1774 2442 4Ἀμύντεα5νὶ]

106 2441 136 2483 ὦ
150 2442 282 2513 πάτερ
302 2445 353 2485 σὺ
372 2443 446 2494 μὲν
465 2444 505 2483 Α
519 2445 554 2483 Β
571 2445 605 2484 C
825 2459 850 2495 5
881 2446 999 2487 πόσει
1021 2447 1054 2485 C
1070 2446 1104 2484 P
1117 2446 1147 2486 S
1165 2446 1202 2485 U
1220 2445 1297 2499 [V]
1485 2459 1506 2495 7
1539 2448 1670 2487 συνεὶς
1692 2446 1723 2485 S
1737 2447 1776 2484 V

107 2503 129 2540 ὁ
150 2496 234 2549 ’.Αμ
260 2498 342 2538 SV
358 2498 395 2538 U
536 2502 735 2573 πρήσσειν
755 2500 793 2539 Α
808 2501 843 2539 Β
858 2501 892 2540 C
1030 2500 1175 2552 μέλλει
1195 2502 1234 2541 V
1425 2502 1451 2539 8
1481 2505 1502 2541 6
1523 2500 1611 2542 Ἀλ.
1635 2500 1723 2540 ΑΒ
1740 2501 1772 2539 C

108 2570 182 2595 σευ
202 2566 282 2593 om.
306 2553 337 2594 S
350 2554 389 2592 V
520 2552 771 2608 ἀναγομένου
792 2556 822 2595 S
835 2556 875 2594 V
890 2555 928 2594 U
1116 2569 1165 2594 12
1194 2573 1257 2597 τοι
1277 2568 1357 2596 om.
1385 2556 1415 2595 S
1429 2555 1465 2593 V
1482 2556 1519 2594 U
1647 2559 1668 2596 6
1688 2568 1771 2596 orn.

108 2608 238 2665 PSV
253 2608 290 2647 U
454 2622 503 2660 13
533 2609 603 2651 ἕλε
604 2612 719 2663 γε(ν)
742 2610 871 2649 PSV
886 2611 924 2648 U
1084 2623 1131 2659 14
1162 2612 1297 2660 πολλή
1320 2613 1410 2652 ἐστι
1432 2613 1523 2661 ὑμῖν
1545 2610 1602 2649 P:
1633 2612 1772 2660 πολλὴ

107 2663 211 2717 (ἡςοὶ
231 2663 288 2714 V)
313 2666 357 2705 ἐν
376 2666 467 2714 ὑμῖν
487 2663 596 2704 SV:
625 2665 763 2714 πολλή
785 2668 899 2706 ἐστιν
921 2667 964 2705 ἐν
984 2667 1074 2715 ὑμῖν
1096 2665 1133 2703 U
1382 2678 1430 2716 15
1461 2667 1526 2706 καὶ
1548 2668 1583 2706 εἰ
1601 2678 1681 2706 om.
1709 2665 1770 2704 V:

107 2720 174 2760 καὶ
195 2717 400 2767 κάπάσησι
423 2717 480 2758 U¹
594 2719 775 2768 ἆπάσησι
798 2721 828 2759 S
842 2719 879 2757 V
988 2720 1203 2772 μίγνυσθαι
1225 2720 1255 2760 S
1268 2720 1306 2758 V
1321 2720 1359 2759 U
1541 2722 1589 2759 16
1619 2721 1771 2769 ἀποση-

107 2773 253 2824 μᾶνετε
289 2773 319 2813 S
333 2773 370 2812 V
385 2774 422 2812 U
440 2774 491 2826 (3)
718 2775 766 2812 18
807 2773 905 2828 ὁρέω
941 2775 974 2812 C
1200 2788 1250 2825 19
1286 2774 1579 2828 προσδέκεσθαι
1614 2774 1669 2813 Α1
1686 2775 1721 2813 Β
1737 2775 1771 2814 C

108 2840 156 2866 21
190 2827 437 2870 ἐσελθούσας
466 2829 546 2869 SV
563 2829 600 2868 U
768 2843 820 2868 22
851 2831 1012 2883 ἀριθμὸν
1042 2835 1137 2879 post
1166 2833 1277 2871 ἴσους
1308 2830 1443 2869 SVU
1612 2843 1665 2879 23
1694 2829 1772 2883 ἥγε

108 2884 148 2922 Α
165 2883 200 2922 Β
215 2883 249 2923 C
401 2897 451 2932 24
484 2887 579 2924 εἵσω
599 2883 637 2922 Α
655 2884 688 2921 Β
703 2884 736 2922 C
754 2885 784 2923 S
799 2884 835 2922 V
851 2884 887 2922 U
1030 2896 1081 2933 25
1111 2883 1236 2938 τελέῃ
1258 2883 1298 2923 Α
1313 2884 1348 2923 Β
1363 2885 1396 2924 C
1411 2884 1446 2924 P
1555 2885 1773 2935 ἡστιῆσθαι

110 2938 149 2976 Α
167 2938 278 2977 BC:
310 2941 410 2979 εἷστ.
438 2938 552 2977 PU:
584 2941 672 2979 ἑστ.
701 2940 758 2977 S:
789 2940 917 2988 ἡείστ.
943 2939 981 2977 V

1917 947 2034 977 meu

1815 1165 1885 1202 20
