<?xml version="1.0" encoding="UTF-8"?>
<!DOCTYPE html PUBLIC "-//W3C//DTD XHTML 1.0 Transitional//EN"
    "http://www.w3.org/TR/xhtml1/DTD/xhtml1-transitional.dtd">
<html xmlns="http://www.w3.org/1999/xhtml" xml:lang="en" lang="en">
 <head>
  <title>
</title>
<meta http-equiv="Content-Type" content="text/html;charset=utf-8" />
  <meta name='ocr-system' content='tesseract 3.04.00' />
  <meta name='ocr-capabilities' content='ocr_page ocr_carea ocr_par ocr_line ocrx_word'/>
</head>
<body>
  <div class='ocr_page' id='page_1' title='image "./herodotihistoria02herouoft_0032.png"; bbox 0 0 2034 3328; ppageno 0'>
   <div class='ocr_carea' id='block_1_1' title="bbox 0 99 1190 165">
    <p class='ocr_par' dir='ltr' id='par_1_1' title="bbox 0 99 1190 165">
     <span class='ocr_line' id='line_1_1' title="bbox 0 99 1190 165; baseline -0.006 -12"><span class='ocrx_word' id='word_1_1' title='bbox 0 103 22 153; x_wconf 84' lang='lat'>·.</span> <span class='ocrx_word' id='word_1_2' title='bbox 41 114 109 165; x_wconf 87' lang='lat'>44</span> <span class='ocrx_word' id='word_1_3' title='bbox 761 99 1190 149; x_wconf 66' lang='lat' dir='ltr'><strong>HPOAOTOT</strong></span> 
     </span>
    </p>
   </div>
   <div class='ocr_carea' id='block_1_2' title="bbox 0 150 1883 1980">
    <p class='ocr_par' dir='ltr' id='par_1_2' title="bbox 0 150 1858 971">
     <span class='ocr_line' id='line_1_2' title="bbox 1738 150 1765 170; baseline 0 0"><span class='ocrx_word' id='word_1_4' title='bbox 1738 150 1765 170; x_wconf 58' lang='lat' dir='ltr'>Q</span> 
     </span>
     <span class='ocr_line' id='line_1_3' title="bbox 145 228 1807 302; baseline -0.001 -19"><span class='ocrx_word' id='word_1_5' title='bbox 145 231 278 298; x_wconf 83' lang='grc' dir='ltr'>παρὰ</span> <span class='ocrx_word' id='word_1_6' title='bbox 310 230 487 298; x_wconf 87' lang='grc' dir='ltr'>σφέας,</span> <span class='ocrx_word' id='word_1_7' title='bbox 520 231 686 283; x_wconf 81' lang='grc' dir='ltr'>ἐπείτε</span> <span class='ocrx_word' id='word_1_8' title='bbox 716 232 762 283; x_wconf 84' lang='grc' dir='ltr'>οἱ</span> <span class='ocrx_word' id='word_1_9' title='bbox 785 231 846 282; x_wconf 80' lang='grc' dir='ltr'>τὰ</span> <span class='ocrx_word' id='word_1_10' title='bbox 876 231 954 296; x_wconf 80' lang='grc' dir='ltr'>ἱρὰ</span> <span class='ocrx_word' id='word_1_11' title='bbox 978 229 1036 282; x_wconf 82' lang='grc' dir='ltr'>οὗ</span> <span class='ocrx_word' id='word_1_12' title='bbox 1058 228 1336 297; x_wconf 83' lang='grc' dir='ltr'>προεχώρεε</span> <span class='ocrx_word' id='word_1_13' title='bbox 1365 230 1563 296; x_wconf 84' lang='grc' dir='ltr'>χρηστὰ</span> <span class='ocrx_word' id='word_1_14' title='bbox 1587 228 1807 302; x_wconf 79' lang='grc' dir='ltr'>θυομένῳ</span> 
     </span>
     <span class='ocr_line' id='line_1_4' title="bbox 41 310 1807 390; baseline 0.001 -25"><span class='ocrx_word' id='word_1_15' title='bbox 41 329 109 380; x_wconf 87' lang='grc'>45</span> <span class='ocrx_word' id='word_1_16' title='bbox 146 314 227 390; x_wconf 71' lang='grc' dir='ltr'>ἐπὶ</span> <span class='ocrx_word' id='word_1_17' title='bbox 269 315 518 381; x_wconf 90' lang='grc' dir='ltr'>Κρότωνα.</span> <span class='ocrx_word' id='word_1_18' title='bbox 605 310 757 366; x_wconf 86' lang='grc' dir='ltr'>ταῦτα</span> <span class='ocrx_word' id='word_1_19' title='bbox 798 313 839 365; x_wconf 84' lang='grc' dir='ltr'>δ’</span> <span class='ocrx_word' id='word_1_20' title='bbox 881 314 941 365; x_wconf 78' lang='grc' dir='ltr'>αὗ</span> <span class='ocrx_word' id='word_1_21' title='bbox 984 314 1117 365; x_wconf 84' lang='grc' dir='ltr'>οῦτοι</span> <span class='ocrx_word' id='word_1_22' title='bbox 1159 311 1382 380; x_wconf 89' lang='grc' dir='ltr'>λέγουσι.</span> <span class='ocrx_word' id='word_1_23' title='bbox 1469 313 1708 381; x_wconf 84' lang='grc' dir='ltr'>μαρτύρια</span> <span class='ocrx_word' id='word_1_24' title='bbox 1751 316 1807 371; x_wconf 74' lang='grc' dir='ltr'>δὲ</span> 
     </span>
     <span class='ocr_line' id='line_1_5' title="bbox 144 390 1806 465; baseline 0.001 -16"><span class='ocrx_word' id='word_1_25' title='bbox 144 398 329 450; x_wconf 88' lang='grc' dir='ltr'>τούτων</span> <span class='ocrx_word' id='word_1_26' title='bbox 359 397 579 465; x_wconf 76' lang='grc' dir='ltr'>ἑκάτεροι</span> <span class='ocrx_word' id='word_1_27' title='bbox 610 398 986 450; x_wconf 79' lang='grc' dir='ltr'>ἀποδεικνύουσι</span> <span class='ocrx_word' id='word_1_28' title='bbox 1015 397 1148 457; x_wconf 87' lang='grc' dir='ltr'>τάδε,</span> <span class='ocrx_word' id='word_1_29' title='bbox 1184 401 1456 463; x_wconf 82' lang='grc' dir='ltr'>Συβαρῖται</span> <span class='ocrx_word' id='word_1_30' title='bbox 1484 390 1576 462; x_wconf 78' lang='grc' dir='ltr'>μὲν</span> <span class='ocrx_word' id='word_1_31' title='bbox 1605 396 1806 462; x_wconf 88' lang='grc' dir='ltr'>τέμενός</span> 
     </span>
     <span class='ocr_line' id='line_1_6' title="bbox 0 474 1806 549; baseline 0.001 -17"><span class='ocrx_word' id='word_1_32' title='bbox 0 474 93 547; x_wconf 68' lang='grc' dir='ltr'>4Ὗ</span> <span class='ocrx_word' id='word_1_33' title='bbox 145 503 200 534; x_wconf 91' lang='grc' dir='ltr'>τε</span> <span class='ocrx_word' id='word_1_34' title='bbox 237 483 315 535; x_wconf 87' lang='grc' dir='ltr'>καὶ</span> <span class='ocrx_word' id='word_1_35' title='bbox 351 482 468 547; x_wconf 81' lang='grc' dir='ltr'>νηὸν</span> <span class='ocrx_word' id='word_1_36' title='bbox 506 483 651 535; x_wconf 90' lang='grc' dir='ltr'>ἐόντα</span> <span class='ocrx_word' id='word_1_37' title='bbox 686 484 818 548; x_wconf 82' lang='grc' dir='ltr'>παρὰ</span> <span class='ocrx_word' id='word_1_38' title='bbox 854 481 1121 549; x_wconf 50' lang='grc' dir='ltr'>τὸζξηρὸν</span> <span class='ocrx_word' id='word_1_39' title='bbox 1154 485 1357 548; x_wconf 78' lang='grc' dir='ltr'>Κρᾶθιν,</span> <span class='ocrx_word' id='word_1_40' title='bbox 1389 479 1477 533; x_wconf 87' lang='grc' dir='ltr'>τὸν</span> <span class='ocrx_word' id='word_1_41' title='bbox 1507 481 1806 548; x_wconf 82' lang='grc' dir='ltr'>ἱδρύσασθαι</span> 
     </span>
     <span class='ocr_line' id='line_1_7' title="bbox 145 565 1852 637; baseline 0 -20"><span class='ocrx_word' id='word_1_42' title='bbox 145 566 422 619; x_wconf 80' lang='grc' dir='ltr'>συνελόντα</span> <span class='ocrx_word' id='word_1_43' title='bbox 463 566 552 631; x_wconf 83' lang='grc' dir='ltr'>τὴν</span> <span class='ocrx_word' id='word_1_44' title='bbox 596 567 746 620; x_wconf 90' lang='grc' dir='ltr'>πόλιν</span> <span class='ocrx_word' id='word_1_45' title='bbox 792 565 988 632; x_wconf 87' lang='grc' dir='ltr'>Δωριέα</span> <span class='ocrx_word' id='word_1_46' title='bbox 1031 565 1242 634; x_wconf 89' lang='grc' dir='ltr'>λέγουσι</span> <span class='ocrx_word' id='word_1_47' title='bbox 1286 565 1523 637; x_wconf 85' lang='grc' dir='ltr'>Ἀθηναίῃ</span> <span class='ocrx_word' id='word_1_48' title='bbox 1567 566 1804 636; x_wconf 80' lang='grc' dir='ltr'>ἐπωνύμῳ</span> <span class='ocrx_word' id='word_1_49' title='bbox 1827 585 1852 626; x_wconf 87' lang='grc'><strong><em>5</em></strong></span> 
     </span>
     <span class='ocr_line' id='line_1_8' title="bbox 145 648 1805 722; baseline 0 -21"><span class='ocrx_word' id='word_1_50' title='bbox 145 651 350 722; x_wconf 83' lang='grc' dir='ltr'>Κραθίῃ,</span> <span class='ocrx_word' id='word_1_51' title='bbox 399 655 540 702; x_wconf 90' lang='grc' dir='ltr'>τοῦτο</span> <span class='ocrx_word' id='word_1_52' title='bbox 586 654 639 704; x_wconf 81' lang='grc' dir='ltr'>δὲ</span> <span class='ocrx_word' id='word_1_53' title='bbox 685 650 832 702; x_wconf 83' lang='grc' dir='ltr'>αὐτοῦ</span> <span class='ocrx_word' id='word_1_54' title='bbox 881 649 1100 717; x_wconf 83' lang='grc' dir='ltr'>Δωριέος</span> <span class='ocrx_word' id='word_1_55' title='bbox 1145 654 1233 702; x_wconf 84' lang='grc' dir='ltr'>τὸν</span> <span class='ocrx_word' id='word_1_56' title='bbox 1279 648 1494 702; x_wconf 83' lang='grc' dir='ltr'>θάνατον</span> <span class='ocrx_word' id='word_1_57' title='bbox 1539 649 1805 716; x_wconf 86' lang='grc' dir='ltr'>μαρτύριον</span> 
     </span>
     <span class='ocr_line' id='line_1_9' title="bbox 142 732 1858 801; baseline 0.001 -16"><span class='ocrx_word' id='word_1_58' title='bbox 142 733 380 800; x_wconf 83' lang='grc' dir='ltr'>μέγιστον</span> <span class='ocrx_word' id='word_1_59' title='bbox 437 739 701 793; x_wconf 83' lang='grc' dir='ltr'>ποιεῦνται,</span> <span class='ocrx_word' id='word_1_60' title='bbox 755 736 831 786; x_wconf 86' lang='grc' dir='ltr'>ὅτι</span> <span class='ocrx_word' id='word_1_61' title='bbox 888 736 1020 801; x_wconf 80' lang='grc' dir='ltr'>παρὰ</span> <span class='ocrx_word' id='word_1_62' title='bbox 1077 736 1138 786; x_wconf 84' lang='grc' dir='ltr'>τὰ</span> <span class='ocrx_word' id='word_1_63' title='bbox 1193 732 1566 800; x_wconf 85' lang='grc' dir='ltr'>μεμαντευμένα</span> <span class='ocrx_word' id='word_1_64' title='bbox 1621 734 1806 786; x_wconf 81' lang='grc' dir='ltr'>ποιέων</span> <span class='ocrx_word' id='word_1_65' title='bbox 1852 734 1858 739; x_wconf 78' lang='grc'><strong>’</strong></span> 
     </span>
     <span class='ocr_line' id='line_1_10' title="bbox 142 816 1803 885; baseline 0.001 -17"><span class='ocrx_word' id='word_1_66' title='bbox 142 817 400 885; x_wconf 87' lang='grc' dir='ltr'>διεφθάρη·</span> <span class='ocrx_word' id='word_1_67' title='bbox 448 820 490 870; x_wconf 84' lang='grc' dir='ltr'>εἶ</span> <span class='ocrx_word' id='word_1_68' title='bbox 527 821 621 885; x_wconf 79' lang='grc' dir='ltr'>γὰρ</span> <span class='ocrx_word' id='word_1_69' title='bbox 651 819 709 883; x_wconf 82' lang='grc' dir='ltr'>δὴ</span> <span class='ocrx_word' id='word_1_70' title='bbox 738 818 806 884; x_wconf 80' lang='grc' dir='ltr'>μὴ</span> <span class='ocrx_word' id='word_1_71' title='bbox 836 817 1119 885; x_wconf 78' lang='grc' dir='ltr'>παρέπρηξε</span> <span class='ocrx_word' id='word_1_72' title='bbox 1151 818 1322 883; x_wconf 89' lang='grc' dir='ltr'>μηδέν,</span> <span class='ocrx_word' id='word_1_73' title='bbox 1354 817 1431 870; x_wconf 82' lang='grc' dir='ltr'>ἐπ’</span> <span class='ocrx_word' id='word_1_74' title='bbox 1461 816 1488 868; x_wconf 85' lang='grc' dir='ltr'><strong><em>ὃ</em></strong></span> <span class='ocrx_word' id='word_1_75' title='bbox 1526 820 1577 870; x_wconf 83' lang='grc' dir='ltr'>δὲ</span> <span class='ocrx_word' id='word_1_76' title='bbox 1615 816 1803 883; x_wconf 85' lang='grc' dir='ltr'>ἐστάλη</span> 
     </span>
     <span class='ocr_line' id='line_1_11' title="bbox 144 900 1803 971; baseline 0 -18"><span class='ocrx_word' id='word_1_77' title='bbox 144 903 321 961; x_wconf 91' lang='grc' dir='ltr'>ἐποίεε,</span> <span class='ocrx_word' id='word_1_78' title='bbox 348 904 450 955; x_wconf 74' lang='grc' dir='ltr'>εἷλε</span> <span class='ocrx_word' id='word_1_79' title='bbox 479 902 538 954; x_wconf 79' lang='grc' dir='ltr'>ἂν</span> <span class='ocrx_word' id='word_1_80' title='bbox 569 902 659 967; x_wconf 80' lang='grc' dir='ltr'>τὴν</span> <span class='ocrx_word' id='word_1_81' title='bbox 683 903 943 969; x_wconf 82' lang='grc' dir='ltr'>Ἐρυκίνην</span> <span class='ocrx_word' id='word_1_82' title='bbox 971 903 1139 971; x_wconf 82' lang='grc' dir='ltr'>χώρην</span> <span class='ocrx_word' id='word_1_83' title='bbox 1171 902 1249 953; x_wconf 86' lang='grc' dir='ltr'>καὶ</span> <span class='ocrx_word' id='word_1_84' title='bbox 1281 902 1410 954; x_wconf 82' lang='grc' dir='ltr'>ἑλὼν</span> <span class='ocrx_word' id='word_1_85' title='bbox 1439 900 1670 970; x_wconf 85' lang='grc' dir='ltr'>κατέσχε,</span> <span class='ocrx_word' id='word_1_86' title='bbox 1702 900 1803 953; x_wconf 82' lang='grc' dir='ltr'>οὐδ’</span> 
     </span>
    </p>

    <p class='ocr_par' dir='ltr' id='par_1_3' title="bbox 80 985 1883 1557">
     <span class='ocr_line' id='line_1_12' title="bbox 80 985 1883 1053; baseline -0.002 -17"><span class='ocrx_word' id='word_1_87' title='bbox 80 1005 103 1036; x_wconf 89' lang='lat'>2</span> <span class='ocrx_word' id='word_1_88' title='bbox 143 986 205 1038; x_wconf 80' lang='grc' dir='ltr'>ἂν</span> <span class='ocrx_word' id='word_1_89' title='bbox 233 985 377 1040; x_wconf 82' lang='grc' dir='ltr'>αὐτός</span> <span class='ocrx_word' id='word_1_90' title='bbox 408 1008 460 1040; x_wconf 90' lang='grc' dir='ltr'>τε</span> <span class='ocrx_word' id='word_1_91' title='bbox 491 987 569 1038; x_wconf 87' lang='grc' dir='ltr'>καὶ</span> <span class='ocrx_word' id='word_1_92' title='bbox 599 987 628 1051; x_wconf 88' lang='grc' dir='ltr'>ἡ</span> <span class='ocrx_word' id='word_1_93' title='bbox 661 986 864 1052; x_wconf 81' lang='grc' dir='ltr'>στρατιὴ</span> <span class='ocrx_word' id='word_1_94' title='bbox 896 986 1153 1053; x_wconf 90' lang='grc' dir='ltr'>διεφθάρη.</span> <span class='ocrx_word' id='word_1_95' title='bbox 1231 988 1277 1038; x_wconf 82' lang='grc' dir='ltr'>οἱ</span> <span class='ocrx_word' id='word_1_96' title='bbox 1305 985 1347 1038; x_wconf 90' lang='grc' dir='ltr'>δ’</span> <span class='ocrx_word' id='word_1_97' title='bbox 1378 985 1438 1036; x_wconf 79' lang='grc' dir='ltr'>αῦ</span> <span class='ocrx_word' id='word_1_98' title='bbox 1470 988 1805 1052; x_wconf 86' lang='grc' dir='ltr'>Κροτωνιῆται</span> <span class='ocrx_word' id='word_1_99' title='bbox 1832 1004 1883 1033; x_wconf 83' lang='lat'>10</span> 
     </span>
     <span class='ocr_line' id='line_1_13' title="bbox 145 1069 1802 1142; baseline 0 -21"><span class='ocrx_word' id='word_1_100' title='bbox 145 1071 463 1123; x_wconf 86' lang='grc' dir='ltr'>ἀποδεικνῦσι</span> <span class='ocrx_word' id='word_1_101' title='bbox 496 1072 693 1142; x_wconf 86' lang='grc' dir='ltr'>Καλλίῃ</span> <span class='ocrx_word' id='word_1_102' title='bbox 724 1073 815 1135; x_wconf 83' lang='grc' dir='ltr'>μὲν</span> <span class='ocrx_word' id='word_1_103' title='bbox 845 1075 912 1140; x_wconf 77' lang='grc' dir='ltr'>τῷ</span> <span class='ocrx_word' id='word_1_104' title='bbox 934 1070 1124 1140; x_wconf 84' lang='grc' dir='ltr'>Ἠλείῳ</span> <span class='ocrx_word' id='word_1_105' title='bbox 1157 1069 1383 1136; x_wconf 79' lang='grc' dir='ltr'>ἐξαίρετα</span> <span class='ocrx_word' id='word_1_106' title='bbox 1413 1071 1465 1122; x_wconf 89' lang='grc' dir='ltr'>ἐν</span> <span class='ocrx_word' id='word_1_107' title='bbox 1495 1077 1560 1142; x_wconf 79' lang='grc' dir='ltr'>γῇ</span> <span class='ocrx_word' id='word_1_108' title='bbox 1590 1077 1651 1142; x_wconf 83' lang='grc' dir='ltr'>τῇ</span> <span class='ocrx_word' id='word_1_109' title='bbox 1677 1073 1802 1137; x_wconf 87' lang='grc' dir='ltr'>Κρο-</span> 
     </span>
     <span class='ocr_line' id='line_1_14' title="bbox 143 1152 1804 1220; baseline 0.001 -15"><span class='ocrx_word' id='word_1_110' title='bbox 143 1152 389 1219; x_wconf 89' lang='grc' dir='ltr'>τωνιήτιδι</span> <span class='ocrx_word' id='word_1_111' title='bbox 433 1157 601 1206; x_wconf 85' lang='grc' dir='ltr'>πολλὰ</span> <span class='ocrx_word' id='word_1_112' title='bbox 644 1154 866 1213; x_wconf 88' lang='grc' dir='ltr'>δοθέντα,</span> <span class='ocrx_word' id='word_1_113' title='bbox 909 1155 969 1206; x_wconf 83' lang='grc' dir='ltr'>τὰ</span> <span class='ocrx_word' id='word_1_114' title='bbox 1014 1154 1093 1206; x_wconf 89' lang='grc' dir='ltr'>καὶ</span> <span class='ocrx_word' id='word_1_115' title='bbox 1139 1156 1188 1208; x_wconf 89' lang='grc' dir='ltr'>ἐς</span> <span class='ocrx_word' id='word_1_116' title='bbox 1234 1156 1319 1219; x_wconf 81' lang='grc' dir='ltr'>ἐμὲ</span> <span class='ocrx_word' id='word_1_117' title='bbox 1364 1153 1439 1206; x_wconf 84' lang='grc' dir='ltr'>ἔτι</span> <span class='ocrx_word' id='word_1_118' title='bbox 1478 1152 1711 1220; x_wconf 83' lang='grc' dir='ltr'>ἐνέμοντο</span> <span class='ocrx_word' id='word_1_119' title='bbox 1755 1155 1804 1206; x_wconf 79' lang='grc' dir='ltr'>οἱ</span> 
     </span>
     <span class='ocr_line' id='line_1_15' title="bbox 144 1237 1804 1306; baseline 0.001 -17"><span class='ocrx_word' id='word_1_120' title='bbox 144 1240 375 1290; x_wconf 90' lang='grc' dir='ltr'>Καλλίεω</span> <span class='ocrx_word' id='word_1_121' title='bbox 407 1239 660 1305; x_wconf 87' lang='grc' dir='ltr'>ἀπόγονοι,</span> <span class='ocrx_word' id='word_1_122' title='bbox 689 1237 872 1306; x_wconf 82' lang='grc' dir='ltr'>Δωριέϊ</span> <span class='ocrx_word' id='word_1_123' title='bbox 901 1242 958 1302; x_wconf 33' lang='grc' dir='ltr'>δὲ,</span> <span class='ocrx_word' id='word_1_124' title='bbox 987 1239 1065 1291; x_wconf 87' lang='grc' dir='ltr'>καὶ</span> <span class='ocrx_word' id='word_1_125' title='bbox 1094 1242 1229 1290; x_wconf 84' lang='grc' dir='ltr'>τοῖσι</span> <span class='ocrx_word' id='word_1_126' title='bbox 1261 1237 1479 1304; x_wconf 83' lang='grc' dir='ltr'>Δωριέος</span> <span class='ocrx_word' id='word_1_127' title='bbox 1509 1238 1804 1305; x_wconf 83' lang='grc' dir='ltr'>ἀπογόνοισι</span> 
     </span>
     <span class='ocr_line' id='line_1_16' title="bbox 144 1321 1803 1389; baseline 0.001 -17"><span class='ocrx_word' id='word_1_128' title='bbox 144 1321 298 1373; x_wconf 82' lang='grc' dir='ltr'>οὐδέν.</span> <span class='ocrx_word' id='word_1_129' title='bbox 369 1324 524 1374; x_wconf 88' lang='grc' dir='ltr'>καίτοι</span> <span class='ocrx_word' id='word_1_130' title='bbox 555 1324 598 1374; x_wconf 81' lang='grc' dir='ltr'>εἰ</span> <span class='ocrx_word' id='word_1_131' title='bbox 628 1321 1007 1387; x_wconf 88' lang='grc' dir='ltr'>συνεπελάβετό</span> <span class='ocrx_word' id='word_1_132' title='bbox 1035 1345 1094 1389; x_wconf 92' lang='grc' dir='ltr'>γε</span> <span class='ocrx_word' id='word_1_133' title='bbox 1124 1327 1209 1375; x_wconf 93' lang='grc' dir='ltr'>τοῦ</span> <span class='ocrx_word' id='word_1_134' title='bbox 1231 1325 1560 1388; x_wconf 83' lang='grc' dir='ltr'>Συβαριτικοῦ</span> <span class='ocrx_word' id='word_1_135' title='bbox 1581 1321 1803 1388; x_wconf 90' lang='grc' dir='ltr'>πολέμου</span> 
     </span>
     <span class='ocr_line' id='line_1_17' title="bbox 145 1402 1878 1478; baseline -0.002 -21"><span class='ocrx_word' id='word_1_136' title='bbox 145 1406 381 1472; x_wconf 83' lang='grc' dir='ltr'>Δωριεύς,</span> <span class='ocrx_word' id='word_1_137' title='bbox 408 1410 609 1471; x_wconf 86' lang='grc' dir='ltr'>δοθῆναι</span> <span class='ocrx_word' id='word_1_138' title='bbox 639 1406 701 1458; x_wconf 86' lang='grc' dir='ltr'>ἄν</span> <span class='ocrx_word' id='word_1_139' title='bbox 729 1409 776 1458; x_wconf 84' lang='grc' dir='ltr'>οἱ</span> <span class='ocrx_word' id='word_1_140' title='bbox 805 1405 1169 1471; x_wconf 90' lang='grc' dir='ltr'>πολλαπλήσια</span> <span class='ocrx_word' id='word_1_141' title='bbox 1197 1402 1228 1471; x_wconf 84' lang='grc' dir='ltr'>ἢ</span> <span class='ocrx_word' id='word_1_142' title='bbox 1251 1407 1465 1478; x_wconf 89' lang='grc' dir='ltr'>Καλλίῃ.</span> <span class='ocrx_word' id='word_1_143' title='bbox 1531 1410 1684 1458; x_wconf 91' lang='grc' dir='ltr'>ταῦτα</span> <span class='ocrx_word' id='word_1_144' title='bbox 1710 1405 1804 1472; x_wconf 88' lang='grc' dir='ltr'>μέν</span> <span class='ocrx_word' id='word_1_145' title='bbox 1829 1423 1878 1465; x_wconf 86' lang='lat'>15</span> 
     </span>
     <span class='ocr_line' id='line_1_18' title="bbox 143 1489 1800 1557; baseline 0.001 -16"><span class='ocrx_word' id='word_1_146' title='bbox 143 1511 231 1542; x_wconf 85' lang='grc' dir='ltr'>νυν</span> <span class='ocrx_word' id='word_1_147' title='bbox 276 1489 496 1556; x_wconf 79' lang='grc' dir='ltr'>ἑκάτεροι</span> <span class='ocrx_word' id='word_1_148' title='bbox 538 1492 696 1542; x_wconf 84' lang='grc' dir='ltr'>αὐτῶν</span> <span class='ocrx_word' id='word_1_149' title='bbox 738 1490 979 1557; x_wconf 87' lang='grc' dir='ltr'>μαρτύρια</span> <span class='ocrx_word' id='word_1_150' title='bbox 1022 1491 1401 1557; x_wconf 88' lang='grc' dir='ltr'>ἀποφαίνονται·</span> <span class='ocrx_word' id='word_1_151' title='bbox 1451 1490 1530 1542; x_wconf 88' lang='grc' dir='ltr'>καὶ</span> <span class='ocrx_word' id='word_1_152' title='bbox 1573 1489 1800 1557; x_wconf 91' lang='grc' dir='ltr'>πάρεστι,</span> 
     </span>
    </p>

    <p class='ocr_par' dir='ltr' id='par_1_4' title="bbox 36 1573 1879 1980">
     <span class='ocr_line' id='line_1_19' title="bbox 36 1573 1801 1642; baseline 0.002 -19"><span class='ocrx_word' id='word_1_153' title='bbox 36 1575 108 1635; x_wconf 89' lang='grc'>46</span> <span class='ocrx_word' id='word_1_154' title='bbox 146 1573 424 1640; x_wconf 89' lang='grc' dir='ltr'>ὁκοτέροισί</span> <span class='ocrx_word' id='word_1_155' title='bbox 444 1596 516 1628; x_wconf 91' lang='grc' dir='ltr'>τις</span> <span class='ocrx_word' id='word_1_156' title='bbox 540 1576 762 1626; x_wconf 90' lang='grc' dir='ltr'>πείθεται</span> <span class='ocrx_word' id='word_1_157' title='bbox 783 1573 958 1634; x_wconf 78' lang='grc' dir='ltr'>αὐτῶν,</span> <span class='ocrx_word' id='word_1_158' title='bbox 983 1574 1205 1626; x_wconf 89' lang='grc' dir='ltr'>τούτοισι</span> <span class='ocrx_word' id='word_1_159' title='bbox 1227 1573 1580 1642; x_wconf 84' lang='grc' dir='ltr'>προσχωρέειν.</span> <span class='ocrx_word' id='word_1_160' title='bbox 1655 1573 1801 1627; x_wconf 83' lang='grc' dir='ltr'>συνέ-</span> 
     </span>
     <span class='ocr_line' id='line_1_20' title="bbox 147 1656 1800 1726; baseline 0.001 -17"><span class='ocrx_word' id='word_1_161' title='bbox 147 1664 300 1709; x_wconf 87' lang='grc' dir='ltr'>πλεον</span> <span class='ocrx_word' id='word_1_162' title='bbox 361 1660 413 1709; x_wconf 83' lang='grc' dir='ltr'>δὲ</span> <span class='ocrx_word' id='word_1_163' title='bbox 476 1657 660 1723; x_wconf 84' lang='grc' dir='ltr'>Δωριέϊ</span> <span class='ocrx_word' id='word_1_164' title='bbox 725 1659 802 1709; x_wconf 89' lang='grc' dir='ltr'>καὶ</span> <span class='ocrx_word' id='word_1_165' title='bbox 869 1657 1017 1709; x_wconf 85' lang='grc' dir='ltr'>ἄλλοι</span> <span class='ocrx_word' id='word_1_166' title='bbox 1082 1659 1377 1726; x_wconf 88' lang='grc' dir='ltr'>συγκτίσται</span> <span class='ocrx_word' id='word_1_167' title='bbox 1437 1656 1800 1725; x_wconf 88' lang='grc' dir='ltr'>Σπαρτιητέων,</span> 
     </span>
     <span class='ocr_line' id='line_1_21' title="bbox 147 1740 1804 1809; baseline 0.001 -17"><span class='ocrx_word' id='word_1_168' title='bbox 147 1741 422 1800; x_wconf 85' lang='grc' dir='ltr'>Θεσσαλὸς</span> <span class='ocrx_word' id='word_1_169' title='bbox 468 1743 546 1794; x_wconf 89' lang='grc' dir='ltr'>καὶ</span> <span class='ocrx_word' id='word_1_170' title='bbox 589 1740 916 1808; x_wconf 83' lang='grc' dir='ltr'>Παραιβάτης</span> <span class='ocrx_word' id='word_1_171' title='bbox 963 1741 1038 1793; x_wconf 86' lang='grc' dir='ltr'>καὶ</span> <span class='ocrx_word' id='word_1_172' title='bbox 1079 1741 1270 1806; x_wconf 89' lang='grc' dir='ltr'>Κελέης</span> <span class='ocrx_word' id='word_1_173' title='bbox 1315 1741 1395 1793; x_wconf 91' lang='grc' dir='ltr'>καὶ</span> <span class='ocrx_word' id='word_1_174' title='bbox 1437 1740 1713 1809; x_wconf 86' lang='grc' dir='ltr'>Εὐρυλέων,</span> <span class='ocrx_word' id='word_1_175' title='bbox 1755 1741 1804 1793; x_wconf 74' lang='grc' dir='ltr'>οἳ</span> 
     </span>
     <span class='ocr_line' id='line_1_22' title="bbox 146 1823 1879 1895; baseline -0.001 -19"><span class='ocrx_word' id='word_1_176' title='bbox 146 1827 307 1877; x_wconf 88' lang='grc' dir='ltr'>ἐπείτε</span> <span class='ocrx_word' id='word_1_177' title='bbox 354 1827 585 1877; x_wconf 85' lang='grc' dir='ltr'>ἀπίκοντο</span> <span class='ocrx_word' id='word_1_178' title='bbox 630 1827 777 1878; x_wconf 91' lang='grc' dir='ltr'>παντὶ</span> <span class='ocrx_word' id='word_1_179' title='bbox 823 1826 990 1895; x_wconf 77' lang='grc' dir='ltr'>στόλῳ</span> <span class='ocrx_word' id='word_1_180' title='bbox 1035 1827 1086 1879; x_wconf 90' lang='grc' dir='ltr'>ἐς</span> <span class='ocrx_word' id='word_1_181' title='bbox 1127 1825 1218 1890; x_wconf 80' lang='grc' dir='ltr'>τὴν</span> <span class='ocrx_word' id='word_1_182' title='bbox 1261 1827 1509 1891; x_wconf 91' lang='grc' dir='ltr'>Σικελίην,</span> <span class='ocrx_word' id='word_1_183' title='bbox 1555 1823 1803 1878; x_wconf 87' lang='grc' dir='ltr'>ἀπέθανον</span> <span class='ocrx_word' id='word_1_184' title='bbox 1829 1845 1879 1874; x_wconf 87' lang='lat'>20</span> 
     </span>
     <span class='ocr_line' id='line_1_23' title="bbox 143 1908 1803 1980; baseline 0.002 -21"><span class='ocrx_word' id='word_1_185' title='bbox 143 1908 278 1980; x_wconf 87' lang='grc' dir='ltr'>μάχῃ</span> <span class='ocrx_word' id='word_1_186' title='bbox 311 1909 619 1963; x_wconf 79' lang='grc' dir='ltr'>ἑσσωθέντες</span> <span class='ocrx_word' id='word_1_187' title='bbox 652 1910 749 1961; x_wconf 83' lang='grc' dir='ltr'>ὑπό</span> <span class='ocrx_word' id='word_1_188' title='bbox 781 1931 834 1961; x_wconf 92' lang='grc' dir='ltr'>τε</span> <span class='ocrx_word' id='word_1_189' title='bbox 865 1910 1112 1961; x_wconf 84' lang='grc' dir='ltr'>Φοινίκων</span> <span class='ocrx_word' id='word_1_190' title='bbox 1143 1909 1223 1961; x_wconf 90' lang='grc' dir='ltr'>καὶ</span> <span class='ocrx_word' id='word_1_191' title='bbox 1253 1908 1577 1976; x_wconf 63' lang='grc' dir='ltr'>Ἐγεσταίων</span> <span class='ocrx_word' id='word_1_192' title='bbox 1622 1913 1803 1975; x_wconf 85' lang='grc' dir='ltr'>μοῦνος</span> 
     </span>
    </p>
   </div>
   <div class='ocr_carea' id='block_1_3' title="bbox 1944 0 2034 2051">
    <p class='ocr_par' dir='ltr' id='par_1_5' title="bbox 1944 0 2034 2051">
     <span class='ocr_line' id='line_1_24' title="bbox 1944 0 2034 2051; baseline 0 0"><span class='ocrx_word' id='word_1_193' title='bbox 1944 0 2034 2051; x_wconf 95' lang='lat' dir='ltr'> </span> 
     </span>
    </p>
   </div>
   <div class='ocr_carea' id='block_1_4' title="bbox 81 1991 2034 2479">
    <p class='ocr_par' dir='ltr' id='par_1_6' title="bbox 81 1991 2034 2479">
     <span class='ocr_line' id='line_1_25' title="bbox 145 1991 1799 2061; baseline 0.002 -18"><span class='ocrx_word' id='word_1_194' title='bbox 145 1995 198 2044; x_wconf 83' lang='grc' dir='ltr'>δὲ</span> <span class='ocrx_word' id='word_1_195' title='bbox 221 1992 481 2059; x_wconf 84' lang='grc' dir='ltr'>Εὐρυλέων</span> <span class='ocrx_word' id='word_1_196' title='bbox 499 1998 599 2045; x_wconf 81' lang='grc' dir='ltr'>τῶν</span> <span class='ocrx_word' id='word_1_197' title='bbox 618 1992 957 2059; x_wconf 83' lang='grc' dir='ltr'>συγκτιστέων</span> <span class='ocrx_word' id='word_1_198' title='bbox 974 1992 1286 2061; x_wconf 86' lang='grc' dir='ltr'>περιεγένετο</span> <span class='ocrx_word' id='word_1_199' title='bbox 1305 1993 1481 2045; x_wconf 89' lang='grc' dir='ltr'>τούτου</span> <span class='ocrx_word' id='word_1_200' title='bbox 1497 1998 1583 2044; x_wconf 91' lang='grc' dir='ltr'>τοῦ</span> <span class='ocrx_word' id='word_1_201' title='bbox 1601 1991 1799 2046; x_wconf 87' lang='grc' dir='ltr'>πάθεος.</span> 
     </span>
     <span class='ocr_line' id='line_1_26' title="bbox 81 2053 2034 2144; baseline -0.002 -14"><span class='ocrx_word' id='word_1_202' title='bbox 81 2093 107 2130; x_wconf 84' lang='lat'><strong>2</strong></span> <span class='ocrx_word' id='word_1_203' title='bbox 147 2077 422 2141; x_wconf 88' lang='grc' dir='ltr'>συλλαβὼν</span> <span class='ocrx_word' id='word_1_204' title='bbox 454 2079 505 2128; x_wconf 86' lang='grc' dir='ltr'>δὲ</span> <span class='ocrx_word' id='word_1_205' title='bbox 541 2077 681 2130; x_wconf 79' lang='grc' dir='ltr'>οὗτος</span> <span class='ocrx_word' id='word_1_206' title='bbox 710 2080 796 2140; x_wconf 86' lang='grc' dir='ltr'>τῆς</span> <span class='ocrx_word' id='word_1_207' title='bbox 829 2080 1061 2143; x_wconf 85' lang='grc' dir='ltr'>στρατιῆς</span> <span class='ocrx_word' id='word_1_208' title='bbox 1090 2077 1204 2130; x_wconf 83' lang='grc' dir='ltr'>τοὺς</span> <span class='ocrx_word' id='word_1_209' title='bbox 1233 2075 1640 2143; x_wconf 89' lang='grc' dir='ltr'>περιγενομένους</span> <span class='ocrx_word' id='word_1_210' title='bbox 1676 2075 1801 2144; x_wconf 84' lang='grc' dir='ltr'>ἔσχε</span> <span class='ocrx_word' id='word_1_211' title='bbox 2015 2053 2034 2127; x_wconf 66' lang='lat'>2¹</span> 
     </span>
     <span class='ocr_line' id='line_1_27' title="bbox 146 2150 2034 2228; baseline 0.003 -19"><span class='ocrx_word' id='word_1_212' title='bbox 146 2160 354 2224; x_wconf 85' lang='grc' dir='ltr'>Μινώην</span> <span class='ocrx_word' id='word_1_213' title='bbox 371 2181 461 2224; x_wconf 89' lang='grc' dir='ltr'>την</span> <span class='ocrx_word' id='word_1_214' title='bbox 480 2161 859 2212; x_wconf 62' lang='grc' dir='ltr'>Σελινουσίων’</span> <span class='ocrx_word' id='word_1_215' title='bbox 835 2161 1070 2225; x_wconf 89' lang='grc' dir='ltr'>αποικίην</span> <span class='ocrx_word' id='word_1_216' title='bbox 1087 2161 1165 2212; x_wconf 89' lang='grc' dir='ltr'>καὶ</span> <span class='ocrx_word' id='word_1_217' title='bbox 1190 2159 1543 2227; x_wconf 86' lang='grc' dir='ltr'>συνελευθέρου</span> <span class='ocrx_word' id='word_1_218' title='bbox 1564 2163 1798 2212; x_wconf 89' lang='grc' dir='ltr'>Σελινου-</span> <span class='ocrx_word' id='word_1_219' title='bbox 1806 2150 2034 2228; x_wconf 50' lang='grc' dir='ltr'>413μᾶ</span> 
     </span>
     <span class='ocr_line' id='line_1_28' title="bbox 146 2209 2034 2311; baseline 0.002 -18"><span class='ocrx_word' id='word_1_220' title='bbox 146 2243 284 2296; x_wconf 89' lang='grc' dir='ltr'>σίους</span> <span class='ocrx_word' id='word_1_221' title='bbox 307 2248 420 2294; x_wconf 75' lang='grc' dir='ltr'>’τοῦ</span> <span class='ocrx_word' id='word_1_222' title='bbox 467 2243 744 2311; x_wconf 87' lang='grc' dir='ltr'>μουνάρχου</span> <span class='ocrx_word' id='word_1_223' title='bbox 798 2245 1134 2311; x_wconf 88' lang='grc' dir='ltr'>Πειθαγόρεω.</span> <span class='ocrx_word' id='word_1_224' title='bbox 1219 2245 1342 2309; x_wconf 78' lang='grc' dir='ltr'>μετὰ</span> <span class='ocrx_word' id='word_1_225' title='bbox 1393 2243 1462 2302; x_wconf 89' lang='grc' dir='ltr'>δέ,</span> <span class='ocrx_word' id='word_1_226' title='bbox 1515 2243 1579 2297; x_wconf 83' lang='grc' dir='ltr'>ὣς</span> <span class='ocrx_word' id='word_1_227' title='bbox 1629 2248 1802 2295; x_wconf 90' lang='grc' dir='ltr'>τοῦτον</span> <span class='ocrx_word' id='word_1_228' title='bbox 1825 2268 1873 2309; x_wconf 83' lang='lat'>25</span> <span class='ocrx_word' id='word_1_229' title='bbox 1938 2209 2034 2283; x_wconf 53' lang='grc' dir='ltr'><strong><em>Μ</em></strong></span> 
     </span>
     <span class='ocr_line' id='line_1_29' title="bbox 148 2327 2034 2395; baseline 0 -17"><span class='ocrx_word' id='word_1_230' title='bbox 148 2332 359 2386; x_wconf 85' lang='grc' dir='ltr'>κατεῖλε,</span> <span class='ocrx_word' id='word_1_231' title='bbox 391 2327 535 2380; x_wconf 85' lang='grc' dir='ltr'>αὐτὸς</span> <span class='ocrx_word' id='word_1_232' title='bbox 569 2327 816 2393; x_wconf 90' lang='grc' dir='ltr'>τυραννίδι</span> <span class='ocrx_word' id='word_1_233' title='bbox 852 2329 1148 2395; x_wconf 89' lang='grc' dir='ltr'>ἐπεχείρησε</span> <span class='ocrx_word' id='word_1_234' title='bbox 1185 2331 1505 2380; x_wconf 87' lang='grc' dir='ltr'>Σελινοῦντος</span> <span class='ocrx_word' id='word_1_235' title='bbox 1541 2327 1619 2378; x_wconf 90' lang='grc' dir='ltr'>καὶ</span> <span class='ocrx_word' id='word_1_236' title='bbox 1655 2329 1796 2392; x_wconf 89' lang='grc' dir='ltr'>ἐμου-</span> <span class='ocrx_word' id='word_1_237' title='bbox 2024 2355 2034 2392; x_wconf 63' lang='lat' dir='ltr'>i</span> 
     </span>
     <span class='ocr_line' id='line_1_30' title="bbox 147 2404 2034 2479; baseline -0.001 -17"><span class='ocrx_word' id='word_1_238' title='bbox 147 2409 367 2478; x_wconf 86' lang='grc' dir='ltr'>νάρχησε</span> <span class='ocrx_word' id='word_1_239' title='bbox 396 2411 581 2478; x_wconf 75' lang='grc' dir='ltr'>χρόνον</span> <span class='ocrx_word' id='word_1_240' title='bbox 609 2410 685 2462; x_wconf 89' lang='grc' dir='ltr'>ἐπ’</span> <span class='ocrx_word' id='word_1_241' title='bbox 716 2412 906 2477; x_wconf 84' lang='grc' dir='ltr'>ὀλίγον·</span> <span class='ocrx_word' id='word_1_242' title='bbox 951 2413 999 2463; x_wconf 80' lang='grc' dir='ltr'>οἱ</span> <span class='ocrx_word' id='word_1_243' title='bbox 1028 2411 1123 2479; x_wconf 89' lang='grc' dir='ltr'>γάρ</span> <span class='ocrx_word' id='word_1_244' title='bbox 1152 2404 1238 2477; x_wconf 88' lang='grc' dir='ltr'>μιν</span> <span class='ocrx_word' id='word_1_245' title='bbox 1267 2411 1581 2462; x_wconf 85' lang='grc' dir='ltr'>Σελινούσιοι</span> <span class='ocrx_word' id='word_1_246' title='bbox 1615 2412 1796 2462; x_wconf 71' lang='grc' dir='ltr'>ἐπανα·</span> <span class='ocrx_word' id='word_1_247' title='bbox 2031 2407 2034 2418; x_wconf 52' lang='lat'><em>⁸</em></span> 
     </span>
    </p>
   </div>
   <div class='ocr_carea' id='block_1_5' title="bbox 1976 2484 2034 2538">
    <p class='ocr_par' dir='ltr' id='par_1_7' title="bbox 1976 2484 2034 2538">
     <span class='ocr_line' id='line_1_31' title="bbox 1976 2484 2034 2538; baseline 0 -10"><span class='ocrx_word' id='word_1_248' title='bbox 1976 2484 2034 2538; x_wconf 53' lang='grc' dir='ltr'>,ι</span> 
     </span>
    </p>
   </div>
   <div class='ocr_carea' id='block_1_6' title="bbox 145 2546 1799 2945">
    <p class='ocr_par' dir='ltr' id='par_1_8' title="bbox 145 2546 1799 2945">
     <span class='ocr_line' id='line_1_32' title="bbox 204 2546 1794 2601; baseline 0.001 -15"><span class='ocrx_word' id='word_1_249' title='bbox 204 2560 223 2586; x_wconf 93' lang='lat'>1</span> <span class='ocrx_word' id='word_1_250' title='bbox 255 2549 290 2588; x_wconf 81' lang='grc' dir='ltr'>οἶ</span> <span class='ocrx_word' id='word_1_251' title='bbox 309 2560 519 2598; x_wconf 84' lang='lat' dir='ltr'>suprascr.</span> <span class='ocrx_word' id='word_1_252' title='bbox 542 2546 598 2585; x_wconf 92' lang='lat' dir='ltr'>Vl</span> <span class='ocrx_word' id='word_1_253' title='bbox 741 2548 843 2601; x_wconf 79' lang='grc' dir='ltr'>ταρὰ</span> <span class='ocrx_word' id='word_1_254' title='bbox 863 2549 896 2587; x_wconf 94' lang='lat' dir='ltr'>C</span> <span class='ocrx_word' id='word_1_255' title='bbox 1008 2549 1263 2601; x_wconf 82' lang='grc' dir='ltr'>προσεχώρεε</span> <span class='ocrx_word' id='word_1_256' title='bbox 1285 2546 1315 2586; x_wconf 89' lang='lat' dir='ltr'>S</span> <span class='ocrx_word' id='word_1_257' title='bbox 1328 2546 1418 2585; x_wconf 91' lang='lat' dir='ltr'>VU</span> <span class='ocrx_word' id='word_1_258' title='bbox 1529 2548 1693 2601; x_wconf 79' lang='grc' dir='ltr'>χρηστὰ</span> <span class='ocrx_word' id='word_1_259' title='bbox 1713 2547 1794 2588; x_wconf 77' lang='lat' dir='ltr'>del.</span> 
     </span>
     <span class='ocr_line' id='line_1_33' title="bbox 149 2601 1799 2655; baseline 0.001 -14"><span class='ocrx_word' id='word_1_260' title='bbox 149 2602 346 2651; x_wconf 76' lang='lat' dir='ltr'>Krueger</span> <span class='ocrx_word' id='word_1_261' title='bbox 508 2615 532 2639; x_wconf 87' lang='lat'><strong>2</strong></span> <span class='ocrx_word' id='word_1_262' title='bbox 564 2602 610 2642; x_wconf 73' lang='grc' dir='ltr'>αὖ</span> <span class='ocrx_word' id='word_1_263' title='bbox 632 2601 826 2641; x_wconf 81' lang='lat' dir='ltr'><strong>Bekker:</strong></span> <span class='ocrx_word' id='word_1_264' title='bbox 857 2605 934 2653; x_wconf 86' lang='grc' dir='ltr'>οὐχ</span> <span class='ocrx_word' id='word_1_265' title='bbox 953 2602 992 2640; x_wconf 90' lang='grc' dir='ltr'>Α</span> <span class='ocrx_word' id='word_1_266' title='bbox 1006 2602 1040 2640; x_wconf 90' lang='grc' dir='ltr'>Β</span> <span class='ocrx_word' id='word_1_267' title='bbox 1057 2602 1137 2641; x_wconf 88' lang='lat' dir='ltr'>SV</span> <span class='ocrx_word' id='word_1_268' title='bbox 1152 2602 1191 2641; x_wconf 95' lang='lat' dir='ltr'><strong>U</strong></span> <span class='ocrx_word' id='word_1_269' title='bbox 1212 2616 1221 2640; x_wconf 88' lang='lat'>:</span> <span class='ocrx_word' id='word_1_270' title='bbox 1251 2604 1322 2642; x_wconf 81' lang='grc' dir='ltr'>οὐκ</span> <span class='ocrx_word' id='word_1_271' title='bbox 1350 2601 1384 2640; x_wconf 91' lang='lat' dir='ltr'>C</span> <span class='ocrx_word' id='word_1_272' title='bbox 1400 2601 1434 2640; x_wconf 92' lang='lat' dir='ltr'>P</span> <span class='ocrx_word' id='word_1_273' title='bbox 1597 2614 1623 2651; x_wconf 89' lang='lat'>4</span> <span class='ocrx_word' id='word_1_274' title='bbox 1653 2605 1799 2655; x_wconf 82' lang='grc' dir='ltr'>Κρᾶθιν</span> 
     </span>
     <span class='ocr_line' id='line_1_34' title="bbox 145 2655 1797 2709; baseline 0 -13"><span class='ocrx_word' id='word_1_275' title='bbox 145 2655 417 2704; x_wconf 86' lang='lat' dir='ltr'>Wesseling:</span> <span class='ocrx_word' id='word_1_276' title='bbox 449 2655 617 2709; x_wconf 81' lang='grc' dir='ltr'>κράστιν</span> <span class='ocrx_word' id='word_1_277' title='bbox 642 2656 680 2694; x_wconf 88' lang='grc' dir='ltr'>Α</span> <span class='ocrx_word' id='word_1_278' title='bbox 695 2657 730 2694; x_wconf 91' lang='grc' dir='ltr'>Β</span> <span class='ocrx_word' id='word_1_279' title='bbox 746 2657 778 2695; x_wconf 95' lang='lat' dir='ltr'>C</span> <span class='ocrx_word' id='word_1_280' title='bbox 795 2656 828 2694; x_wconf 91' lang='lat' dir='ltr'>P</span> <span class='ocrx_word' id='word_1_281' title='bbox 845 2657 910 2695; x_wconf 92' lang='lat' dir='ltr'>U:</span> <span class='ocrx_word' id='word_1_282' title='bbox 940 2655 1116 2709; x_wconf 64' lang='grc' dir='ltr'>κραίστον</span> <span class='ocrx_word' id='word_1_283' title='bbox 1141 2657 1170 2695; x_wconf 88' lang='lat' dir='ltr'>S</span> <span class='ocrx_word' id='word_1_284' title='bbox 1195 2655 1271 2708; x_wconf 85' lang='lat' dir='ltr'>[V]</span> <span class='ocrx_word' id='word_1_285' title='bbox 1500 2657 1529 2694; x_wconf 88' lang='lat'><strong>6</strong></span> <span class='ocrx_word' id='word_1_286' title='bbox 1559 2656 1738 2709; x_wconf 83' lang='grc' dir='ltr'>Κραστίῃ</span> <span class='ocrx_word' id='word_1_287' title='bbox 1763 2657 1797 2695; x_wconf 91' lang='lat' dir='ltr'>L</span> 
     </span>
     <span class='ocr_line' id='line_1_35' title="bbox 147 2709 1797 2763; baseline 0 -13"><span class='ocrx_word' id='word_1_288' title='bbox 147 2713 294 2751; x_wconf 81' lang='grc' dir='ltr'>τοῦτον</span> <span class='ocrx_word' id='word_1_289' title='bbox 313 2710 345 2748; x_wconf 91' lang='lat' dir='ltr'>C</span> <span class='ocrx_word' id='word_1_290' title='bbox 456 2709 635 2763; x_wconf 86' lang='grc' dir='ltr'>Δωριέως</span> <span class='ocrx_word' id='word_1_291' title='bbox 655 2709 695 2747; x_wconf 92' lang='grc' dir='ltr'><strong>Α</strong></span> <span class='ocrx_word' id='word_1_292' title='bbox 708 2710 742 2748; x_wconf 90' lang='grc' dir='ltr'>Β</span> <span class='ocrx_word' id='word_1_293' title='bbox 760 2711 792 2748; x_wconf 90' lang='lat' dir='ltr'>C</span> <span class='ocrx_word' id='word_1_294' title='bbox 805 2711 842 2749; x_wconf 96' lang='lat' dir='ltr'>V</span> <span class='ocrx_word' id='word_1_295' title='bbox 1003 2723 1026 2760; x_wconf 91' lang='lat'><strong>7</strong></span> <span class='ocrx_word' id='word_1_296' title='bbox 1055 2713 1107 2751; x_wconf 79' lang='grc' dir='ltr'>τὰ</span> <span class='ocrx_word' id='word_1_297' title='bbox 1127 2712 1229 2761; x_wconf 69' lang='grc' dir='ltr'>παρὰ</span> <span class='ocrx_word' id='word_1_298' title='bbox 1250 2709 1332 2749; x_wconf 88' lang='lat' dir='ltr'>SV</span> <span class='ocrx_word' id='word_1_299' title='bbox 1490 2710 1517 2747; x_wconf 91' lang='lat'>8</span> <span class='ocrx_word' id='word_1_300' title='bbox 1547 2713 1640 2750; x_wconf 85' lang='grc' dir='ltr'>ἐπῶι</span> <span class='ocrx_word' id='word_1_301' title='bbox 1660 2710 1699 2747; x_wconf 89' lang='grc' dir='ltr'>Λ</span> <span class='ocrx_word' id='word_1_302' title='bbox 1714 2710 1748 2748; x_wconf 91' lang='grc' dir='ltr'>Β</span> <span class='ocrx_word' id='word_1_303' title='bbox 1763 2711 1797 2749; x_wconf 91' lang='lat' dir='ltr'>C</span> 
     </span>
     <span class='ocr_line' id='line_1_36' title="bbox 151 2763 1798 2817; baseline 0.002 -15"><span class='ocrx_word' id='word_1_304' title='bbox 151 2777 199 2802; x_wconf 88' lang='lat'>12</span> <span class='ocrx_word' id='word_1_305' title='bbox 219 2766 271 2805; x_wconf 78' lang='grc' dir='ltr'>τὰ</span> <span class='ocrx_word' id='word_1_306' title='bbox 285 2777 364 2803; x_wconf 89' lang='lat' dir='ltr'>om.</span> <span class='ocrx_word' id='word_1_307' title='bbox 383 2765 417 2802; x_wconf 90' lang='lat' dir='ltr'>C</span> <span class='ocrx_word' id='word_1_308' title='bbox 529 2777 576 2813; x_wconf 82' lang='lat'>13</span> <span class='ocrx_word' id='word_1_309' title='bbox 597 2765 774 2817; x_wconf 87' lang='grc' dir='ltr'>Δωριέως</span> <span class='ocrx_word' id='word_1_310' title='bbox 787 2765 825 2802; x_wconf 88' lang='grc' dir='ltr'>Α</span> <span class='ocrx_word' id='word_1_311' title='bbox 840 2765 874 2802; x_wconf 89' lang='grc' dir='ltr'><em>Β</em></span> <span class='ocrx_word' id='word_1_312' title='bbox 891 2765 920 2803; x_wconf 87' lang='lat' dir='ltr'>S</span> <span class='ocrx_word' id='word_1_313' title='bbox 934 2764 971 2803; x_wconf 95' lang='lat' dir='ltr'>V</span> <span class='ocrx_word' id='word_1_314' title='bbox 1077 2776 1161 2814; x_wconf 88' lang='lat'>15-</span> <span class='ocrx_word' id='word_1_315' title='bbox 1146 2764 1319 2805; x_wconf 82' lang='grc' dir='ltr'>-πλάσια</span> <span class='ocrx_word' id='word_1_316' title='bbox 1332 2763 1365 2801; x_wconf 89' lang='grc' dir='ltr'>Ρ</span> <span class='ocrx_word' id='word_1_317' title='bbox 1481 2775 1527 2812; x_wconf 91' lang='lat'>17</span> <span class='ocrx_word' id='word_1_318' title='bbox 1545 2768 1798 2816; x_wconf 79' lang='grc' dir='ltr'>προσχωρεῖν</span> 
     </span>
     <span class='ocr_line' id='line_1_37' title="bbox 149 2817 1795 2872; baseline 0 -15"><span class='ocrx_word' id='word_1_319' title='bbox 149 2818 189 2857; x_wconf 92' lang='grc' dir='ltr'>Α</span> <span class='ocrx_word' id='word_1_320' title='bbox 202 2818 236 2857; x_wconf 91' lang='grc' dir='ltr'>Β</span> <span class='ocrx_word' id='word_1_321' title='bbox 249 2818 282 2856; x_wconf 92' lang='lat' dir='ltr'>C</span> <span class='ocrx_word' id='word_1_322' title='bbox 297 2818 327 2857; x_wconf 90' lang='lat' dir='ltr'>S</span> <span class='ocrx_word' id='word_1_323' title='bbox 341 2818 378 2856; x_wconf 94' lang='lat' dir='ltr'>V</span> <span class='ocrx_word' id='word_1_324' title='bbox 391 2818 429 2856; x_wconf 92' lang='lat' dir='ltr'>U</span> <span class='ocrx_word' id='word_1_325' title='bbox 613 2832 663 2867; x_wconf 86' lang='lat'>19</span> <span class='ocrx_word' id='word_1_326' title='bbox 691 2820 873 2860; x_wconf 81' lang='grc' dir='ltr'>Θεσαλὸς</span> <span class='ocrx_word' id='word_1_327' title='bbox 894 2819 928 2857; x_wconf 94' lang='lat' dir='ltr'>C</span> <span class='ocrx_word' id='word_1_328' title='bbox 1040 2824 1192 2872; x_wconf 86' lang='grc' dir='ltr'>Παραβ.</span> <span class='ocrx_word' id='word_1_329' title='bbox 1217 2818 1247 2857; x_wconf 90' lang='lat' dir='ltr'>S</span> <span class='ocrx_word' id='word_1_330' title='bbox 1259 2819 1298 2856; x_wconf 94' lang='lat' dir='ltr'>V</span> <span class='ocrx_word' id='word_1_331' title='bbox 1409 2817 1540 2866; x_wconf 80' lang='grc' dir='ltr'>Κέλης</span> <span class='ocrx_word' id='word_1_332' title='bbox 1562 2818 1795 2857; x_wconf 85' lang='lat' dir='ltr'>Hoffmann</span> 
     </span>
     <span class='ocr_line' id='line_1_38' title="bbox 151 2871 1796 2945; baseline 0.001 -34"><span class='ocrx_word' id='word_1_333' title='bbox 151 2885 198 2911; x_wconf 79' lang='lat'>21</span> <span class='ocrx_word' id='word_1_334' title='bbox 232 2875 391 2925; x_wconf 77' lang='grc' dir='ltr'>αἷγεστ.</span> <span class='ocrx_word' id='word_1_335' title='bbox 412 2872 462 2910; x_wconf 87' lang='lat' dir='ltr'>Cc</span> <span class='ocrx_word' id='word_1_336' title='bbox 480 2872 510 2910; x_wconf 88' lang='lat' dir='ltr'>P</span> <span class='ocrx_word' id='word_1_337' title='bbox 524 2872 562 2910; x_wconf 94' lang='lat' dir='ltr'>U</span> <span class='ocrx_word' id='word_1_338' title='bbox 582 2886 590 2911; x_wconf 92' lang='lat'><strong>:</strong></span> <span class='ocrx_word' id='word_1_339' title='bbox 621 2873 764 2924; x_wconf 84' lang='grc' dir='ltr'>ἀγεστ.</span> <span class='ocrx_word' id='word_1_340' title='bbox 786 2873 823 2912; x_wconf 92' lang='lat' dir='ltr'>V</span> <span class='ocrx_word' id='word_1_341' title='bbox 966 2885 1018 2924; x_wconf 84' lang='lat'>25</span> <span class='ocrx_word' id='word_1_342' title='bbox 1046 2873 1250 2927; x_wconf 81' lang='grc' dir='ltr'>μονάρχου</span> <span class='ocrx_word' id='word_1_343' title='bbox 1271 2872 1304 2911; x_wconf 93' lang='lat' dir='ltr'>C</span> <span class='ocrx_word' id='word_1_344' title='bbox 1320 2871 1358 2912; x_wconf 91' lang='lat' dir='ltr'><strong>U</strong></span> <span class='ocrx_word' id='word_1_345' title='bbox 1502 2874 1556 2911; x_wconf 85' lang='lat'>26</span> <span class='ocrx_word' id='word_1_346' title='bbox 1584 2873 1796 2945; x_wconf 59' lang='lat' dir='ltr'>wpagvffia</span> 
     </span>
    </p>
   </div>
   <div class='ocr_carea' id='block_1_7' title="bbox 150 2926 271 2980">
    <p class='ocr_par' dir='ltr' id='par_1_9' title="bbox 150 2926 271 2980">
     <span class='ocr_line' id='line_1_39' title="bbox 150 2926 271 2980; baseline -0.017 0"><span class='ocrx_word' id='word_1_347' title='bbox 150 2927 181 2967; x_wconf 83' lang='lat' dir='ltr'>S</span> <span class='ocrx_word' id='word_1_348' title='bbox 194 2926 271 2980; x_wconf 94' lang='lat' dir='ltr'>[V]</span> 
     </span>
    </p>
   </div>
  </div>
 </body>
</html>
