2106 3314
730 60 1104 113 ΙΣΤΟΡΙΩΝ
1165 65 1206 113 Ζ
1847 69 1933 119 VI.
1962 71 2030 131 67

142 195 315 266 μυρίης
360 195 626 261 κακότητος
665 190 695 260 ἢ
736 197 908 262 μυρίης
949 196 1272 262 εὐδαιμονίης.
1376 201 1527 249 ταῦτα
1569 199 1625 250 δὲ
1667 199 1810 252 εἴπας

104 318 106 320 v
146 281 226 334 καὶ
258 279 738 348 κατακαλυψάμενος
762 279 839 346 ἤιε
869 282 923 332 ἐκ
952 285 1038 333 τοῦ
1063 279 1268 348 θεήτρου
1293 283 1342 336 ἐς
1364 284 1425 333 τὰ
1451 285 1632 334 ἑωυτοῦ
1660 283 1806 341 οἰκία,

145 364 319 418 αὐτίκα
359 367 413 418 δὲ
452 364 963 431 παρασκευασάμενος
999 365 1111 418 ἔθυε
1146 371 1213 436 τῷ
1243 367 1342 418 .Διὶ
1381 371 1526 431 βοῦν,
1561 367 1717 421 θύσας
1756 369 1808 419 δὲ

144 448 236 515 τὴν
264 447 713 518 μητέραέκάλεσε.
789 448 1063 522 ἀπικομένῃ
1095 451 1149 502 δὲ
1178 450 1236 523 τῇ
1268 451 1413 518 μητρὶ
1444 450 1608 504 ἐσθεὶς
1641 453 1693 505 ἐς
1721 452 1809 504 τὰς
1847 455 1918 503 68

97 559 122 603 5
144 532 318 604 χεῖράς
355 535 407 591 ιοἱ
452 538 551 587 τῶν
596 532 910 603 σπλάγχνων
956 532 1249 594 κατικέτευε,
1295 534 1459 602 λέγων
1501 534 1683 587 τοιάδε·
1734 534 1809 585 Ὠ

144 621 315 687 μῆτερ,
357 621 485 671 θεῶν
527 640 588 671 σε
625 623 724 671 τῶν
763 639 819 672 τε
860 617 1032 671 ἄλλων
1073 619 1441 688 καταῊόμενος
1487 620 1684 671 ἱκετεύω
1731 619 1809 671 καὶ
1835 607 2106 701 offo-‘⁴⁸2

147 707 234 758 τοῦ
263 704 451 771 ἑρκείου
483 703 605 756 Διὸς
644 706 786 755 τοῦδε
828 702 1024 770 φράσαι
1064 723 1149 770 μοι
1188 702 1278 767 τὴν
1320 703 1574 768 ἀληθείην,
1606 704 1680 758 τίς
1718 723 1810 768 μευ

146 789 259 842 ἐστὶ
290 787 449 854 πατὴρ
479 789 608 858 ὀρθῷ
638 788 792 858 λόγῳ.
885 788 1187 857 Λευτυχίδης
1216 789 1306 854 μὲν
1336 788 1430 855 γὰρ
1462 787 1557 855 ἔφη
1591 789 1646 839 ἐν
1676 791 1810 839 τοῖσι
1847 807 1875 839 2

146 873 336 926 νείκεσι
365 870 533 940 λέγων
564 871 805 925 κυέουσάν
837 894 898 925 σε
940 874 996 924 ἐκ
1035 876 1122 924 τοῦ
1161 870 1401 939 προτέρου
1442 871 1617 939 ἀνδρὸς
1656 872 1809 926 οὕτως

77 981 124 1010 10
147 959 315 1010 ἐλθεῖν
355 958 488 1024 παρὰ
526 956 823 1023 Ἀρίστωνα,
864 958 911 1009 οἱ
951 958 1003 1009 δὲ
1045 956 1125 1009 καὶ
1164 955 1252 1008 τὸν
1290 956 1614 1023 ματαιότερον
1653 956 1810 1023 λόγον

143 1041 382 1110 λέγοντες
406 1043 541 1108 φασί
561 1063 622 1094 σε
646 1043 813 1094 ἐλθεῖν
843 1028 977 1108 παρὰ
1007 1045 1104 1093 τῶν
1137 1039 1366 1092 οἰκετέων
1395 1040 1480 1092 τὸν
1502 1040 1807 1107 ὀνοφρρβόν,
1836 1032 2090 1089 ww
2103 1069 2106 1077 ι

149 1126 228 1178 καὶ
258 1127 345 1192 ἐμὲ
375 1125 566 1178 ἐκείνου
604 1125 730 1179 εἶναι
764 1129 930 1178 παῖδα.
1021 1125 1119 1192 ἐγώ
1163 1145 1224 1176 σε
1265 1121 1332 1176 ὧν
1371 1122 1675 1192 μετέρχομαι
1714 1127 1812 1175 τῶν
1849 1141 1876 1187 3

148 1214 275 1263 θεῶν
315 1212 474 1263 εἰπεῖν
514 1208 752 1275 τώληθές·
798 1210 913 1262 οὔτε
954 1207 1066 1277 γάρ,
1106 1210 1153 1261 εἴ
1189 1230 1281 1273 περ
1319 1206 1590 1271 πεποίηκάς
1629 1228 1676 1259 τι
1715 1211 1813 1258 τῶν

145 1293 451 1363 λεγομένων,
493 1295 648 1360 μούνη
690 1293 748 1359 δὴ
790 1295 1082 1359 πεποίηκας,
1122 1294 1246 1358 μετὰ
1286 1291 1519 1345 πολλέων
1559 1290 1629 1344 δέ·
1693 1292 1721 1342 ὅ
1761 1312 1814 1343 τε

77 1401 123 1441 ¹5
146 1379 300 1447 λόγος
335 1377 527 1433 πολλὸς
566 1381 620 1431 ἐν
658 1377 860 1450 Σπάρτῃ
892 1377 956 1432 ὣς
986 1377 1255 1445 Ἀρίστωνι
1292 1375 1492 1443 σπέρμα
1524 1374 1814 1429 παιδοποιὸν

149 1462 236 1516 οὐκ
283 1464 417 1528 ἐνῆν·
470 1467 630 1516 τεκεῖν
673 1465 771 1531 γὰρ
817 1461 878 1515 ἄν
925 1464 970 1514 οἱ
1020 1461 1100 1513 καὶ
1144 1462 1231 1515 τὰς
1277 1458 1518 1528 προτέρας
1563 1463 1813 1528 γυναῖκας.

149 1549 176 1600 ὃ
214 1550 308 1614 μὲν
348 1547 406 1613 δὴ
446 1553 647 1601 τοιαῦτα
686 1548 846 1614 ἔλεγε,
889 1546 918 1612 ἡ
960 1548 1013 1598 δὲ
1055 1546 1294 1611 ἀμείβετο
1334 1546 1540 1597 τοισίδε·
1593 1542 1666 1596 Ὦ
1708 1548 1811 1604 παῖ,
1852 1543 1928 1604 69

139 1633 315 1696 ,ἐπείτε
344 1654 406 1698 με
435 1633 608 1705 λιτῇσι
637 1631 902 1700 μετέρχεαι
934 1632 1090 1683 εἰπεῖν
1126 1629 1219 1695 τὴν
1256 1630 1509 1694 ἀληθείην,
1542 1631 1640 1681 πᾶν
1673 1630 1723 1682 ἐς
1754 1630 1814 1680 σὲ

152 1715 497 1784 κατειρήσεται
527 1715 764 1782 τώληθές.
832 1715 898 1770 ὥς
928 1736 990 1781 με
1018 1712 1235 1782 ἠγάγετο
1265 1713 1513 1780 Ἀρίστων
1538 1714 1589 1767 ἐς
1613 1715 1812 1771 ἑωυτοῦ,

75 1826 127 1855 20
149 1802 288 1856 νυκτὶ
330 1802 471 1873 τρίτῃ
519 1800 618 1853 ἀπὸ
664 1802 752 1865 τῆς
798 1800 994 1867 πρώτης
1041 1796 1165 1863 ἦλθέ
1207 1818 1291 1863 μοι
1335 1796 1517 1865 φάσμα
1563 1797 1816 1862 εἰδόμενον

150 1885 436 1953 Ἀρίστωνι,
481 1886 783 1949 συνευνηθὲν
829 1886 882 1935 δὲ
926 1883 1039 1936 τοὺς
1085 1881 1366 1949 στεφάνους
1405 1880 1518 1934 τοὺς
1560 1879 1664 1949 εἶχε
1706 1879 1815 1945 ἐμοὶ

150 1970 433 2037 περιετίθει.
525 1969 605 2021 καὶ
650 1967 707 2021 τὸ
754 1971 846 2034 μὲν
894 1967 1117 2035 οἰχώκεε,
1167 1966 1256 2031 ἧκε
1307 1968 1360 2018 δὲ
1411 1967 1535 2031 μετὰ
1587 1969 1738 2016 ταῦτα
1789 1964 1816 2013 ὁ
1854 1979 1879 2011 2

148 2053 414 2121 Ἀρίστων.
502 2053 567 2107 ὣς
607 2052 663 2106 δέ
694 2074 757 2119 με
799 2051 898 2104 εἶδε
938 2051 1158 2119 ἔχουσαν
1199 2048 1497 2117 στεφάνους,
1532 2048 1708 2115 εἰρώτα
1743 2048 1816 2101 τίς

151 2139 224 2203 εἵη
256 2138 286 2189 ὅ
312 2158 398 2204 μοι
428 2138 557 2191 δούς·
609 2138 707 2204 ἐγὼ
730 2139 783 2189 δὲ
817 2135 1016 2204 ἐφάμην
1048 2137 1253 2187 ἐκεῖνον·
1299 2134 1325 2184 ὁ
1349 2136 1403 2185 δὲ
1426 2132 1511 2184 οὐκ
1535 2131 1815 2185 ὑπεδέκετο·

39 2276 42 2279 ⁴
76 2245 125 2287 25
150 2222 249 2290 ἐγὼ
285 2224 338 2274 δὲ
374 2222 718 2288 κατωμνύμην,
752 2219 949 2289 φαμένη
982 2218 1130 2271 αὐτὸν
1161 2218 1217 2270 οὐ
1250 2222 1412 2273 καλῶς
1444 2216 1629 2271 ποιέειν
1660 2217 1816 2282 ἀπαρ-

149 2306 403 2373 νεόμενον·
449 2307 606 2377 ὀλίγῳ
638 2305 734 2374 γάρ
757 2326 805 2357 τι
825 2295 1066 2372 πρότερον
1098 2303 1312 2355 ἐλθόντα
1344 2303 1424 2354 καὶ
1456 2299 1818 2365 συνευνηθέντα

149 2391 325 2444 δοῦναί
353 2412 438 2458 μοι
477 2390 592 2444 τοὺς
629 2388 928 2457 στεφάνους.
1019 2386 1174 2455 ὁρέων
1213 2385 1268 2439 δέ
1296 2408 1358 2452 με
1391 2383 1759 2451 κατομνυμένην
1791 2385 1817 2434 ὁ
1855 2400 1880 2444 3

202 2542 229 2580 3
257 2531 357 2578 βοῦν
376 2529 434 2582 τῷ
455 2528 522 2570 Διί
541 2528 580 2566 Α
595 2527 629 2567 Β
647 2527 681 2567 C
876 2538 900 2576 5
931 2528 969 2567 οἱ
988 2525 1071 2566 del.
1098 2525 1234 2565 Cobet
1363 2523 1499 2565 τοιάδε
1521 2522 1657 2576 λέγων
1676 2522 1715 2562 Α
1730 2522 1765 2561 Β
1782 2522 1816 2561 C

151 2584 261 2638 (τρία
281 2583 345 2634 δὲ)
530 2596 639 2634 9-10
670 2585 802 2623 ἐλθεῖν
823 2583 926 2623 οὕτω
950 2581 989 2619 R
1004 2580 1034 2620 S
1049 2580 1087 2620 V
1259 2592 1308 2618 12
1338 2580 1437 2620 εἶναι
1460 2579 1611 2620 ἐκείνου
1633 2578 1666 2616 Ρ
1681 2577 1720 2615 R
1736 2576 1765 2615 S
1780 2577 1817 2615 V

149 2639 204 2680 ὦν
224 2655 271 2680 σε
294 2638 429 2677 RSV
572 2649 620 2687 13
650 2638 699 2678 τὸ
720 2635 866 2684 ἀληθές
889 2636 1025 2674 RSV
1135 2651 1209 2687 περ
1231 2647 1312 2673 om.
1339 2633 1525 2672 CPRV
1666 2645 1712 2681 14
1744 2632 1814 2682 δὴ]

149 2693 331 2735 δὲΟΡΙῐιιι
468 2696 633 2733 πολλῶν
656 2691 791 2730 RSV
963 2702 1011 2738 15
1043 2692 1085 2731 ἐν
1106 2695 1179 2733 Σπ.
1206 2702 1288 2728 om.
1315 2688 1452 2727 RSV
1634 2699 1681 2736 17
1713 2685 1758 2736 ἡ]
1782 2689 1818 2726 οἱ

151 2747 242 2787 RV
352 2748 547 2798 ἠμείβετο
575 2745 712 2787 ABC
824 2748 963 2786 τοῖσδε
995 2744 1028 2783 L
1172 2743 1221 2782 18
1260 2744 1316 2784 εἰς
1348 2743 1382 2781 L
1525 2754 1574 2792 19
1602 2742 1699 2782 τᾶλ.
1732 2741 1762 2779 S
1780 2740 1817 2778 V

147 2819 199 2852 με
234 2815 318 2843 om.
359 2803 389 2841 S
411 2801 449 2840 V
710 2814 759 2840 21
807 2801 873 2841 οὓς
914 2800 1001 2851 εἶχε
1038 2799 1072 2837 L
1338 2810 1391 2836 22
1433 2800 1454 2837 ὁ
1488 2809 1570 2835 om.
1605 2795 1645 2834 A
1668 2796 1703 2834 B
1728 2795 1761 2832 C
1784 2794 1817 2832 P

149 2870 202 2906 24
230 2874 296 2906 μοι
316 2859 337 2896 ὁ
357 2855 398 2895 Α
412 2856 447 2895 Β
463 2857 499 2895 C
693 2868 744 2905 25
774 2854 922 2896 ποιέειν
941 2857 1074 2895 καλῶς
1095 2851 1132 2891 Α
1148 2852 1182 2891 Β
1197 2852 1231 2891 C
1343 2851 1660 2905 ἂπαρνευόμενον
1682 2850 1720 2889 R
1737 2849 1766 2888 S
1781 2847 1817 2886 V

149 2912 204 2949 26
232 2911 376 2964 ὀλίγον
397 2910 427 2949 S
445 2909 525 2964 [V]

206 3006 307 3033 Ηῡτ.
335 3005 383 3034 11.
1630 2987 1653 3030 7
