2132 3340
80 28 171 84 IX.
200 28 269 82 80

216 422 275 468 81

211 1514 277 1563 82

934 26 1360 80 ΗΡΟΔΟΤΟΥ

309 161 423 215 τοὺς
471 160 738 227 Αἰγινήτας
791 163 837 213 οἱ
884 162 1101 222 εἵλωτες,
1151 164 1319 213 πολλὰ
1364 164 1416 214 δὲ
1463 163 1540 214 καὶ
1592 163 1968 225 ἀπεδείκνυσαν,
2022 164 2028 170 “

310 248 410 298 ὅσα
440 245 599 296 αὐτῶν
632 245 717 296 οὐκ
751 244 831 296 οἳά
868 267 922 298 τε
953 245 1013 310 ἧν
1046 247 1249 314 κρύψαι·
1298 247 1429 298 ὥστε
1472 245 1767 318 Αἰγινήτῃσι
1798 249 1844 299 οἱ
1883 269 1968 313 με-

311 330 460 398 γάλοι
491 334 696 380 πλοῦτοι
727 329 886 397 ἀρχὴν
919 332 1146 382 ἐνθεῦτεν
1178 329 1426 397 ἐγένοντο,
1461 331 1507 382 οἳ
1537 330 1625 382 τὸν
1660 331 1851 398 χρυσὸν
1887 330 1973 384 ἅτε

312 416 457 466 ἐόντα
486 412 679 481 χαλκὸν
710 416 857 478 δῆθεν
887 416 1018 480 παρὰ
1057 419 1155 466 τῶν
1188 414 1431 466 εἱλωτέων
1473 414 1697 466 ὠνέοντο.
1774 410 1970 483 συμφο-

311 497 555 566 ρήσαντες
602 500 655 549 δὲ
702 500 764 549 τὰ
814 497 1046 566 χρήματα
1101 499 1180 550 καὶ
1231 497 1441 563 δεκάτην
1472 498 1749 567 ,ἐξελόντες
1799 505 1866 568 τῷ
1919 501 1973 551 ἐν

1996 521 2019 560 5

315 586 574 649 Δελφοῖσι
615 585 727 651 θεῷ,
761 582 844 634 ἀπ’
884 583 943 647 ἧς
982 584 1008 634 ὁ
1050 584 1250 650 τρίπους
1282 584 1308 633 ὁ
1341 583 1557 651 χρύσεος
1597 583 1800 648 ἀνετέθη
1833 585 1860 634 ὁ
1891 584 1973 636 ἐπὶ
2012 624 2015 627 -

312 671 397 718 τοῦ
432 664 722 734 τρικαρήνου
763 669 910 734 ὄφιος
951 672 1038 719 τοῦ
1078 667 1295 736 χαλκέου
1339 668 1588 721 ἐπεστεὼς
1628 666 1847 735 ἄγχιστα
1886 672 1972 719 τοῦ

312 756 503 816 βωμοῦ,
532 753 610 802 καὶ
634 756 701 820 τῷ
727 752 779 802 ἐν
804 751 1055 824 Ὀλυμπίῃ
1081 756 1174 822 θεῷ
1199 750 1474 816 ἐξελόντες,
1501 751 1585 804 ἀπ’
1609 751 1667 816 ἧς
1690 750 1972 820 δεκάπηχυν

312 835 530 903 χάλκεον
564 837 664 887 Δία
695 834 954 899 ἀνέθηκαν,
992 836 1070 887 καὶ
1100 842 1167 906 τῷ
1199 838 1252 888 ἐν
1283 836 1467 905 Ἰσθμῷ
1501 839 1610 905 θεῷ,
1634 835 1716 888 ἀπ’
1739 835 1798 900 ἧς
1821 835 1968 889 ἑπτά-

314 941 475 988 πηχυς
516 918 730 987 χάλκεος
773 919 1063 971 Ποσειδέων
1105 919 1375 987 ἐξεγένετο,
1422 924 1573 971 ταῦτα
1615 918 1869 983 ἐξελόντες
1911 922 1972 972 τὰ

313 1006 468 1055 λοιπὰ
499 1003 770 1070 διαιρέοντο
808 1004 887 1054 καὶ
924 1005 1115 1070 ἔλαβον
1157 1005 1359 1056 ἕκαστοι
1401 1009 1499 1055 τῶν
1541 1003 1670 1068 ἄξιοι
1712 1004 1856 1069 ἦσαν,
1893 1005 1973 1056 καὶ

313 1090 402 1141 τὰς
425 1090 687 1141 παλλακὰς
708 1093 806 1139 τῶν
832 1088 1073 1154 Περσέων
1100 1089 1178 1161 καὶ
1208 1088 1294 1140 τὸν
1319 1088 1508 1157 χρυσὸν
1536 1089 1612 1140 καὶ
1643 1088 1729 1140 τὸν
1760 1087 1973 1155 ἄργυρον

317 1173 396 1224 καὶ
426 1172 561 1223 ἄλλα
590 1170 820 1240 χρήματά
851 1194 904 1224 τε
937 1173 1014 1224 καὶ
1045 1174 1298 1239 ὑποζύγια.
1373 1174 1471 1223 ὅσα
1507 1172 1600 1238 μέν
1630 1193 1716 1224 νυν
1748 1170 1973 1239 ἐξαίρετα

313 1261 447 1307 τοῖσι
478 1256 810 1322 ἀριστεύσασι
852 1256 1011 1308 αὐτῶν
1052 1259 1106 1308 ἐν
1146 1262 1435 1330 Πλαταιῇσι
1478 1258 1639 1326 ἐδόθη,
1675 1257 1731 1308 οὐ
1769 1256 1972 1323 λέγεται

315 1340 437 1406 πρὸς
467 1341 707 1405 οὐδαμῶν,
743 1339 895 1392 δοκέω
928 1341 968 1391 δ’
1001 1342 1159 1407 ἔγωγε
1193 1341 1271 1392 καὶ
1308 1342 1528 1392 τούτοισι
1568 1344 1785 1405 δοθῆναι·
1832 1345 1968 1392 slav·-

1999 939 2049 967 10
2118 979 2128 987 ο

2002 1358 2049 1400 15

315 1426 465 1495 σανίῃ
489 1427 542 1476 δὲ
572 1423 735 1476 πάντα
765 1422 883 1476 δέκα
905 1424 1131 1492 ἐξαιρέθη
1155 1447 1208 1476 τε
1242 1427 1320 1477 καὶ
1353 1426 1513 1490 ἐδόθη,
1543 1430 1784 1492 γυναῖκες,
1811 1426 1969 1484 ἵπποι,
1996 1458 2001 1459 ⁷

313 1507 551 1568 τάλαντα,
575 1508 800 1574 κάμηλοι,
824 1509 889 1562 ὣς
914 1512 966 1561 δὲ
988 1511 1145 1563 αὕτως
1167 1510 1244 1561 καὶ
1265 1510 1430 1561 τᾶλλα
1452 1509 1695 1577 χρήματα.
1771 1508 1973 1575 λέγεται

314 1595 365 1644 δὲ
399 1594 477 1644 καὶ
508 1592 623 1644 τάδε
660 1592 910 1657 γενέσθαι,
946 1593 1009 1647 ὡς
1048 1593 1240 1660 Ξέρξης
1281 1594 1480 1661 φεύγων
1521 1596 1575 1644 ἐκ
1610 1597 1695 1658 τῆς
1724 1593 1974 1647 Ἑλλάδος

318 1679 583 1746 Μαρδονίῳ
625 1677 714 1741 τὴν
747 1677 1054 1742 κατασκευὴν
1096 1680 1359 1729 καταλίποι
1394 1677 1482 1741 τὴν
1518 1681 1714 1729 ἑωυτοῦ·
1764 1683 1968 1730 Παυσα-

314 1763 423 1824 νίην
460 1760 528 1813 ὧν
561 1763 749 1827 ὁρῶντα
788 1762 878 1825 τὴν
910 1764 1195 1828 Μαρδονίου
1242 1762 1549 1826 κατασκευὴν
1590 1767 1759 1831 χρυσῷ
1799 1784 1854 1814 τε
1895 1762 1973 1814 καὶ

317 1846 511 1915 ἀργύρῳ
572 1846 650 1896 καὶ
708 1845 1133 1912 παραπετάσμασι
1184 1848 1458 1898 ποικίλοισι
1513 1846 1974 1912 κατεσκευασμένην

319 1935 551 1981 κελεῦσαι
582 1930 695 1983 τούς
725 1951 779 1981 τε
810 1931 1113 1997 ἀρτοκόπους
1137 1932 1216 1982 καὶ
1240 1931 1353 1984 τοὺς
1376 1932 1650 1998 ὀψοποιοὺς
1677 1933 1798 1983 κατὰ
1821 1931 1973 1982 ταύτὰ

318 2009 513 2079 [καθὼς]
555 2016 822 2084 Μαρδονίῳ
859 2018 1059 2066 δεῖπνον
1099 2014 1504 2082 παρασκευάζειν.
1584 2016 1648 2069 ὡς
1685 2018 1737 2067 δὲ
1776 2015 1971 2068 κελευό-

316 2119 455 2162 μενοι
495 2098 629 2150 οὗτοι
670 2100 868 2151 ἐποίευν
903 2104 1070 2158 ταῦτα,
1105 2101 1316 2152 ἐνθαῦτα
1349 2100 1438 2151 τὸν
1462 2101 1769 2164 »Παυσανίην
1807 2099 1975 2151 ἰδόντα

319 2183 490 2236 κλίνας
520 2204 574 2234 τε
597 2182 814 2251 χρυσέας
845 2184 923 2235 καὶ
955 2182 1196 2250 ἀργυρέας
1221 2184 1273 2236 εὗ
1299 2184 1612 2251 ἐστρωμένας
1631 2185 1710 2236 καὶ
1733 2182 1974 2251 τραπέζας

316 2287 370 2317 τε
399 2261 617 2333 χρυσέας
644 2262 726 2317 ’καὶ
751 2266 990 2333 ἀργυρέας
1022 2268 1100 2318 καὶ
1130 2267 1446 2336 παρασκευὴν
1477 2267 1863 2336 μεγαλοπρεπέα
1890 2271 1976 2318 τοῦ

319 2351 533 2410 δείπνου,
588 2349 902 2418 ἐκπλαγέντα
953 2354 1014 2403 τὰ
1067 2354 1364 2419 προκείμενα
1411 2354 1573 2420 ἀγαθὰ
1618 2356 1849 2404 κελεῦσαι
1894 2351 1976 2403 ἐπὶ

377 2502 394 2527 1
435 2491 473 2529 οἷ
490 2502 570 2529 om.
596 2489 636 2527 R
802 2503 827 2528 2
864 2492 995 2532 αὐτῶν
1015 2489 1128 2542 (-ε’ων
1150 2490 1186 2528 R
1205 2490 1235 2530 S
1249 2491 1304 2542 V)
1337 2491 1414 2532 ὅσα
1435 2490 1484 2528 Ρ1
1649 2502 1674 2539 3
1714 2489 1896 2542 ἐγίνοντο
1914 2488 1948 2528 C
1966 2503 1977 2529 ε

322 2543 487 2594 ἐγένετο
511 2544 550 2582 R
685 2558 709 2593 4
743 2547 921 2586 ειλῶτων
941 2545 979 2583 Α
995 2545 1076 2584 BC
1092 2545 1125 2583 P
1255 2558 1277 2595 7
1310 2547 1512 2598 ἐφεστεὼς
1536 2544 1626 2583 R'V
1754 2558 1782 2595 9
1811 2543 1975 2592 ἀνέθηκε

322 2597 361 2636 R
374 2598 411 2636 V
545 2611 594 2638 10
624 2598 788 2651 ἐγένετο
808 2600 846 2637 R
864 2599 894 2638 S
909 2600 946 2638 V
1078 2613 1126 2638 12
1156 2601 1339 2641 παλακὰς
1362 2600 1395 2638 C
1409 2599 1463 2637 V1
1551 2599 1620 2638 alt.
1641 2600 1714 2640 τὸν
1733 2611 1815 2638 om.
1841 2597 1926 2635 AB
1941 2598 1975 2637 C

324 2666 372 2701 13
401 2652 540 2693 τᾶλλα
561 2653 680 2692 Stein
862 2667 909 2702 14
941 2652 1093 2695 αὐτέων
1115 2654 1148 2693 C
1165 2654 1204 2691 R
1221 2654 1250 2693 S
1263 2655 1302 2694 V
1411 2652 1763 2706 Πλαταίη<ι>σι(ν)
1782 2652 1820 2691 Α
1836 2653 1870 2691 Β
1885 2652 1924 2690 R
1937 2652 1976 2690 V

324 2709 373 2744 16
402 2724 448 2747 τε
469 2709 532 2748 καὶ
555 2707 671 2756 ἐδόθη
692 2721 772 2747 om.
800 2708 839 2747 R
856 2708 885 2747 S
900 2709 937 2747 V
1132 2721 1178 2757 17
1209 2708 1365 2762 ἅρματα
1386 2708 1508 2747 Stein
1614 2708 1617 2711 ’
1637 2709 1689 2749 τὰ
1709 2709 1819 2749 ἄλλα
1840 2707 1879 2744 R
1895 2706 1976 2746 SV

324 2774 372 2809 19
410 2764 665 2814 παρασκευὴν
694 2762 852 2802 Athen.
886 2764 963 2811 138
976 2763 1002 2801 b
1037 2763 1100 2815 (it.
1131 2766 1203 2803 205
1372 2763 1561 2803 ἀπολίποι
1593 2763 1627 2801 Ε
1645 2777 1655 2801 z
1694 2761 1909 2803 καταλίπει
1940 2761 1974 2799 C

320 2828 344 2853 2
355 2828 368 2853 Ι
403 2816 787 2867 κατασκευασμένην
800 2816 838 2855 Α
854 2817 883 2856 S
896 2818 934 2855 V
951 2832 959 2856 :
989 2834 1161 2870 παρασκ.
1178 2818 1211 2856 C
1314 2830 1367 2856 22
1396 2818 1628 2871 ἀρτοποιοὺς
1642 2817 1798 2856 Athen.
1820 2830 1828 2854 :
1858 2817 1973 2869 ἄρτο-

2001 1779 2050 1806 20

2002 2198 2050 2239 25

319 2869 469 2911 πόπους
491 2871 627 2911 Cobet
881 2883 933 2920 23
964 2874 1089 2914 καθὼς
1111 2872 1193 2913 del.
1215 2871 1372 2911 Abicht
1509 2870 1820 2922 κατασκευάζειν
1842 2869 1881 2908 R
1896 2870 1974 2910 SV
2027 2904 2033 2908 γ.

320 2935 372 2971 25
403 2924 445 2963 εὖ
467 2954 475 2964 .
504 2955 510 2964 .
536 2957 542 2964 .
567 2924 757 2978 ἀργυρέας
779 2938 858 2966 om.
885 2925 936 2964 B¹
955 2926 986 2964 E
1002 2926 1031 2965 S
1197 2928 1250 2965 26
1279 2925 1455 2980 χρυσέας
1477 2944 1522 2966 τε
1546 2925 1635 2964 RV
