2132 3340
764 59 1140 107 ιΣΤοΡιΩΝ
1216 60 1263 104 H
1890 55 2004 104 vn.
2027 39 2118 104 '182

179 188 434 255 ἐξοκέλλει
465 190 515 243 ἐς
544 191 631 255 τὰς
663 189 881 254 ἐκβολὰς
912 193 998 239 τοῦ
1023 192 1257 252 Πηνειοῦ,
1287 188 1365 240 καὶ
1394 191 1481 238 τοῦ
1510 188 1602 252 μὲν
1626 184 1852 252 σκάφεος

179 273 459 341 ἐκράτησαν
502 276 549 326 οἱ
592 272 863 340 βάρβαροι,
912 277 1011 324 τῶν
1055 274 1109 324 δὲ
1154 273 1345 337 ἀνδρῶν
1388 271 1461 323 οὔ.
1550 270 1616 325 ὣς
1656 271 1752 337 γὰρ
1791 269 1850 334 δὴ

177 357 406 426 τάχιστα
431 358 706 410 ἐπώκειλαν
736 356 826 421 τὴν
857 356 945 409 νέα
980 359 1026 409 οἱ
1058 355 1330 420 Ἀθηναῖοι,
1365 356 1697 422 ἀποθορόντες
1730 356 1851 406 κατὰ

178 443 483 508 Θεσσαλίην
514 442 838 508 πορευόμενοι
869 441 1213 507 ἐκομίσθησαν
1245 442 1295 494 ἐς
1319 438 1547 504 Ἀθήνας.
1622 444 1774 490 ταῦτα
1804 441 1851 491 οἱ
1890 443 1980 503 183

128 526 421 592 5“Έλληνες
453 529 499 578 οἱ
531 526 608 579 ἐπ’
639 526 940 595 Ἀρτεμισίῳ
981 525 1488 593 στρατοπεδευόμενοι
1520 523 1852 576 πυνθάνονται

176 613 256 663 διὰ
280 617 482 678 πυρσῶν
508 613 561 662 ἐκ
585 609 814 663 Σκιάθου.
883 611 1152 675 πυθόμενοι
1184 612 1236 661 δὲ
1269 611 1347 661 καὶ
1378 607 1851 675 καταρρωδήσαντες

176 695 275 748 ἀπὸ
310 700 397 747 τοῦ
427 695 746 762 Ἀρτεμισίου
781 696 1132 762 μετορμίζοντο
1171 695 1221 747 ἐς
1253 695 1498 752 Χαλκίδα,
1539 691 1850 759 φυλάξοντες

175 782 266 846 μὲν
290 779 376 832 τὸν
402 781 636 847 Εὔριπον,
663 781 924 833 λείποντες
958 782 1010 831 δὲ
1042 779 1416 845 ἡμερρρκόπους
1440 778 1551 844 περὶ
1581 779 1642 828 τὰ
1673 779 1850 844 ὑψηλὰ
1875 778 2132 827 ἰαύειν-Ρω-

175 868 262 929 τῆς
315 864 552 930 Εὐβοίης.
641 869 739 916 τῶν
792 866 845 915 δὲ
900 862 1190 931 δέκανεῶν
1243 869 1340 915 τῶν
1390 860 1669 928 βαρβάρων
1719 867 1849 927 τρεῖς
1889 882 1914 913 2

103 970 151 997 10
176 947 438 1013 ἐπήλασαν
485 949 596 1015 περὶ
643 948 700 1000 τὸ
753 949 897 1017 ἕρμαι
925 947 982 999 τὸ
1033 946 1218 1013 μεταξὺ
1272 949 1353 998 ἐὸν
1401 945 1615 998 Σκιάθου
1667 968 1721 998 τε
1769 947 2007 1022 καὶὴ-ιι..

176 1034 493 1101 Μαγνησίης,
523 1034 827 1098 καλεόμενον
861 1034 914 1084 δὲ
939 1032 1202 1099 Μύρμηκα.
1279 1033 1491 1083 ἐνθαῦτα
1520 1033 1566 1082 οἳ
1596 1028 1852 1097 βάρβαροι

176 1117 344 1182 ἐπειδὴ
394 1116 587 1182 στήλην
633 1118 778 1169 λίθου
828 1115 1074 1181 ἐπέθηκαν
1123 1117 1417 1182 κομίσαντες
1472 1116 1553 1167 ἐπὶ
1600 1114 1657 1166 τὸ
1709 1115 1848 1181 ἕρμα,

175 1201 470 1268 ὁρμηθέντες
505 1202 644 1254 αὐτοὶ
680 1203 733 1253 ἐκ
769 1200 988 1268 Θέρμης,
1027 1201 1093 1255 ὥς
1130 1207 1228 1268 σφι
1264 1200 1320 1252 τὸ
1358 1200 1584 1266 ἐμποδὼν
1622 1200 1851 1266 ἐγεγόνεε

176 1287 406 1354 καθαρόν,
469 1280 716 1339 ἐπέπλεον
777 1284 975 1358 πάσῃσι
1034 1286 1153 1357 τῇσι
1211 1286 1374 1349 νηυσί,
1436 1285 1609 1336 ἕνδεκα
1666 1282 1850 1350 ἡμέρας

101 1390 148 1431 15
175 1369 412 1439 παρέντες
446 1372 571 1437 μετὰ
608 1370 699 1436 τὴν
738 1369 987 1437 βασιλέος
1025 1369 1262 1435 ἐξέλασιν
1301 1372 1354 1420 ἐκ
1392 1368 1608 1435 Θέρμης.
1700 1367 1756 1419 τὸ
1796 1371 1849 1420 δὲ
1886 1381 1912 1424 3

175 1456 300 1523 ἕρμα
335 1462 434 1524 σφι
471 1453 790 1523 κατηγήσατο
831 1455 912 1507 ἐὸν
950 1457 1003 1507 ἐν
1034 1456 1170 1525 πόρῳ
1206 1453 1430 1520 μάλιστα
1463 1452 1691 1519 Πάμμων
1721 1453 1846 1503 Σκύ-

171 1561 293 1607 ριος.
382 1540 666 1607 πανημερὸν
709 1543 763 1592 δὲ
806 1538 1046 1594 πλέοντες
1083 1541 1128 1591 οἱ
1169 1538 1425 1606 βάρβαροι
1463 1537 1725 1603 ἐξανύουσι
1761 1541 1848 1602 τῆς

176 1627 477 1692 Μαγνησίης
520 1625 685 1694 χώρης
733 1624 814 1676 ἐπὶ
860 1622 1087 1688 Σηπιάδα
1130 1645 1183 1675 τε
1230 1624 1308 1675 καὶ
1352 1615 1447 1675 τὸν
1484 1621 1718 1690 αἰγιαλὸν
1761 1621 1849 1674 τὸν

172 1708 357 1774 μεταξὺ
388 1710 710 1774 Κασθαναίης
744 1729 799 1761 τε
830 1708 1006 1763 πόλιος
1037 1709 1184 1760 ἐόντα
1216 1709 1294 1760 καὶ
1325 1707 1575 1772 Σηπιάδος
1606 1708 1771 1772 ἀκτῆς.

99 1814 151 1843 20
259 1793 428 1862 Μέχρι
477 1792 568 1859 μέν
619 1814 705 1846 νυν
759 1794 935 1846 τούτου
984 1797 1071 1845 τοῦ
1121 1793 1287 1861 χώρου
1343 1793 1422 1844 καὶ
1475 1790 1847 1859 Θερμοπυλέων
1884 1789 1976 1852 184

173 1879 366 1943 ἀπαθής
401 1900 455 1931 τε
497 1881 659 1930 κακῶν
695 1877 756 1942 ἣν
793 1879 820 1928 ὁ
861 1878 1092 1946 στρατός,
1134 1878 1214 1930 καὶ
1253 1880 1445 1942 πλῆθος
1487 1876 1546 1941 ἧν
1581 1880 1847 1941 τηνικαῦτα

173 1961 262 2023 ἔτι,
297 1963 362 2017 ὡς
401 1963 500 2030 ἐγὼ
538 1963 961 2028 συμβαλλόμενος
997 1963 1228 2029 εὑρίσκω,
1261 1961 1347 2015 τὸν
1381 1964 1474 2028 μὲν
1507 1963 1560 2013 ἐκ
1590 1966 1689 2013 τῶν
1720 1966 1845 2014 νεῶν

173 2052 271 2100 τῶν
322 2049 377 2099 ἐκ
434 2050 520 2112 τῆς
571 2046 765 2111 Ἀσίης,
822 2045 1040 2099 ἐουσέων
1093 2048 1219 2099 ἑπτὰ
1278 2046 1357 2098 καὶ
1415 2045 1712 2111 διηκοσιέων
1765 2046 1845 2097 καὶ

173 2131 397 2199 χιλιέων,
423 2131 510 2184 τὸν
539 2133 632 2197 μὲν
663 2133 872 2200 ἀρχαῖον
904 2130 1128 2184 ἑκάστων
1151 2136 1250 2183 τῶν
1273 2130 1457 2183 ἐθνέων
1489 2132 1635 2183 ἐόντα
1665 2131 1842 2195 ὅμιλον

99 2234 147 2276 25
172 2214 418 2283 τέσσερας
468 2216 547 2267 καὶ
601 2217 762 2268 εἴκοσι
811 2214 1061 2283 μυριάδαςΑ
1099 2216 1178 2267 καὶ
1229 2215 1352 2283 πρὸς
1402 2214 1609 2283 χιλιάδα
1655 2236 1709 2266 τε
1763 2214 1843 2266 καὶ

170 2301 534 2367 τετρακοσίους,
579 2300 644 2354 ὡς
684 2301 779 2352 ἀνὰ
823 2301 1105 2365 διηκοσίους
1149 2299 1330 2367 ἄνδρας
1372 2298 1746 2367 λογιζομένοισι
1787 2300 1842 2351 ἐν

232 2451 249 2477 1
285 2439 462 2487 ἐκβολὰς
484 2437 563 2477 Pl:
594 2439 686 2485 ἐσβ.
711 2437 752 2476 Α
768 2438 802 2477 Β
819 2437 852 2476 C
873 2453 882 2478 ε
912 2440 1004 2488 ἐμβ.
1034 2437 1073 2476 R
1089 2437 1236 2478 SVP⁰
1366 2440 1392 2476 6
1423 2438 1505 2491 διὰ]
1530 2438 1634 2491 παρὰ
1654 2437 1790 2476 ABC
1808 2437 1842 2476 P

175 2506 196 2543 7
218 2510 391 2555 μετφρμ.
414 2493 448 2532 C
462 2492 548 2532 PR
563 2492 644 2532 SV
753 2493 780 2531 8
809 2492 1020 2534 λειπόντες
1043 2492 1077 2531 C
1096 2506 1105 2531 ε
1134 2492 1326 2534 λιπόντες
1350 2493 1481 2531 Dulac
1597 2505 1647 2531 10
1668 2491 1840 2533 ἐπεστά-

174 2557 310 2597 λησαν
331 2547 436 2588 SV:
468 2551 571 2588 δοκῶ
593 2546 832 2597 ἐστάλησαν
854 2547 893 2586 R
1050 2559 1097 2597 13
1129 2549 1307 2588 ἐκποδὼν
1330 2546 1369 2585 R
1385 2547 1466 2586 SV
1615 2559 1662 2595 14
1695 2547 1842 2588 ἔπλεον

175 2601 362 2642 PRSV
394 2601 492 2655 (·εν>
607 2600 651 2642 ἕν
682 2601 780 2643 δέκα
815 2601 884 2640 R:
926 2600 1069 2643 ενδέκα
1098 2601 1216 2640 AB:
1259 2604 1303 2643 ἐν
1334 2602 1432 2643 δέκα
1465 2601 1499 2640 C
1611 2600 1841 2654 ἦμέρη(ι)σι

173 2656 214 2695 Α
227 2657 262 2696 Β
277 2657 311 2696 C
466 2658 517 2696 16
548 2657 614 2697 ἐὸν
637 2655 794 2710 ἐμπόρω
817 2655 857 2695 R
871 2655 902 2695 S
915 2656 954 2696 V
1066 2656 1219 2707 Πάμμω
1242 2656 1281 2694 R
1298 2656 1378 2695 SV
1536 2669 1582 2705 17
1613 2656 1843 2710 πανήμερον

175 2711 209 2751 C
228 2726 238 2751 τ
286 2712 505 2765 πανήμεροι
546 2711 748 2761 Krueger
1008 2712 1058 2750 18
1106 2712 1289 2760 Σηπιάδα
1309 2741 1319 2752 .
1344 2742 1354 2751 .
1376 2741 1386 2750 .
1414 2710 1535 2752 ἐόντα
1574 2712 1639 2751 καὶ
1677 2723 1759 2751 om.
1801 2710 1840 2748 R

179 2779 230 2817 19
260 2766 516 2815 Κασταναίης
541 2765 572 2805 S
593 2766 633 2805 V
817 2779 872 2805 20
901 2783 970 2807 νυν
989 2778 1071 2806 om.
1097 2766 1137 2804 R
1156 2767 1186 2805 S
1201 2766 1242 2806 V
1425 2774 1478 2805 22
1510 2766 1570 2806 ἔτι
1591 2779 1672 2805 orn.
1694 2765 1736 2804 A
1754 2765 1789 2804 B
1807 2766 1842 2804 C

176 2820 343 2874 εὑρίσκω
375 2821 503 2862 τόσον
542 2821 574 2861 S
740 2819 831 2871 τὸν]
867 2825 949 2862 τῶν
980 2820 1020 2860 Α
1043 2820 1077 2859 Β
1100 2821 1134 2860 C
1355 2831 1408 2871 23
1452 2821 1667 2870 διηκοσίων
1700 2819 1843 2860 RSV

175 2888 228 2925 24
258 2875 432 2918 ἑκάστου
453 2876 483 2915 S
500 2875 577 2927 [V]
692 2876 834 2925 ὅμιλον
855 2875 974 2916 ἐόντα
1013 2876 1049 2914 Α
1066 2876 1100 2914 Β
1118 2875 1151 2914 C
1306 2888 1358 2926 25
1388 2875 1591 2929 τέσσαρας
1612 2874 1668 2914 Α1
1685 2875 1718 2914 C
1733 2873 1841 2914 RV¹

176 2932 230 2969 26
259 2932 310 2972 ὡς
330 2932 403 2972 ἀνὰ
425 2930 493 2982 (ἂν
513 2929 566 2980 Β)
591 2930 817 2978 διηκοσίους
838 2943 919 2970 om.
944 2930 983 2969 R
998 2931 1028 2970 S
1042 2930 1078 2969 V
