2132 3340
715 143 1094 193 ΙΣΤΟΡΙΩΝ
1154 144 1175 192 Ι

1826 144 1912 193 ΙΧ.
1938 156 1977 206 9

115 277 228 349 ραίῃ
267 280 354 342 τῆς
389 274 608 341 ὑστάτης
648 275 983 348 κατασ-τάσιος
1020 276 1312 342 μελλούσης
1351 276 1562 327 ἔσεσθαι
1600 277 2063 331 Χίλεοςιψωκὲιμα
2089 291 2128 345 q,

114 361 235 428 ἀνὴρ
266 359 533 428 Τεγεήτης,
568 361 837 427 δυνάμενος
867 363 921 413 ἐν
952 363 1283 427 Λακεδαίμονι
1312 360 1558 427 μέγιστον
1587 358 1779 425 ξείνων,

113 450 212 497 τῶν
259 446 455 512 ἐφόρων
502 446 713 498 ἐπύθετο
760 445 922 498 πάντα
968 447 1140 514 λόγον,
1191 446 1278 497 τὸν
1324 445 1382 510 δὴ
1432 448 1478 498 οἳ
1526 445 1783 510 Ἀθηναῖοι

113 530 307 597 ἔλεγον.
382 530 599 584 ἀκούσας
636 534 690 584 δὲ
724 526 915 597 [ταῦτα]
948 531 974 581 6
1005 533 1189 584 Χίλεος
1219 531 1364 598 ἔλεγε
1393 530 1487 597 ἄρα
1519 537 1615 596 σφι
1645 529 1781 582 τάδε·

63 635 86 677 5
113 614 286 667 Οὕτως
337 614 459 683 ἔχει,
511 614 683 683 ἄνδρες
728 614 918 683 ἔφοροι·
978 614 1258 680 Ἀθηναίωι)
1308 616 1428 681 ἡμῖν
1480 615 1665 667 ἐόντων
1714 614 1781 680 μὴ

113 699 349 766 ἀρθμίων,
395 704 463 770 τῷ
513 702 565 752 δὲ
612 700 858 770 βαρβάρῳ
904 700 1198 769 συμμάχων,
1245 701 1419 766 καίπερ
1462 701 1657 768 τείχεος
1701 701 1782 751 διὰ

1810 350 1891 379 Β
1909 337 2132 375 Μίνω.

2082 385 2132 407 Μ

1821 547 1847 579 2

111 787 200 835 τοῦ
226 782 431 849 Ἰσθμοῦ
468 783 783 851 ἐληλαμένου
823 790 1071 852 καρτεροῦ,
1103 784 1323 852 μεγάλαι
1365 783 1620 853 κλισιάδες
1661 778 2073 848 ἆνα-οῬωρ-ιφ·

111 867 384 920 πεπτέαται
415 870 465 922 ἐς
495 868 584 933 τὴν
617 870 1014 935 Πελοπόννησον
1044 874 1112 940 τῷ
1148 869 1340 942 Πέρσῃ.
1418 868 1534 921 ἀλλ’
1571 870 1776 921 ἐσακού-

112 973 252 1012 σατε,
294 954 410 1020 πρίν
450 975 498 1006 τι
540 952 671 1006 ἄλλο
716 953 1031 1019 Ἀθηναίοισι
1075 953 1215 1020 δόξαι
1262 953 1479 1022 σφάλμα
1523 952 1679 1022 φέρον
1722 955 1782 1026 τῇ

42 1055 88 1084 10
109 1035 336 1090 Ἑλλάδι.
426 1039 452 1089 6
501 1037 594 1104 μέν
646 1045 743 1106 σφι
795 1043 950 1091 ταῦτα
1010 1040 1364 1105 συνεβούλευε·
1431 1041 1477 1091 οἱ
1529 1041 1582 1091 δὲ
1634 1039 1781 1106 φρενὶ

109 1122 361 1187 λαβόντες
377 1122 464 1175 τὸν
483 1123 641 1191 λόγον
666 1123 855 1183 αὐτίκα,
879 1122 1168 1192 φράσαντες
1188 1124 1331 1176 οὐδὲν
1354 1128 1489 1176 τοῖσι
1513 1122 1782 1191 ἀγγέλοισι

110 1210 244 1258 τοῖσι
279 1206 601 1274 ἀπιγμένοισι
635 1207 734 1260 ἀπὸ
769 1213 869 1260 τῶν
905 1210 1113 1268 πολίων,
1149 1207 1323 1262 νυκτὸς
1359 1208 1433 1260 ἔτι
1469 1207 1781 1274 ἐκπέμπουσι

109 1292 907 1360 πεντακισχιλίουςΣπαρτιητέων
917 1288 1014 1360 [καὶ
1036 1295 1161 1346 ἑπτὰ
1180 1293 1292 1361 περὶ
1312 1294 1525 1345 ἕκαστον
1544 1289 1782 1356 τάξαντες

109 1380 208 1428 τῶν
259 1374 513 1443 εἶλῶτων],
562 1377 829 1449 Παυσανίῃ
881 1382 948 1448 τῷ
1002 1378 1365 1445 Κλεομβρότου
1419 1377 1781 1445 ἐπιτρέψαντες

38 1477 85 1519 15
112 1457 322 1528 ἐξάγειν.
415 1461 606 1528 ἐγίνετο
650 1461 743 1527 μέν
788 1483 875 1514 νυν
918 1462 948 1528 ἡ
993 1462 1230 1529 ἡγεμονίη
1287 1461 1645 1531 Πλειστάρχου
1695 1466 1782 1514 τοῦ

109 1545 384 1598 Λεωνίδεω·
432 1544 550 1597 ἀλλ’
586 1546 612 1596 6
647 1549 738 1612 μὲν
774 1544 834 1611 ἦν
872 1546 945 1598 ἔτι
985 1550 1118 1606 παῖς,
1154 1548 1180 1598 ὁ
1210 1549 1263 1599 δὲ
1303 1547 1478 1599 τούτου
1519 1548 1783 1613 ἐπίτροπός

109 1649 164 1682 τε
195 1630 273 1682 ,καὶ
304 1630 531 1697 ἀνεψιός.
606 1630 963 1698 Κλεόμβροτος
985 1633 1082 1698 γὰρ
1107 1632 1133 1681 ὁ
1156 1631 1455 1684 Παυσανίεω
1485 1633 1578 1696 μὲν
1601 1629 1779 1699 πατήρ,

111 1712 504 1781 Ἀναξανδρίδεω
549 1716 604 1767 δὲ
648 1719 764 1768 παῖς
808 1714 972 1767 οὐκέτι
1016 1718 1208 1781 περιῆν,
1252 1715 1368 1768 ἀλλ’
1410 1716 1685 1783 ἀπαγαγὼν
1727 1718 1781 1767 ἐκ

109 1802 196 1850 τοῦ
237 1797 442 1864 Ἰσθμοῦ
487 1799 579 1863 τὴν
624 1798 864 1867 στρατιὴν
909 1799 1000 1864 τὴν
1046 1799 1103 1851 τὸ
1152 1805 1321 1868 τεῖχος
1369 1802 1610 1866 δείμασαν
1656 1802 1782 1866 μετὰ

35 1904 85 1932 20
108 1886 260 1934 ταῦτα
299 1882 355 1934 οὗ
395 1884 591 1935 πολλόν
631 1905 742 1936 τινα
784 1884 968 1952 χρόνον
1009 1884 1154 1950 βιοὺς
1197 1883 1431 1936 ἀπέθανε.
1519 1885 1684 1952 ἀπῆγε
1729 1887 1782 1937 δὲ

108 1966 200 2030 τὴν
247 1967 485 2034 στρατιὴν
534 1968 560 2018 6
609 1969 964 2037 Κλεόμβροτος
1018 1971 1071 2021 ἐκ
1121 1973 1208 2020 τοῦ
1260 1968 1464 2035 Ἰσθμοῦ
1515 1971 1596 2021 διὰ
1648 1970 1778 2021 τόδε·

110 2050 329 2122 θυομένῳ
361 2054 406 2105 οἱ
439 2052 520 2104 ἐπὶ
554 2057 620 2123 τῷ
662 2051 842 2125 Πέρσῃ
873 2054 899 2103 ὁ
927 2053 1070 2118 ἥλιος
1106 2053 1371 2121 ἀμαυρώθη
1407 2055 1459 2106 ἐν
1489 2053 1558 2123 τῷ
1580 2053 1778 2124 οὐρανῷ.

108 2135 462 2202 προσαιρέεται
484 2139 538 2190 δὲ
562 2138 724 2208 ἑωυτῷ
754 2138 1047 2203 Παυσανίης
1072 2137 1396 2206 Εὐρυάνακτα
1424 2137 1512 2191 τὸν
1540 2137 1775 2206 Δωριέος,

107 2218 262 2287 ἄνδρα
302 2221 457 2286 οἰκίης
497 2221 645 2274 ἐόντα
683 2224 770 2286 τῆς
811 2221 974 2287 αὐτῆς.
1058 2225 1102 2275 οἱ
1143 2225 1235 2288 μὲν
1280 2221 1337 2287 δὴ
1382 2222 1476 2274 σὺν
1513 2223 1778 2294 Παυσανίῃ

34 2326 82 2367 25
108 2301 478 2369 ἐξεληλύθεσαν
536 2305 631 2371 ἔξω
690 2305 932 2373 Σπάρτης·
1003 2308 1048 2359 οἱ
1107 2309 1162 2359 δὲ
1223 2306 1448 2374 ἄγγελοι,
1501 2307 1565 2361 ὡς
1621 2306 1776 2373 ἡμέρη

108 2389 352 2456 ἐγεγόνεε,
386 2389 527 2442 οὐδὲν
560 2391 744 2444 εἰδότες
785 2391 898 2457 περὶ
934 2394 1021 2456 τῆς
1063 2388 1237 2455 ἐξόδου
1282 2393 1504 2455 ἐπῆλθον
1544 2391 1625 2443 ἐπὶ
1664 2391 1777 2444 τοὺς

108 2473 334 2540 ἐφόρους,
369 2476 423 2527 ἐν
458 2475 555 2545 νόῳ
593 2474 652 2539 δὴ
689 2474 897 2544 ἔχοντες
933 2475 1363 2528 ἀπαλλάσσεσθαι
1407 2476 1485 2527 καὶ
1523 2475 1661 2527 αὐτοὶ
1696 2475 1776 2527 ἐπὶ

165 2624 183 2650 1
228 2612 410 2654 Χείλεως
447 2613 556 2653 Plut.
593 2626 698 2653 mor.
736 2615 813 2664 871
983 2628 1008 2663 4
1050 2617 1182 2655 ταῦτα
1217 2626 1300 2653 om.
1340 2613 1485 2652 ABC
1650 2625 1675 2662 5
1717 2615 1775 2664 μὴ

106 2665 254 2708 ἐόντων
289 2667 328 2706 R
347 2667 431 2706 SV
612 2669 639 2706 6
677 2671 779 2709 τῶδε
814 2673 872 2710 nt>
909 2669 945 2707 R
966 2669 1051 2708 SV
1244 2680 1265 2716 7
1310 2668 1628 2709 ἀναπεπταίαται
1661 2667 1771 2706 ΑῙΒ

103 2721 130 2760 8
161 2721 404 2763 ἐσακούσετε
428 2722 462 2760 Β
614 2720 665 2762 Ῑὸ
696 2725 739 2764 ἐν
761 2725 874 2776 φρενὶ
899 2723 937 2762 R
952 2723 1034 2762 SV
1187 2734 1234 2770 13
1266 2722 1614 2774 πεντακισχιλίων
1637 2721 1676 2760 R
1692 2722 1775 2761 SV

103 2777 169 2817 καὶ
193 2806 201 2815 .
226 2806 235 2816 .
262 2805 272 2815 .
300 2778 478 2819 εἱλώτων
496 2789 577 2817 om.
603 2777 643 2816 R
658 2777 738 2816 SV
852 2790 899 2828 14
931 2777 1191 2830 ἐπιτάξαντες
1213 2776 1253 2814 Α
1269 2776 1303 2815 Β
1323 2776 1357 2815 C
1373 2776 1407 2814 P
1522 2788 1571 2826 15
1607 2777 1774 2829 ἐγένετο

103 2829 142 2869 Α
156 2830 190 2869 Β
204 2831 237 2870 C
254 2830 284 2869 S
396 2849 465 2873 νυν
480 2845 563 2871 om.
581 2831 620 2870 A
634 2832 668 2869 B
686 2832 719 2870 C
736 2833 768 2870 P
909 2844 955 2882 17
987 2833 1143 2883 ἀνεψιὸς
1161 2830 1460 2881 Κλεόμβροτος·
1487 2830 1773 2886 Κλεόμβροτος

105 2884 196 2924 RV
330 2886 428 2939 γὰρ]
449 2885 524 2938 μὲν
545 2886 580 2926 C
774 2899 823 2937 19
852 2887 922 2926 alt.
948 2887 1027 2936 τὴν
1048 2899 1128 2925 om.
1158 2886 1191 2924 C
1207 2885 1244 2924 R
1262 2885 1343 2924 SV
1541 2898 1595 2925 20
1623 2885 1775 2939 χρόνον

102 2941 194 2981 τινὰ
215 2939 253 2978 Α
267 2940 302 2979 Β
317 2941 350 2980 C
366 2941 400 2980 P
515 2940 703 2994 ἀπήγαγε
725 2941 862 2980 Cobet
1028 2954 1080 2990 23
1109 2938 1369 2992 προσερέεται
1395 2939 1434 2978 R
1451 2939 1490 2978 V
1602 2943 1623 2981 ὁ
1643 2947 1772 2989 ssavo,

105 2993 143 3032 R
159 2993 188 3032 S
202 2994 239 3032 V
403 3008 455 3044 25
487 2995 789 3047 ἐξεληλύθησαν
809 2994 844 3034 C
1010 2996 1064 3032 26
1093 2994 1245 3035 ἰδόντες
1267 2992 1302 3031 C

159 3082 261 3111 Ηοτ.
286 3082 330 3109 11.
1558 3070 1613 3111 22

1820 1053 1879 1089 10

1820 1483 1846 1516 2

1818 1900 1844 1943 3

1817 2322 1861 2355 11
