<?xml version="1.0" encoding="UTF-8"?>
<!DOCTYPE html PUBLIC "-//W3C//DTD XHTML 1.0 Transitional//EN"
    "http://www.w3.org/TR/xhtml1/DTD/xhtml1-transitional.dtd">
<html xmlns="http://www.w3.org/1999/xhtml" xml:lang="en" lang="en">
 <head>
  <title>
</title>
<meta http-equiv="Content-Type" content="text/html;charset=utf-8" />
  <meta name='ocr-system' content='tesseract 3.04.00' />
  <meta name='ocr-capabilities' content='ocr_page ocr_carea ocr_par ocr_line ocrx_word'/>
</head>
<body>
  <div class='ocr_page' id='page_1' title='image "./herodotihistoria02herouoft_0045.png"; bbox 0 0 2034 3328; ppageno 0'>
   <div class='ocr_carea' id='block_1_1' title="bbox 734 124 2000 191">
    <p class='ocr_par' dir='ltr' id='par_1_1' title="bbox 734 124 2000 191">
     <span class='ocr_line' id='line_1_1' title="bbox 734 124 2000 191; baseline 0.005 -18"><span class='ocrx_word' id='word_1_1' title='bbox 734 124 1109 175; x_wconf 73' lang='grc' dir='ltr'>ΙΣΤΟΡΙΩΝ</span> <span class='ocrx_word' id='word_1_2' title='bbox 1173 126 1212 175; x_wconf 79' lang='grc' dir='ltr'>Ε</span> <span class='ocrx_word' id='word_1_3' title='bbox 1662 146 1673 153; x_wconf 86' lang='grc'><em>·</em></span> <span class='ocrx_word' id='word_1_4' title='bbox 1845 128 1907 178; x_wconf 90' lang='lat' dir='ltr'>V.</span> <span class='ocrx_word' id='word_1_5' title='bbox 1930 133 2000 191; x_wconf 82' lang='lat'>70·</span> 
     </span>
    </p>
   </div>
   <div class='ocr_carea' id='block_1_2' title="bbox 142 254 1809 326">
    <p class='ocr_par' dir='ltr' id='par_1_2' title="bbox 142 254 1809 326">
     <span class='ocr_line' id='line_1_2' title="bbox 142 254 1809 326; baseline 0.001 -16"><span class='ocrx_word' id='word_1_6' title='bbox 142 262 312 325; x_wconf 85' lang='grc' dir='ltr'>πρῶτα</span> <span class='ocrx_word' id='word_1_7' title='bbox 334 254 543 323; x_wconf 77' lang='grc' dir='ltr'>πέμπων</span> <span class='ocrx_word' id='word_1_8' title='bbox 565 259 592 308; x_wconf 99' lang='lat'><em>6</em></span> <span class='ocrx_word' id='word_1_9' title='bbox 617 256 950 323; x_wconf 87' lang='grc' dir='ltr'>Κλεομένης’</span> <span class='ocrx_word' id='word_1_10' title='bbox 929 279 980 312; x_wconf 89' lang='grc' dir='ltr'>ες</span> <span class='ocrx_word' id='word_1_11' title='bbox 1001 260 1088 312; x_wconf 80' lang='grc' dir='ltr'>τὰς</span> <span class='ocrx_word' id='word_1_12' title='bbox 1111 257 1326 324; x_wconf 88' lang='grc' dir='ltr'>Ἀθήνας</span> <span class='ocrx_word' id='word_1_13' title='bbox 1352 257 1532 326; x_wconf 90' lang='grc' dir='ltr'>κήρυκα</span> <span class='ocrx_word' id='word_1_14' title='bbox 1557 257 1809 325; x_wconf 78' lang='grc' dir='ltr'>ἐξέβαλλε</span> 
     </span>
    </p>
   </div>
   <div class='ocr_carea' id='block_1_3' title="bbox 142 337 2034 525">
    <p class='ocr_par' dir='ltr' id='par_1_3' title="bbox 142 337 2034 503">
     <span class='ocr_line' id='line_1_3' title="bbox 142 337 2034 409; baseline 0 -14"><span class='ocrx_word' id='word_1_15' title='bbox 142 340 456 395; x_wconf 80' lang='grc' dir='ltr'>Κλεισθένεα</span> <span class='ocrx_word' id='word_1_16' title='bbox 487 341 567 394; x_wconf 89' lang='grc' dir='ltr'>καὶ</span> <span class='ocrx_word' id='word_1_17' title='bbox 596 341 701 408; x_wconf 84' lang='grc' dir='ltr'>μετ’</span> <span class='ocrx_word' id='word_1_18' title='bbox 733 341 880 394; x_wconf 83' lang='grc' dir='ltr'>αὐτοῦ</span> <span class='ocrx_word' id='word_1_19' title='bbox 909 341 1095 396; x_wconf 84' lang='grc' dir='ltr'>ἄλλους</span> <span class='ocrx_word' id='word_1_20' title='bbox 1126 343 1348 398; x_wconf 89' lang='grc' dir='ltr'>πολλοὺς</span> <span class='ocrx_word' id='word_1_21' title='bbox 1371 343 1667 409; x_wconf 88' lang='grc' dir='ltr'>Ἀθηναίων,</span> <span class='ocrx_word' id='word_1_22' title='bbox 1694 337 2034 399; x_wconf 40' lang='lat' dir='ltr'>vobem&amp;</span> 
     </span>
     <span class='ocr_line' id='line_1_4' title="bbox 142 401 2034 525; baseline 0.001 -46"><span class='ocrx_word' id='word_1_23' title='bbox 142 425 349 495; x_wconf 63' lang='grc' dir='ltr'>ἐναγέας</span> <span class='ocrx_word' id='word_1_24' title='bbox 379 424 646 494; x_wconf 75' lang='grc' dir='ltr'>ἐπιλέγων.</span> <span class='ocrx_word' id='word_1_25' title='bbox 719 431 872 479; x_wconf 84' lang='grc' dir='ltr'>ταῦτα</span> <span class='ocrx_word' id='word_1_26' title='bbox 902 429 956 480; x_wconf 90' lang='grc' dir='ltr'>δε</span> <span class='ocrx_word' id='word_1_27' title='bbox 985 426 1194 493; x_wconf 85' lang='grc' dir='ltr'>πέμπων</span> <span class='ocrx_word' id='word_1_28' title='bbox 1225 428 1371 496; x_wconf 86' lang='grc' dir='ltr'>ἔλεγε</span> <span class='ocrx_word' id='word_1_29' title='bbox 1400 430 1454 480; x_wconf 93' lang='grc' dir='ltr'>ἐκ</span> <span class='ocrx_word' id='word_1_30' title='bbox 1486 430 1692 496; x_wconf 91' lang='grc' dir='ltr'>διδαχης</span> <span class='ocrx_word' id='word_1_31' title='bbox 1721 401 2034 525; x_wconf 24' lang='lat' dir='ltr'>refigat-w</span> 
     </span>
    </p>
   </div>
   <div class='ocr_carea' id='block_1_4' title="bbox 0 507 2034 2695">
    <p class='ocr_par' dir='ltr' id='par_1_4' title="bbox 141 507 1807 580">
     <span class='ocr_line' id='line_1_5' title="bbox 141 507 1807 580; baseline 0.002 -18.044"><span class='ocrx_word' id='word_1_32' title='bbox 141 507 534 579; x_wconf 83' lang='grc' dir='ltr'>Ἰσαγόρεω·οῑ</span> <span class='ocrx_word' id='word_1_33' title='bbox 578 514 671 577; x_wconf 82' lang='grc' dir='ltr'>μὲν</span> <span class='ocrx_word' id='word_1_34' title='bbox 701 514 796 580; x_wconf 81' lang='grc' dir='ltr'>γὰρ</span> <span class='ocrx_word' id='word_1_35' title='bbox 840 511 1201 578; x_wconf 86' lang='grc' dir='ltr'>Ἀλκμεωνίδαι</span> <span class='ocrx_word' id='word_1_36' title='bbox 1247 513 1327 565; x_wconf 90' lang='grc' dir='ltr'>καὶ</span> <span class='ocrx_word' id='word_1_37' title='bbox 1371 515 1417 565; x_wconf 84' lang='grc' dir='ltr'>οἱ</span> <span class='ocrx_word' id='word_1_38' title='bbox 1463 519 1807 566; x_wconf 81' lang='grc' dir='ltr'>συστασιῶται</span> 
     </span>
    </p>

    <p class='ocr_par' dir='ltr' id='par_1_5' title="bbox 92 595 2032 1004">
     <span class='ocr_line' id='line_1_6' title="bbox 92 595 1806 701; baseline 0.002 -53"><span class='ocrx_word' id='word_1_39' title='bbox 92 621 114 660; x_wconf 86' lang='lat'>5</span> <span class='ocrx_word' id='word_1_40' title='bbox 125 595 301 649; x_wconf 82' lang='grc' dir='ltr'>ἀὐτῶν</span> <span class='ocrx_word' id='word_1_41' title='bbox 332 618 472 664; x_wconf 90' lang='grc' dir='ltr'>ειχον</span> <span class='ocrx_word' id='word_1_42' title='bbox 508 596 670 662; x_wconf 90' lang='grc' dir='ltr'>αιτίην</span> <span class='ocrx_word' id='word_1_43' title='bbox 707 602 792 648; x_wconf 83' lang='grc' dir='ltr'>τοῦ</span> <span class='ocrx_word' id='word_1_44' title='bbox 830 597 989 664; x_wconf 91' lang='grc' dir='ltr'>φόνου</span> <span class='ocrx_word' id='word_1_45' title='bbox 1024 597 1215 656; x_wconf 89' lang='grc' dir='ltr'>τούτου,</span> <span class='ocrx_word' id='word_1_46' title='bbox 1250 597 1395 652; x_wconf 85' lang='grc' dir='ltr'>αὐτὸς</span> <span class='ocrx_word' id='word_1_47' title='bbox 1431 600 1483 650; x_wconf 79' lang='grc' dir='ltr'>δὲ</span> <span class='ocrx_word' id='word_1_48' title='bbox 1515 597 1572 649; x_wconf 83' lang='grc' dir='ltr'>οὐ</span> <span class='ocrx_word' id='word_1_49' title='bbox 1606 603 1806 701; x_wconf 84' lang='grc' dir='ltr'>μετεῖχε</span> 
     </span>
     <span class='ocr_line' id='line_1_7' title="bbox 139 680 1895 750; baseline 0.001 -18"><span class='ocrx_word' id='word_1_50' title='bbox 139 680 241 733; x_wconf 81' lang='grc' dir='ltr'>οὐδ’</span> <span class='ocrx_word' id='word_1_51' title='bbox 272 703 319 734; x_wconf 91' lang='grc' dir='ltr'>οι</span> <span class='ocrx_word' id='word_1_52' title='bbox 355 683 500 749; x_wconf 92' lang='grc' dir='ltr'>φίλοι</span> <span class='ocrx_word' id='word_1_53' title='bbox 538 681 701 734; x_wconf 78' lang='grc' dir='ltr'>αὐτοῦ.</span> <span class='ocrx_word' id='word_1_54' title='bbox 779 684 824 734; x_wconf 85' lang='grc' dir='ltr'>οἱ</span> <span class='ocrx_word' id='word_1_55' title='bbox 862 680 904 732; x_wconf 91' lang='grc' dir='ltr'>δ</span> <span class='ocrx_word' id='word_1_56' title='bbox 939 681 1140 750; x_wconf 81' lang='grc' dir='ltr'>ἐναγέες</span> <span class='ocrx_word' id='word_1_57' title='bbox 1170 681 1450 747; x_wconf 90' lang='grc' dir='ltr'>Ἀθηναίων</span> <span class='ocrx_word' id='word_1_58' title='bbox 1480 683 1575 735; x_wconf 81' lang='grc' dir='ltr'>ὦδε</span> <span class='ocrx_word' id='word_1_59' title='bbox 1611 682 1803 749; x_wconf 87' lang='grc' dir='ltr'>ὠνομά-</span> <span class='ocrx_word' id='word_1_60' title='bbox 1841 693 1895 744; x_wconf 89' lang='lat'>71</span> 
     </span>
     <span class='ocr_line' id='line_1_8' title="bbox 141 764 1858 847; baseline 0.003 -30"><span class='ocrx_word' id='word_1_61' title='bbox 141 769 354 832; x_wconf 90' lang='grc' dir='ltr'>σθησαν·</span> <span class='ocrx_word' id='word_1_62' title='bbox 409 764 469 831; x_wconf 81' lang='grc' dir='ltr'>ἦν</span> <span class='ocrx_word' id='word_1_63' title='bbox 523 766 702 818; x_wconf 84' lang='grc' dir='ltr'>Κύλων</span> <span class='ocrx_word' id='word_1_64' title='bbox 754 770 853 818; x_wconf 81' lang='grc' dir='ltr'>τῶν</span> <span class='ocrx_word' id='word_1_65' title='bbox 898 765 1179 847; x_wconf 86' lang='grc' dir='ltr'>Ἀθηναίων</span> <span class='ocrx_word' id='word_1_66' title='bbox 1230 766 1355 834; x_wconf 86' lang='grc' dir='ltr'>ἆνηρ</span> <span class='ocrx_word' id='word_1_67' title='bbox 1398 766 1803 833; x_wconf 83' lang='grc' dir='ltr'>Ὀλυμπιονίκης.</span> <span class='ocrx_word' id='word_1_68' title='bbox 1855 795 1858 799; x_wconf 59' lang='grc'>’</span> 
     </span>
     <span class='ocr_line' id='line_1_9' title="bbox 138 846 2032 921; baseline -0.001 -19"><span class='ocrx_word' id='word_1_69' title='bbox 138 850 282 906; x_wconf 82' lang='grc' dir='ltr'>οὗτος</span> <span class='ocrx_word' id='word_1_70' title='bbox 313 850 394 904; x_wconf 86' lang='grc' dir='ltr'>ἐπὶ</span> <span class='ocrx_word' id='word_1_71' title='bbox 423 851 673 918; x_wconf 84' lang='grc' dir='ltr'>τυραννίδι</span> <span class='ocrx_word' id='word_1_72' title='bbox 705 851 938 921; x_wconf 67' lang='grc' dir='ltr'>ἐκόμησε,</span> <span class='ocrx_word' id='word_1_73' title='bbox 964 852 1439 919; x_wconf 80' lang='grc' dir='ltr'>προσποιησάμενος</span> <span class='ocrx_word' id='word_1_74' title='bbox 1469 855 1522 904; x_wconf 85' lang='grc' dir='ltr'>δὲ</span> <span class='ocrx_word' id='word_1_75' title='bbox 1554 854 1805 919; x_wconf 84' lang='grc' dir='ltr'>ἑταιρηίην</span> <span class='ocrx_word' id='word_1_76' title='bbox 1827 846 2032 901; x_wconf 58' lang='lat' dir='ltr'>We(</span> 
     </span>
     <span class='ocr_line' id='line_1_10' title="bbox 137 934 1806 1004; baseline 0 -16"><span class='ocrx_word' id='word_1_77' title='bbox 137 940 236 988; x_wconf 87' lang='grc' dir='ltr'>τῶν</span> <span class='ocrx_word' id='word_1_78' title='bbox 287 934 590 1001; x_wconf 85' lang='grc' dir='ltr'>ἡλικιωτέων</span> <span class='ocrx_word' id='word_1_79' title='bbox 636 941 944 1002; x_wconf 85' lang='grc' dir='ltr'>καταλαβεῖν</span> <span class='ocrx_word' id='word_1_80' title='bbox 988 958 1077 1001; x_wconf 93' lang='grc' dir='ltr'>την</span> <span class='ocrx_word' id='word_1_81' title='bbox 1123 937 1398 1003; x_wconf 85' lang='grc' dir='ltr'>ἀκρόπολιν</span> <span class='ocrx_word' id='word_1_82' title='bbox 1450 935 1700 1004; x_wconf 86' lang='grc' dir='ltr'>ἐπειρήθη,</span> <span class='ocrx_word' id='word_1_83' title='bbox 1748 936 1806 988; x_wconf 87' lang='grc' dir='ltr'>οὐ</span> 
     </span>
    </p>

    <p class='ocr_par' dir='ltr' id='par_1_6' title="bbox 65 1018 2034 1427">
     <span class='ocr_line' id='line_1_11' title="bbox 65 1018 1802 1089; baseline 0.002 -19"><span class='ocrx_word' id='word_1_84' title='bbox 65 1041 115 1072; x_wconf 82' lang='grc' dir='ltr'>ιο</span> <span class='ocrx_word' id='word_1_85' title='bbox 138 1018 408 1086; x_wconf 91' lang='grc' dir='ltr'>δυνάμενος</span> <span class='ocrx_word' id='word_1_86' title='bbox 453 1023 506 1073; x_wconf 78' lang='grc' dir='ltr'>δὲ</span> <span class='ocrx_word' id='word_1_87' title='bbox 550 1021 878 1088; x_wconf 84' lang='grc' dir='ltr'>ἐπικρατῆσαι</span> <span class='ocrx_word' id='word_1_88' title='bbox 928 1019 1089 1086; x_wconf 83' lang='grc' dir='ltr'>ἱκέτης</span> <span class='ocrx_word' id='word_1_89' title='bbox 1137 1021 1267 1085; x_wconf 79' lang='grc' dir='ltr'>ἵζετο</span> <span class='ocrx_word' id='word_1_90' title='bbox 1310 1025 1433 1089; x_wconf 85' lang='grc' dir='ltr'>πρὸς</span> <span class='ocrx_word' id='word_1_91' title='bbox 1479 1021 1536 1073; x_wconf 88' lang='grc' dir='ltr'>τὸ</span> <span class='ocrx_word' id='word_1_92' title='bbox 1582 1020 1802 1089; x_wconf 84' lang='grc' dir='ltr'>ἄγαλμα.</span> 
     </span>
     <span class='ocr_line' id='line_1_12' title="bbox 137 1104 1867 1174; baseline 0.001 -17"><span class='ocrx_word' id='word_1_93' title='bbox 137 1104 340 1159; x_wconf 85' lang='grc' dir='ltr'>τούτους</span> <span class='ocrx_word' id='word_1_94' title='bbox 375 1106 614 1158; x_wconf 80' lang='grc' dir='ltr'>ἀνιστᾶσι</span> <span class='ocrx_word' id='word_1_95' title='bbox 648 1107 742 1171; x_wconf 80' lang='grc' dir='ltr'>μὲν</span> <span class='ocrx_word' id='word_1_96' title='bbox 780 1108 825 1158; x_wconf 82' lang='grc' dir='ltr'>οἱ</span> <span class='ocrx_word' id='word_1_97' title='bbox 863 1104 1123 1173; x_wconf 86' lang='grc' dir='ltr'>πρυτάνιες</span> <span class='ocrx_word' id='word_1_98' title='bbox 1159 1110 1258 1158; x_wconf 82' lang='grc' dir='ltr'>τῶν</span> <span class='ocrx_word' id='word_1_99' title='bbox 1294 1104 1594 1173; x_wconf 87' lang='grc' dir='ltr'>ναυκράρων,</span> <span class='ocrx_word' id='word_1_100' title='bbox 1629 1108 1680 1158; x_wconf 83' lang='grc' dir='ltr'>οἵ</span> <span class='ocrx_word' id='word_1_101' title='bbox 1711 1128 1804 1174; x_wconf 92' lang='grc' dir='ltr'>περ</span> <span class='ocrx_word' id='word_1_102' title='bbox 1841 1125 1867 1158; x_wconf 87' lang='lat'>2</span> 
     </span>
     <span class='ocr_line' id='line_1_13' title="bbox 138 1174 2034 1279; baseline 0.001 -37"><span class='ocrx_word' id='word_1_103' title='bbox 138 1188 312 1256; x_wconf 84' lang='grc' dir='ltr'>ἔνεμον</span> <span class='ocrx_word' id='word_1_104' title='bbox 331 1190 444 1242; x_wconf 92' lang='grc' dir='ltr'>τότε</span> <span class='ocrx_word' id='word_1_105' title='bbox 462 1191 550 1243; x_wconf 79' lang='grc' dir='ltr'>τὰς</span> <span class='ocrx_word' id='word_1_106' title='bbox 572 1188 803 1255; x_wconf 86' lang='grc' dir='ltr'>Ἀθήνας,</span> <span class='ocrx_word' id='word_1_107' title='bbox 824 1190 1101 1258; x_wconf 53' lang='grc' dir='ltr'>ὑπεγγύους</span> <span class='ocrx_word' id='word_1_108' title='bbox 1124 1189 1258 1254; x_wconf 76' lang='grc' dir='ltr'>πλὴν</span> <span class='ocrx_word' id='word_1_109' title='bbox 1283 1189 1510 1242; x_wconf 89' lang='grc' dir='ltr'>θανάτου·</span> <span class='ocrx_word' id='word_1_110' title='bbox 1558 1195 1805 1258; x_wconf 80' lang='grc' dir='ltr'>φονεῦσαι</span> <span class='ocrx_word' id='word_1_111' title='bbox 1818 1174 2034 1279; x_wconf 44' lang='grc' dir='ltr'>ώμζξὲἐ</span> 
     </span>
     <span class='ocr_line' id='line_1_14' title="bbox 135 1240 2034 1343; baseline 0.001 -17"><span class='ocrx_word' id='word_1_112' title='bbox 135 1276 190 1326; x_wconf 79' lang='grc' dir='ltr'>δὲ</span> <span class='ocrx_word' id='word_1_113' title='bbox 220 1273 396 1329; x_wconf 82' lang='grc' dir='ltr'>αὐτοὺς</span> <span class='ocrx_word' id='word_1_114' title='bbox 433 1274 562 1339; x_wconf 81' lang='grc' dir='ltr'>αἰτίη</span> <span class='ocrx_word' id='word_1_115' title='bbox 595 1274 702 1342; x_wconf 84' lang='grc' dir='ltr'>ἔχει</span> <span class='ocrx_word' id='word_1_116' title='bbox 731 1274 1114 1340; x_wconf 87' lang='grc' dir='ltr'>Ἀλκμεωνίδας.</span> <span class='ocrx_word' id='word_1_117' title='bbox 1189 1279 1343 1326; x_wconf 84' lang='grc' dir='ltr'>ταῦτα</span> <span class='ocrx_word' id='word_1_118' title='bbox 1379 1274 1474 1343; x_wconf 87' lang='grc' dir='ltr'>πρὸ</span> <span class='ocrx_word' id='word_1_119' title='bbox 1504 1278 1591 1340; x_wconf 87' lang='grc' dir='ltr'>τῆς</span> <span class='ocrx_word' id='word_1_120' title='bbox 1623 1240 1898 1328; x_wconf 52' lang='lat' dir='ltr'>Ham-“⁸⁸25</span> <span class='ocrx_word' id='word_1_121' title='bbox 1974 1284 2034 1310; x_wconf 52' lang='grc' dir='ltr'>Μ*</span> 
     </span>
     <span class='ocr_line' id='line_1_15' title="bbox 137 1357 826 1427; baseline 0 -17"><span class='ocrx_word' id='word_1_122' title='bbox 137 1357 353 1426; x_wconf 88' lang='grc' dir='ltr'>στράτου</span> <span class='ocrx_word' id='word_1_123' title='bbox 382 1359 578 1424; x_wconf 87' lang='grc' dir='ltr'>ἡλικίης</span> <span class='ocrx_word' id='word_1_124' title='bbox 609 1358 826 1427; x_wconf 91' lang='grc' dir='ltr'>ἐγένετο.</span> 
     </span>
    </p>

    <p class='ocr_par' dir='ltr' id='par_1_7' title="bbox 66 1442 2034 1682">
     <span class='ocr_line' id='line_1_16' title="bbox 66 1442 1983 1512; baseline 0.002 -15"><span class='ocrx_word' id='word_1_125' title='bbox 66 1468 110 1509; x_wconf 88' lang='lat'>15</span> <span class='ocrx_word' id='word_1_126' title='bbox 219 1442 506 1509; x_wconf 88' lang='grc' dir='ltr'>Κλεομένης</span> <span class='ocrx_word' id='word_1_127' title='bbox 536 1446 591 1496; x_wconf 80' lang='grc' dir='ltr'>δὲ</span> <span class='ocrx_word' id='word_1_128' title='bbox 622 1443 686 1498; x_wconf 83' lang='grc' dir='ltr'>ὡς</span> <span class='ocrx_word' id='word_1_129' title='bbox 715 1443 923 1510; x_wconf 90' lang='grc' dir='ltr'>πέμπων</span> <span class='ocrx_word' id='word_1_130' title='bbox 947 1442 1199 1510; x_wconf 80' lang='grc' dir='ltr'>ἐξέβαλλε</span> <span class='ocrx_word' id='word_1_131' title='bbox 1232 1444 1546 1498; x_wconf 89' lang='grc' dir='ltr'>Κλεισθένεα</span> <span class='ocrx_word' id='word_1_132' title='bbox 1577 1446 1655 1498; x_wconf 86' lang='grc' dir='ltr'>καὶ</span> <span class='ocrx_word' id='word_1_133' title='bbox 1685 1444 1800 1499; x_wconf 85' lang='grc' dir='ltr'>τοὺς</span> <span class='ocrx_word' id='word_1_134' title='bbox 1835 1460 1901 1512; x_wconf 84' lang='lat'>72</span> <span class='ocrx_word' id='word_1_135' title='bbox 1980 1498 1983 1501; x_wconf 85' lang='lat'>.</span> 
     </span>
     <span class='ocr_line' id='line_1_17' title="bbox 135 1523 2034 1598; baseline 0.003 -19"><span class='ocrx_word' id='word_1_136' title='bbox 135 1527 357 1595; x_wconf 89' lang='grc' dir='ltr'>ἐναγέας,</span> <span class='ocrx_word' id='word_1_137' title='bbox 404 1527 714 1594; x_wconf 89' lang='grc' dir='ltr'>Κλεισθένης</span> <span class='ocrx_word' id='word_1_138' title='bbox 757 1531 848 1592; x_wconf 83' lang='grc' dir='ltr'>μὲν</span> <span class='ocrx_word' id='word_1_139' title='bbox 888 1529 1034 1592; x_wconf 85' lang='grc' dir='ltr'>αὐτὸς</span> <span class='ocrx_word' id='word_1_140' title='bbox 1077 1526 1345 1598; x_wconf 63' lang='grc' dir='ltr'>ὑπεξέσχε·</span> <span class='ocrx_word' id='word_1_141' title='bbox 1391 1532 1517 1596; x_wconf 79' lang='grc' dir='ltr'>μετὰ</span> <span class='ocrx_word' id='word_1_142' title='bbox 1560 1532 1613 1583; x_wconf 84' lang='grc' dir='ltr'>δὲ</span> <span class='ocrx_word' id='word_1_143' title='bbox 1658 1530 1799 1583; x_wconf 82' lang='grc' dir='ltr'>οὐδεν</span> <span class='ocrx_word' id='word_1_144' title='bbox 1839 1523 2034 1575; x_wconf 54' lang='lat' dir='ltr'><em>M</em></span> 
     </span>
     <span class='ocr_line' id='line_1_18' title="bbox 133 1611 1798 1686; baseline 0.002 -24"><span class='ocrx_word' id='word_1_145' title='bbox 133 1611 299 1677; x_wconf 84' lang='grc' dir='ltr'>ἧσσον</span> <span class='ocrx_word' id='word_1_146' title='bbox 334 1615 497 1679; x_wconf 89' lang='grc' dir='ltr'>παρῆν</span> <span class='ocrx_word' id='word_1_147' title='bbox 535 1614 586 1666; x_wconf 92' lang='grc' dir='ltr'>ἐς</span> <span class='ocrx_word' id='word_1_148' title='bbox 626 1615 715 1667; x_wconf 78' lang='grc' dir='ltr'>τὰς</span> <span class='ocrx_word' id='word_1_149' title='bbox 752 1611 968 1678; x_wconf 86' lang='grc' dir='ltr'>Ἀθήνας</span> <span class='ocrx_word' id='word_1_150' title='bbox 999 1614 1024 1664; x_wconf 92' lang='lat'><em>6</em></span> <span class='ocrx_word' id='word_1_151' title='bbox 1056 1613 1343 1680; x_wconf 89' lang='grc' dir='ltr'>Κλεομένης</span> <span class='ocrx_word' id='word_1_152' title='bbox 1378 1614 1435 1666; x_wconf 86' lang='grc' dir='ltr'>οὐ</span> <span class='ocrx_word' id='word_1_153' title='bbox 1475 1614 1569 1667; x_wconf 83' lang='grc' dir='ltr'>σὺν</span> <span class='ocrx_word' id='word_1_154' title='bbox 1603 1613 1798 1686; x_wconf 89' lang='grc' dir='ltr'>μεγάλη</span> 
     </span>
    </p>

    <p class='ocr_par' dir='ltr' id='par_1_8' title="bbox 0 1691 2034 1851">
     <span class='ocr_line' id='line_1_19' title="bbox 0 1691 2034 1766; baseline 0.001 -18"><span class='ocrx_word' id='word_1_155' title='bbox 0 1691 80 1742; x_wconf 54' lang='lat'>¹⁴⁸4</span> <span class='ocrx_word' id='word_1_156' title='bbox 133 1699 280 1766; x_wconf 88' lang='grc' dir='ltr'>χειρί,</span> <span class='ocrx_word' id='word_1_157' title='bbox 302 1697 598 1763; x_wconf 79' lang='grc' dir='ltr'>ἀπικόμενος</span> <span class='ocrx_word' id='word_1_158' title='bbox 617 1700 670 1749; x_wconf 83' lang='grc' dir='ltr'>δὲ</span> <span class='ocrx_word' id='word_1_159' title='bbox 691 1697 960 1766; x_wconf 51' lang='grc' dir='ltr'>ἀγηλατέει</span> <span class='ocrx_word' id='word_1_160' title='bbox 983 1699 1260 1751; x_wconf 82' lang='grc' dir='ltr'>ἑπτακόσια</span> <span class='ocrx_word' id='word_1_161' title='bbox 1279 1699 1482 1766; x_wconf 54' lang='grc' dir='ltr'>ἐπί-ο-,τια</span> <span class='ocrx_word' id='word_1_162' title='bbox 1500 1699 1795 1764; x_wconf 89' lang='grc' dir='ltr'>Ἀθηναίων,</span> <span class='ocrx_word' id='word_1_163' title='bbox 1816 1695 2034 1746; x_wconf 51' lang='lat' dir='ltr'>uma-,hu</span> 
     </span>
     <span class='ocr_line' id='line_1_20' title="bbox 132 1780 1797 1851; baseline 0.001 -18"><span class='ocrx_word' id='word_1_164' title='bbox 132 1780 195 1833; x_wconf 86' lang='grc' dir='ltr'>τά</span> <span class='ocrx_word' id='word_1_165' title='bbox 225 1784 271 1834; x_wconf 79' lang='grc' dir='ltr'>οἱ</span> <span class='ocrx_word' id='word_1_166' title='bbox 302 1781 512 1835; x_wconf 86' lang='grc' dir='ltr'>ὑπέθετο</span> <span class='ocrx_word' id='word_1_167' title='bbox 543 1783 569 1833; x_wconf 95' lang='lat'><em>6</em></span> <span class='ocrx_word' id='word_1_168' title='bbox 601 1782 877 1850; x_wconf 87' lang='grc' dir='ltr'>Ἰσαγόρης.</span> <span class='ocrx_word' id='word_1_169' title='bbox 951 1787 1106 1834; x_wconf 81' lang='grc' dir='ltr'>ταῦτα</span> <span class='ocrx_word' id='word_1_170' title='bbox 1141 1785 1196 1835; x_wconf 81' lang='grc' dir='ltr'>δὲ</span> <span class='ocrx_word' id='word_1_171' title='bbox 1228 1781 1442 1847; x_wconf 90' lang='grc' dir='ltr'>ποιήσας</span> <span class='ocrx_word' id='word_1_172' title='bbox 1472 1784 1673 1851; x_wconf 91' lang='grc' dir='ltr'>δεύτερα</span> <span class='ocrx_word' id='word_1_173' title='bbox 1708 1783 1797 1848; x_wconf 81' lang='grc' dir='ltr'>τὴν</span> 
     </span>
    </p>

    <p class='ocr_par' dir='ltr' id='par_1_9' title="bbox 60 1866 1861 2274">
     <span class='ocr_line' id='line_1_21' title="bbox 60 1866 1796 1936; baseline 0.001 -17"><span class='ocrx_word' id='word_1_174' title='bbox 60 1890 110 1919; x_wconf 91' lang='lat'>20</span> <span class='ocrx_word' id='word_1_175' title='bbox 131 1866 328 1932; x_wconf 80' lang='grc' dir='ltr'>βουλὴν</span> <span class='ocrx_word' id='word_1_176' title='bbox 360 1867 622 1919; x_wconf 87' lang='grc' dir='ltr'>καταλύειν</span> <span class='ocrx_word' id='word_1_177' title='bbox 654 1868 899 1934; x_wconf 81' lang='grc' dir='ltr'>ἐπειρᾶτο,</span> <span class='ocrx_word' id='word_1_178' title='bbox 926 1869 1257 1934; x_wconf 86' lang='grc' dir='ltr'>τριηκοσίοισι</span> <span class='ocrx_word' id='word_1_179' title='bbox 1287 1869 1341 1919; x_wconf 83' lang='grc' dir='ltr'>δὲ</span> <span class='ocrx_word' id='word_1_180' title='bbox 1364 1873 1497 1920; x_wconf 82' lang='grc' dir='ltr'>τοῖσι</span> <span class='ocrx_word' id='word_1_181' title='bbox 1526 1867 1796 1936; x_wconf 89' lang='grc' dir='ltr'>Ἰσαγόρεω</span> 
     </span>
     <span class='ocr_line' id='line_1_22' title="bbox 132 1951 1861 2024; baseline 0.002 -21"><span class='ocrx_word' id='word_1_182' title='bbox 132 1951 448 2024; x_wconf 83' lang='grc' dir='ltr'>στασιώτῃσι</span> <span class='ocrx_word' id='word_1_183' title='bbox 491 1953 580 2005; x_wconf 79' lang='grc' dir='ltr'>τὰς</span> <span class='ocrx_word' id='word_1_184' title='bbox 625 1952 782 2019; x_wconf 83' lang='grc' dir='ltr'>ἆρχᾶς</span> <span class='ocrx_word' id='word_1_185' title='bbox 822 1952 1103 2020; x_wconf 81' lang='grc' dir='ltr'>ἐνεχείριζε.</span> <span class='ocrx_word' id='word_1_186' title='bbox 1193 1954 1577 2018; x_wconf 79' lang='grc' dir='ltr'>ἀντισταθείσης</span> <span class='ocrx_word' id='word_1_187' title='bbox 1617 1955 1671 2004; x_wconf 80' lang='grc' dir='ltr'>δὲ</span> <span class='ocrx_word' id='word_1_188' title='bbox 1710 1956 1798 2018; x_wconf 89' lang='grc' dir='ltr'>τῆς</span> <span class='ocrx_word' id='word_1_189' title='bbox 1835 1974 1861 2006; x_wconf 84' lang='grc'><strong>2</strong></span> 
     </span>
     <span class='ocr_line' id='line_1_23' title="bbox 131 2035 1796 2102; baseline 0.001 -15"><span class='ocrx_word' id='word_1_190' title='bbox 131 2038 324 2101; x_wconf 84' lang='grc' dir='ltr'>βουλῆς</span> <span class='ocrx_word' id='word_1_191' title='bbox 365 2036 444 2088; x_wconf 88' lang='grc' dir='ltr'>καὶ</span> <span class='ocrx_word' id='word_1_192' title='bbox 483 2035 540 2087; x_wconf 82' lang='grc' dir='ltr'>οὐ</span> <span class='ocrx_word' id='word_1_193' title='bbox 578 2035 894 2101; x_wconf 88' lang='grc' dir='ltr'>βουλομένης</span> <span class='ocrx_word' id='word_1_194' title='bbox 935 2037 1200 2088; x_wconf 90' lang='grc' dir='ltr'>πείθεσθαι</span> <span class='ocrx_word' id='word_1_195' title='bbox 1234 2037 1263 2088; x_wconf 87' lang='grc' dir='ltr'>ὅ</span> <span class='ocrx_word' id='word_1_196' title='bbox 1291 2058 1345 2089; x_wconf 92' lang='grc' dir='ltr'>τε</span> <span class='ocrx_word' id='word_1_197' title='bbox 1387 2037 1675 2102; x_wconf 89' lang='grc' dir='ltr'>Κλεομένης</span> <span class='ocrx_word' id='word_1_198' title='bbox 1717 2039 1796 2089; x_wconf 88' lang='grc' dir='ltr'>καὶ</span> 
     </span>
     <span class='ocr_line' id='line_1_24' title="bbox 132 2119 1796 2189; baseline 0.002 -19"><span class='ocrx_word' id='word_1_199' title='bbox 132 2121 159 2170; x_wconf 93' lang='lat'><em>6</em></span> <span class='ocrx_word' id='word_1_200' title='bbox 187 2119 450 2189; x_wconf 88' lang='grc' dir='ltr'>Ἰσαγόρης</span> <span class='ocrx_word' id='word_1_201' title='bbox 492 2121 570 2172; x_wconf 88' lang='grc' dir='ltr'>καὶ</span> <span class='ocrx_word' id='word_1_202' title='bbox 610 2123 656 2172; x_wconf 85' lang='grc' dir='ltr'>οἱ</span> <span class='ocrx_word' id='word_1_203' title='bbox 702 2125 980 2173; x_wconf 83' lang='grc' dir='ltr'>στασιῶται</span> <span class='ocrx_word' id='word_1_204' title='bbox 1024 2120 1173 2172; x_wconf 79' lang='grc' dir='ltr'>αὐτοῦ</span> <span class='ocrx_word' id='word_1_205' title='bbox 1217 2121 1662 2187; x_wconf 91' lang='grc' dir='ltr'>καταλαμβάνουσι</span> <span class='ocrx_word' id='word_1_206' title='bbox 1706 2121 1796 2186; x_wconf 79' lang='grc' dir='ltr'>τὴν</span> 
     </span>
     <span class='ocr_line' id='line_1_25' title="bbox 130 2204 1796 2274; baseline 0.002 -18"><span class='ocrx_word' id='word_1_207' title='bbox 130 2204 419 2272; x_wconf 84' lang='grc' dir='ltr'>ἀκρόπολιν.</span> <span class='ocrx_word' id='word_1_208' title='bbox 492 2204 770 2270; x_wconf 90' lang='grc' dir='ltr'>Ἀθηναίων</span> <span class='ocrx_word' id='word_1_209' title='bbox 807 2207 860 2257; x_wconf 80' lang='grc' dir='ltr'>δὲ</span> <span class='ocrx_word' id='word_1_210' title='bbox 895 2207 941 2258; x_wconf 82' lang='grc' dir='ltr'>οἱ</span> <span class='ocrx_word' id='word_1_211' title='bbox 980 2206 1150 2258; x_wconf 88' lang='grc' dir='ltr'>λοιποὶ</span> <span class='ocrx_word' id='word_1_212' title='bbox 1185 2207 1247 2257; x_wconf 81' lang='grc' dir='ltr'>τὰ</span> <span class='ocrx_word' id='word_1_213' title='bbox 1287 2206 1410 2258; x_wconf 79' lang='grc' dir='ltr'>αὐτὰ</span> <span class='ocrx_word' id='word_1_214' title='bbox 1449 2204 1796 2274; x_wconf 88' lang='grc' dir='ltr'>φρονήσαντες</span> 
     </span>
    </p>

    <p class='ocr_par' dir='ltr' id='par_1_10' title="bbox 59 2289 2012 2458">
     <span class='ocr_line' id='line_1_26' title="bbox 59 2289 1794 2362; baseline 0.001 -22"><span class='ocrx_word' id='word_1_215' title='bbox 59 2310 107 2352; x_wconf 86' lang='lat'>25</span> <span class='ocrx_word' id='word_1_216' title='bbox 131 2289 454 2357; x_wconf 90' lang='grc' dir='ltr'>ἐπολιόρκεον</span> <span class='ocrx_word' id='word_1_217' title='bbox 494 2289 671 2344; x_wconf 82' lang='grc' dir='ltr'>αὐτοὺς</span> <span class='ocrx_word' id='word_1_218' title='bbox 713 2289 898 2357; x_wconf 88' lang='grc' dir='ltr'>ἡμέρας</span> <span class='ocrx_word' id='word_1_219' title='bbox 942 2290 1162 2361; x_wconf 88' lang='grc' dir='ltr'>δύο·τῇ</span> <span class='ocrx_word' id='word_1_220' title='bbox 1208 2292 1260 2342; x_wconf 91' lang='grc' dir='ltr'>δε</span> <span class='ocrx_word' id='word_1_221' title='bbox 1303 2292 1442 2362; x_wconf 92' lang='grc' dir='ltr'>τρίτῃ</span> <span class='ocrx_word' id='word_1_222' title='bbox 1485 2291 1794 2344; x_wconf 81' lang='grc' dir='ltr'>ὑπόσπονδοι</span> 
     </span>
     <span class='ocr_line' id='line_1_27' title="bbox 130 2371 2034 2458; baseline 0.001 -33"><span class='ocrx_word' id='word_1_223' title='bbox 130 2371 474 2443; x_wconf 80' lang='grc' dir='ltr'>ἐξέρχονται’</span> <span class='ocrx_word' id='word_1_224' title='bbox 452 2397 506 2427; x_wconf 89' lang='grc' dir='ltr'>εκ</span> <span class='ocrx_word' id='word_1_225' title='bbox 542 2378 630 2440; x_wconf 90' lang='grc' dir='ltr'>τῆς</span> <span class='ocrx_word' id='word_1_226' title='bbox 665 2375 831 2443; x_wconf 82' lang='grc' dir='ltr'>χώρης</span> <span class='ocrx_word' id='word_1_227' title='bbox 869 2375 983 2427; x_wconf 86' lang='grc' dir='ltr'>ὅσοι</span> <span class='ocrx_word' id='word_1_228' title='bbox 1023 2373 1153 2440; x_wconf 82' lang='grc' dir='ltr'>ἦσαν</span> <span class='ocrx_word' id='word_1_229' title='bbox 1194 2374 1354 2427; x_wconf 83' lang='grc' dir='ltr'>αὐτῶν</span> <span class='ocrx_word' id='word_1_230' title='bbox 1394 2375 1791 2440; x_wconf 91' lang='grc' dir='ltr'>Λακεδαιμόνιοι.</span> <span class='ocrx_word' id='word_1_231' title='bbox 1799 2430 1869 2458; x_wconf 46' lang='lat' dir='ltr'>m</span> <span class='ocrx_word' id='word_1_232' title='bbox 1887 2410 2034 2457; x_wconf 46' lang='grc' dir='ltr'><em>Μ</em></span> 
     </span>
    </p>

    <p class='ocr_par' dir='ltr' id='par_1_11' title="bbox 0 2448 2034 2695">
     <span class='ocr_line' id='line_1_28' title="bbox 0 2448 2034 2543; baseline -0 -32"><span class='ocrx_word' id='word_1_233' title='bbox 0 2448 90 2543; x_wconf 45' lang='grc' dir='ltr'>δ’</span> <span class='ocrx_word' id='word_1_234' title='bbox 131 2456 423 2527; x_wconf 48' lang='grc' dir='ltr'>ἐπετζέετο</span> <span class='ocrx_word' id='word_1_235' title='bbox 450 2461 504 2511; x_wconf 82' lang='grc' dir='ltr'>δὲ</span> <span class='ocrx_word' id='word_1_236' title='bbox 535 2480 602 2528; x_wconf 63' lang='grc' dir='ltr'>τῳ</span> <span class='ocrx_word' id='word_1_237' title='bbox 635 2459 962 2525; x_wconf 63' lang='grc' dir='ltr'>Κλεομένεϊ</span> <span class='ocrx_word' id='word_1_238' title='bbox 940 2482 970 2525; x_wconf 82' lang='grc' dir='ltr'><em>ῃ</em></span> <span class='ocrx_word' id='word_1_239' title='bbox 1004 2457 1162 2527; x_wconf 74' lang='grc' dir='ltr'>φήμη·</span> <span class='ocrx_word' id='word_1_240' title='bbox 1208 2458 1274 2513; x_wconf 80' lang='grc' dir='ltr'>ὣς</span> <span class='ocrx_word' id='word_1_241' title='bbox 1304 2461 1399 2526; x_wconf 82' lang='grc' dir='ltr'>γὰρ</span> <span class='ocrx_word' id='word_1_242' title='bbox 1431 2457 1590 2525; x_wconf 84' lang='grc' dir='ltr'>ἀνέβη</span> <span class='ocrx_word' id='word_1_243' title='bbox 1623 2461 1674 2513; x_wconf 93' lang='grc' dir='ltr'>ἐς</span> <span class='ocrx_word' id='word_1_244' title='bbox 1703 2480 1793 2523; x_wconf 90' lang='grc' dir='ltr'>την</span> <span class='ocrx_word' id='word_1_245' title='bbox 1830 2477 1856 2521; x_wconf 88' lang='grc'><strong><em>3</em></strong></span> <span class='ocrx_word' id='word_1_246' title='bbox 1875 2470 2034 2505; x_wconf 61' lang='lat' dir='ltr'>‘elam</span> 
     </span>
     <span class='ocr_line' id='line_1_29' title="bbox 130 2540 1794 2611; baseline 0.001 -17"><span class='ocrx_word' id='word_1_247' title='bbox 130 2543 405 2611; x_wconf 86' lang='grc' dir='ltr'>ἀκρόπολιν</span> <span class='ocrx_word' id='word_1_248' title='bbox 437 2540 640 2609; x_wconf 88' lang='grc' dir='ltr'>μέλλων</span> <span class='ocrx_word' id='word_1_249' title='bbox 670 2543 729 2608; x_wconf 91' lang='grc' dir='ltr'>δη</span> <span class='ocrx_word' id='word_1_250' title='bbox 766 2543 919 2609; x_wconf 83' lang='grc' dir='ltr'>αὐτὴν</span> <span class='ocrx_word' id='word_1_251' title='bbox 950 2541 1308 2611; x_wconf 88' lang='grc' dir='ltr'>κατασχήσειν,</span> <span class='ocrx_word' id='word_1_252' title='bbox 1340 2565 1417 2607; x_wconf 92' lang='grc' dir='ltr'>ηιε</span> <span class='ocrx_word' id='word_1_253' title='bbox 1449 2545 1499 2597; x_wconf 93' lang='grc' dir='ltr'>ἐς</span> <span class='ocrx_word' id='word_1_254' title='bbox 1529 2543 1585 2594; x_wconf 87' lang='grc' dir='ltr'>τὸ</span> <span class='ocrx_word' id='word_1_255' title='bbox 1616 2543 1794 2595; x_wconf 85' lang='grc' dir='ltr'>ἄδυτον</span> 
     </span>
     <span class='ocr_line' id='line_1_30' title="bbox 129 2626 1794 2695; baseline -0.002 -13"><span class='ocrx_word' id='word_1_256' title='bbox 129 2629 216 2692; x_wconf 86' lang='grc' dir='ltr'>τῆς</span> <span class='ocrx_word' id='word_1_257' title='bbox 257 2631 372 2680; x_wconf 83' lang='grc' dir='ltr'>θεοῦ</span> <span class='ocrx_word' id='word_1_258' title='bbox 412 2627 477 2682; x_wconf 81' lang='grc' dir='ltr'>ὣς</span> <span class='ocrx_word' id='word_1_259' title='bbox 521 2627 826 2695; x_wconf 88' lang='grc' dir='ltr'>προσερέων·</span> <span class='ocrx_word' id='word_1_260' title='bbox 884 2629 914 2693; x_wconf 86' lang='grc' dir='ltr'>ἡ</span> <span class='ocrx_word' id='word_1_261' title='bbox 957 2631 1009 2681; x_wconf 78' lang='grc' dir='ltr'>δὲ</span> <span class='ocrx_word' id='word_1_262' title='bbox 1056 2628 1204 2694; x_wconf 82' lang='grc' dir='ltr'>ἱερείη</span> <span class='ocrx_word' id='word_1_263' title='bbox 1252 2626 1574 2692; x_wconf 80' lang='grc' dir='ltr'>ἐξαναστᾶσα</span> <span class='ocrx_word' id='word_1_264' title='bbox 1612 2630 1668 2680; x_wconf 88' lang='grc' dir='ltr'>ἐκ</span> <span class='ocrx_word' id='word_1_265' title='bbox 1706 2631 1794 2679; x_wconf 82' lang='grc' dir='ltr'>τοῦ</span> 
     </span>
    </p>
   </div>
   <div class='ocr_carea' id='block_1_5' title="bbox 184 2764 1793 2818">
    <p class='ocr_par' dir='ltr' id='par_1_12' title="bbox 184 2764 1793 2818">
     <span class='ocr_line' id='line_1_31' title="bbox 184 2764 1793 2818; baseline -0.002 -10"><span class='ocrx_word' id='word_1_266' title='bbox 184 2778 210 2815; x_wconf 82' lang='lat'>4</span> <span class='ocrx_word' id='word_1_267' title='bbox 238 2765 472 2817; x_wconf 79' lang='grc' dir='ltr'>Ἀλκμαιον.</span> <span class='ocrx_word' id='word_1_268' title='bbox 499 2764 534 2804; x_wconf 88' lang='grc' dir='ltr'><strong>Β</strong></span> <span class='ocrx_word' id='word_1_269' title='bbox 552 2764 581 2804; x_wconf 92' lang='lat' dir='ltr'>S</span> <span class='ocrx_word' id='word_1_270' title='bbox 594 2764 633 2805; x_wconf 92' lang='lat' dir='ltr'>V</span> <span class='ocrx_word' id='word_1_271' title='bbox 649 2765 686 2804; x_wconf 92' lang='lat' dir='ltr'>U</span> <span class='ocrx_word' id='word_1_272' title='bbox 892 2766 918 2805; x_wconf 93' lang='lat'>8</span> <span class='ocrx_word' id='word_1_273' title='bbox 948 2764 1113 2817; x_wconf 80' lang='grc' dir='ltr'>ἐκόμισε</span> <span class='ocrx_word' id='word_1_274' title='bbox 1135 2764 1216 2806; x_wconf 90' lang='lat' dir='ltr'>SV</span> <span class='ocrx_word' id='word_1_275' title='bbox 1412 2778 1463 2805; x_wconf 89' lang='lat'>10</span> <span class='ocrx_word' id='word_1_276' title='bbox 1490 2767 1690 2818; x_wconf 75' lang='grc' dir='ltr'>τῶγαλμα</span> <span class='ocrx_word' id='word_1_277' title='bbox 1710 2765 1743 2804; x_wconf 94' lang='lat' dir='ltr'>C</span> <span class='ocrx_word' id='word_1_278' title='bbox 1759 2766 1793 2805; x_wconf 91' lang='lat' dir='ltr'>P</span> 
     </span>
    </p>
   </div>
   <div class='ocr_carea' id='block_1_6' title="bbox 129 2819 1791 3039">
    <p class='ocr_par' dir='ltr' id='par_1_13' title="bbox 133 2819 1791 2875">
     <span class='ocr_line' id='line_1_32' title="bbox 133 2819 1791 2875; baseline 0 -16"><span class='ocrx_word' id='word_1_279' title='bbox 133 2832 179 2860; x_wconf 89' lang='lat'>11</span> <span class='ocrx_word' id='word_1_280' title='bbox 212 2819 423 2862; x_wconf 78' lang='grc' dir='ltr'>ἆνιστέασι</span> <span class='ocrx_word' id='word_1_281' title='bbox 446 2820 480 2859; x_wconf 89' lang='lat' dir='ltr'>L</span> <span class='ocrx_word' id='word_1_282' title='bbox 602 2819 792 2875; x_wconf 81' lang='grc' dir='ltr'>πρυτάνις</span> <span class='ocrx_word' id='word_1_283' title='bbox 813 2820 848 2861; x_wconf 92' lang='lat' dir='ltr'>L</span> <span class='ocrx_word' id='word_1_284' title='bbox 1045 2834 1093 2860; x_wconf 88' lang='lat'>12</span> <span class='ocrx_word' id='word_1_285' title='bbox 1125 2819 1317 2871; x_wconf 82' lang='grc' dir='ltr'>ἐνέμοντο</span> <span class='ocrx_word' id='word_1_286' title='bbox 1338 2821 1369 2861; x_wconf 88' lang='lat' dir='ltr'>S</span> <span class='ocrx_word' id='word_1_287' title='bbox 1494 2821 1734 2874; x_wconf 81' lang='grc' dir='ltr'>ὑπεγγυίους</span> <span class='ocrx_word' id='word_1_288' title='bbox 1757 2820 1791 2859; x_wconf 94' lang='lat' dir='ltr'>C</span> 
     </span>
    </p>

    <p class='ocr_par' dir='ltr' id='par_1_14' title="bbox 133 2874 1789 2947">
     <span class='ocr_line' id='line_1_33' title="bbox 133 2874 1789 2947; baseline -0.002 -30"><span class='ocrx_word' id='word_1_289' title='bbox 133 2887 183 2926; x_wconf 91' lang='lat'>13</span> <span class='ocrx_word' id='word_1_290' title='bbox 219 2874 458 2947; x_wconf 53' lang='lat' dir='ltr'>&#39;&#39;3AAxptawv</span> <span class='ocrx_word' id='word_1_291' title='bbox 489 2874 598 2915; x_wconf 90' lang='lat' dir='ltr'>SV·</span> <span class='ocrx_word' id='word_1_292' title='bbox 639 2876 882 2929; x_wconf 83' lang='grc' dir='ltr'>Ἀλκμαιων.</span> <span class='ocrx_word' id='word_1_293' title='bbox 914 2875 954 2915; x_wconf 92' lang='lat' dir='ltr'>U</span> <span class='ocrx_word' id='word_1_294' title='bbox 1180 2877 1229 2914; x_wconf 89' lang='lat'>18</span> <span class='ocrx_word' id='word_1_295' title='bbox 1272 2876 1481 2928; x_wconf 80' lang='grc' dir='ltr'>ἆγηλάτεε</span> <span class='ocrx_word' id='word_1_296' title='bbox 1519 2875 1789 2915; x_wconf 83' lang='lat' dir='ltr'><strong>Herwerden</strong></span> 
     </span>
    </p>

    <p class='ocr_par' dir='ltr' id='par_1_15' title="bbox 129 2929 1789 3039">
     <span class='ocr_line' id='line_1_34' title="bbox 129 2929 1789 3035; baseline -0.001 -63"><span class='ocrx_word' id='word_1_297' title='bbox 129 2929 536 3035; x_wconf 56' lang='grc' dir='ltr'>Ξξῦὅίζτιστῖτεῶσῖς</span> <span class='ocrx_word' id='word_1_298' title='bbox 557 2931 720 2971; x_wconf 85' lang='lat' dir='ltr'>conieci</span> <span class='ocrx_word' id='word_1_299' title='bbox 901 2942 953 2982; x_wconf 88' lang='lat'>25</span> <span class='ocrx_word' id='word_1_300' title='bbox 984 2931 1127 2973; x_wconf 80' lang='grc' dir='ltr'>αὐτοὺς</span> <span class='ocrx_word' id='word_1_301' title='bbox 1148 2943 1229 2970; x_wconf 83' lang='lat' dir='ltr'>om.</span> <span class='ocrx_word' id='word_1_302' title='bbox 1257 2930 1290 2969; x_wconf 90' lang='lat' dir='ltr'>P</span> <span class='ocrx_word' id='word_1_303' title='bbox 1303 2930 1333 2970; x_wconf 89' lang='lat' dir='ltr'>S</span> <span class='ocrx_word' id='word_1_304' title='bbox 1348 2931 1387 2970; x_wconf 96' lang='lat' dir='ltr'>V</span> <span class='ocrx_word' id='word_1_305' title='bbox 1400 2930 1440 2970; x_wconf 94' lang='lat' dir='ltr'>U</span> <span class='ocrx_word' id='word_1_306' title='bbox 1609 2943 1662 2981; x_wconf 87' lang='lat'>29</span> <span class='ocrx_word' id='word_1_307' title='bbox 1692 2929 1789 2982; x_wconf 80' lang='grc' dir='ltr'>τῆς]</span> 
     </span>
     <span class='ocr_line' id='line_1_35' title="bbox 380 3002 423 3039; baseline 0 -14"><span class='ocrx_word' id='word_1_308' title='bbox 380 3002 423 3039; x_wconf 60' lang='lat' dir='ltr'>pff</span> 
     </span>
    </p>
   </div>
   <div class='ocr_carea' id='block_1_7' title="bbox 1577 3070 1626 3111">
    <p class='ocr_par' dir='ltr' id='par_1_16' title="bbox 1577 3070 1626 3111">
     <span class='ocr_line' id='line_1_36' title="bbox 1577 3070 1626 3111; baseline 0 -11"><span class='ocrx_word' id='word_1_309' title='bbox 1577 3070 1626 3111; x_wconf 82' lang='lat'>3*</span> 
     </span>
    </p>
   </div>
  </div>
 </body>
</html>
