2034 3328
26 331 90 381 77

743 106 1175 154 ΗΡΟΔΟΤΟΥ

128 236 264 304 ἄγων
290 239 729 302 Πελοποννησίους
751 235 988 302 ἐσέβαλε·
1032 236 1157 288 οὕτω
1180 234 1416 303 τέταρτον
1437 235 1551 287 τότε
1574 233 1790 301 Δωριέες

128 321 385 387 ἐσέβαλον
420 324 470 376 ἐς
507 312 738 386 Ἀθήνας.
814 319 1130 374 διαλυθέντος
1167 318 1236 373 ῶν
1271 325 1358 372 τοῦ
1394 319 1582 396 στόλου
1616 318 1792 370 τούτου

127 407 340 460 ἀκλεῶς*
379 408 587 458 ἐνθαῦτα
645 405 900 470 Ἀθηναῖοι
965 405 1194 457 τίνυσθαι
1259 404 1565 470 βουλόμενοι
1622 407 1791 470 πρῶτα

129 489 364 556 στρατιὴν
421 494 674 542 ποιεῦνται
731 490 814 542 ἐπὶ
872 487 1169 543 Χαλκιδέας.
1278 489 1486 541 Βοιωτοὶ
1544 490 1598 541 δὲ
1655 492 1791 540 τοῖσι

128 578 431 625 Χαλκιδεῦσι
481 572 755 639 βοηθέουσι
800 573 879 626 ἐπὶ
923 572 1010 626 τὸν
1057 574 1292 640 Εὔριπον.
1379 572 1693 637 Ἀθηναίοισι
1737 573 1791 624 δὲ

128 659 288 709 ἰδοῦσι
318 657 430 711 τοὺς
459 658 676 723 βοηθοὺς
708 656 846 721 ἔδοξε
876 659 1118 725 πρότερον
1147 662 1283 710 τοῖσι
1313 661 1579 709 Βοιωτοῖσι
1601 651 1632 722 ἢ
1655 661 1792 729 τοῖσι

127 746 434 793 Χαλκιδεῦσι
457 741 768 810 ἐπιχειρέειν.
837 741 1201 807 συμβάλλουσί
1219 763 1274 794 τε
1292 741 1350 806 δὴ
1371 745 1506 793 τοῖσι
1525 746 1790 793 Βοιωτοῖσι

127 828 174 877 οἱ
197 825 450 890 Ἀθηναῖοι
484 827 562 878 καὶ
586 832 759 896 πολλῷ
785 825 1080 893 ἐκράτησαν,
1111 825 1264 894 κάρτα
1286 828 1339 878 δὲ
1363 824 1584 879 πολλοὺς
1608 824 1787 893 φονεύ-

127 931 306 963 σαντες
337 911 660 964 ἑπτακοσίους
682 910 843 962 αὐτῶν
867 910 1171 978 ἐζώγρησαν.
1247 913 1333 975 τῆς
1356 913 1410 963 δὲ
1433 909 1580 974 αὐτῆς
1610 909 1789 973 ταύτης

126 993 308 1060 ἡμέρης
338 996 384 1045 οἱ
414 993 670 1058 Ἀθηναῖοι
693 993 958 1060 διαβάντες
985 995 1035 1049 ἐς
1063 993 1154 1059 τὴν
1179 995 1404 1060 Εὔβοιαν
1428 992 1789 1060 συμβάλλουσι

128 1078 207 1129 καὶ
236 1082 370 1129 τοῖσι
406 1082 726 1138 Χαλκιδεῦσι,
762 1076 1053 1143 νικήσαντες
1084 1082 1137 1131 δὲ
1176 1080 1254 1131 καὶ
1291 1079 1492 1132 τούτους
1527 1099 1784 1145 τετρακισ-

127 1162 321 1230 χιλίους
352 1162 656 1231 κληρούχους
685 1163 767 1215 ἐπὶ
797 1168 894 1215 τῶν
926 1162 1245 1229 ἱπποβοτέων
1278 1170 1338 1236 τῇ
1366 1162 1503 1234 χώρῃ
1534 1162 1785 1214 λείπουσι·

127 1248 173 1298 οἱ
196 1249 249 1298 δὲ
274 1246 546 1312 ἱπποβόται
569 1246 837 1299 ἐκαλέοντο
860 1249 904 1299 οἱ
929 1245 1115 1315 παχέες
1139 1252 1235 1299 τῶν
1261 1245 1569 1299 Χαλκιδέων.
1637 1247 1787 1300 ὅσους

127 1332 181 1382 δὲ
210 1329 289 1382 καὶ
310 1330 496 1383 τούτων
526 1324 830 1398 ἐζώγρησαν,
857 1330 958 1396 ἅμα
986 1335 1120 1383 τοῖσι
1146 1335 1371 1383 Βοιωτῶν
1398 1329 1786 1398 ἐζωγρημένοισι

128 1413 266 1483 εἶχον
310 1416 364 1467 ἐν
409 1421 610 1488 φυλακῇ
654 1417 708 1467 ἐν
752 1414 923 1469 πέδαις
967 1413 1226 1480 δήσαντες·
1285 1415 1449 1485 χρόνῳ
1498 1417 1550 1467 δὲ
1598 1413 1786 1466 ἔλυσάν

0 1490 293 1566 Ᾰιοιισφεας
338 1500 544 1565 δίμν-ςως
589 1498 1032 1566 ἀποτιμησάμενοι.
1119 1501 1207 1554 τὰς
1241 1502 1295 1551 δὲ
1331 1497 1482 1553 πέδας
1520 1498 1697 1558 αὐτῶν,
1731 1499 1785 1550 ἐν

0 1755 71 1800 tol

126 1583 243 1655 τῇσι
284 1582 527 1643 ἐδεδέατο,
569 1582 912 1650 ἀνεκρέμασαν
953 1585 1003 1637 ἐς
1042 1583 1132 1648 τὴν
1170 1584 1454 1651 ἀκρόπολιν,
1488 1584 1543 1635 αἵ
1580 1605 1671 1650 περ
1712 1582 1786 1634 ἔτι

127 1667 206 1719 καὶ
243 1669 293 1721 ἐς
327 1669 414 1732 ἐμὲ
454 1666 585 1732 ἦσαν
626 1672 929 1735 περιεοῦσαι,
969 1666 1265 1735 κρεμάμεναι
1304 1670 1359 1720 ἐκ
1399 1667 1606 1736 τειχέων
1650 1688 1785 1733 περι-

126 1750 524 1823 πεφλευσμένων
554 1752 668 1819 πυρὶ
698 1751 793 1805 ὑπὸ
824 1757 909 1804 τοῦ
941 1751 1132 1817 Μήδου,
1165 1753 1331 1804 ἀντίον
1364 1754 1418 1805 δὲ
1448 1756 1534 1803 τοῦ
1569 1750 1786 1818 μεγάρου

126 1840 212 1886 τοῦ
261 1835 383 1902 πρὸς
442 1835 659 1903 ἑσπέρην
716 1834 1062 1903 τετραμμένου.
1151 1836 1231 1888 καὶ
1290 1841 1387 1888 τῶν
1445 1836 1639 1903 λύτρων
1697 1835 1787 1899 τὴν

127 1918 335 1984 δεκάτην
375 1919 618 1984 ἀνέθηκαν
658 1920 987 1987 ποιησάμενοι
1031 1918 1300 1987 τέθριππον
1342 1919 1576 1988 χάλκεον·
1638 1919 1695 1971 τὸ
1735 1921 1788 1971 δὲ

127 2004 388 2070 ἀριστερῆς
418 2004 584 2071 χειρὸς
615 2005 796 2069 ἕστηκε
826 2009 994 2071 πρῶτα
1025 2005 1212 2057 ἐσιόντι
1243 2007 1292 2059 ἐς
1322 2007 1384 2056 τὰ
1416 2005 1699 2072 προπύλαια
1727 2005 1789 2055 τὰ

127 2088 181 2139 ἐν
211 2089 269 2159 τῇ
300 2089 558 2154 ἀκροπόλι·
605 2087 963 2156 ἐπιγέγραπται
994 2087 1048 2141 δέ
1076 2091 1122 2141 οἱ
1154 2088 1287 2141 τάδε·

297 2198 442 2251 ἔθνεα
473 2203 701 2252 Βοιωτῶν
734 2200 812 2252 καὶ
842 2199 1134 2252 Χαλκιδέων
1164 2199 1476 2266 δαμάσαντες

382 2287 552 2336 παῖδες
583 2283 860 2348 Ἀθηναίων
891 2284 1136 2351 ἔργμασιν
1168 2285 1220 2336 ἐν
1252 2283 1473 2349 πολέμου

296 2371 463 2437 δεσμῷ
495 2369 547 2419 ἐν
577 2368 842 2435 ἀχλυόεντι
873 2367 1084 2438 σιδηρέῳ
1117 2368 1347 2433 ἔσβεσαν
1376 2369 1540 2434 ὕβριν·

379 2456 477 2502 τῶν
506 2452 686 2506 ἵππους
715 2451 924 2516 δεκάτην
956 2451 1201 2523 Παλλάδι
1222 2450 1364 2503 τάσδ’
1394 2451 1591 2504 ἔθεσαν.

188 2599 204 2625 1
237 2604 283 2627 τε
301 2587 335 2626 C
446 2600 472 2636 3
496 2587 703 2629 τίννυσθαι
725 2587 756 2627 S
770 2588 808 2627 V
824 2588 862 2627 U
975 2601 999 2636 4
1022 2587 1240 2642 στρατείην
1257 2587 1291 2626 Ρ
1303 2586 1333 2626 S
1345 2586 1382 2625 V
1398 2587 1436 2626 U
1546 2588 1573 2625 6
1597 2586 1787 2639 βοηθοὺς]

130 2642 324 2682 Βοιωτοὺς
346 2640 385 2679 Α
401 2641 434 2679 Β
452 2642 485 2679 C
500 2642 534 2680 P
763 2644 788 2681 8
818 2645 854 2683 οἱ
874 2655 955 2683 om.
979 2643 1014 2682 C
1243 2654 1271 2691 9
1300 2641 1454 2682 αὐτέων
1474 2641 1554 2680 SV
1568 2641 1604 2680 U
1632 2641 1693 2691 (it.
1719 2643 1787 2691 16)

133 2707 180 2732 12
209 2697 402 2742 ἷπποβσιτ.
426 2696 459 2734 C
477 2696 507 2735 S
521 2696 558 2734 V
574 2696 612 2736 U
637 2697 703 2748 (it.
728 2709 777 2747 13
799 2695 853 2735 Bl
875 2697 1064 2750 quoque)
1290 2708 1338 2744 15
1370 2698 1410 2737 ἐς
1429 2694 1551 2737 πέδας
1571 2695 1611 2734 Α
1625 2696 1661 2735 Β
1677 2696 1711 2735 C
1727 2695 1788 2735 P:

129 2749 211 2788 del.
237 2749 435 2799 Krueger
561 2753 610 2791 16
639 2750 804 2801 διμνέως
824 2750 865 2789 Α
879 2751 914 2790 Β
930 2751 963 2790 C
979 2752 1013 2791 P
1033 2752 1103 2803 (ως
1126 2750 1179 2789 Pc
1199 2756 1244 2790 ut
1265 2750 1368 2801 vid.)
1387 2763 1397 2789 ε
1425 2750 1604 2801 διμναίας
1625 2750 1706 2789 SV
1721 2750 1788 2789 U:

128 2804 270 2854 δίμνως
293 2804 444 2843 Pollux
466 2805 509 2843 ix
530 2807 583 2855 56
763 2805 1050 2858 ἄποτισάμενοι
1073 2805 1103 2844 S
1117 2804 1155 2844 V
1379 2805 1428 2843 18
1456 2808 1662 2857 περιοῦσαι
1682 2802 1789 2843 A¹V

129 2870 177 2896 21
224 2859 465 2908 ποιήσαντες
506 2859 536 2898 S
557 2859 595 2898 V
617 2860 655 2899 U
876 2873 928 2898 22
970 2864 1129 2914 πρῶτον
1165 2859 1205 2897 Α
1227 2859 1261 2898 Β
1285 2859 1318 2898 C
1486 2858 1651 2900 ἐσιόντα
1686 2858 1725 2897 V
1747 2858 1786 2898 U

128 2925 180 2962 25
220 2915 265 2953 ἐκ
303 2912 344 2952 Α
366 2913 400 2952 Β
422 2914 456 2953 C
679 2917 732 2955 26
775 2914 1016 2968 ἀχνυνθέντι
1052 2915 1093 2954 Α
1113 2914 1175 2955 B:
1217 2912 1432 2966 ἇχνυθέντι
1466 2914 1528 2953 C:
1572 2912 1788 2966 ἀχνυόεντι

129 2967 302 3007 Hecker

1814 594 1837 635 5

1818 1014 1868 1043 10

1815 1855 1866 1884 20

1815 2305 1863 2346 25
