2132 3340
716 87 1095 136 ΙΣΤΟΡΙΩΝ
1157 86 1197 135 Ζ
1837 81 1924 131 VI.
1952 82 2032 132 118

136 220 345 287 Δήλιον.
431 219 545 274 τοὺς
575 222 628 272 δὲ
660 224 759 271 τῶν
789 215 1086 286 Ἐρετριέων
1117 213 1607 285 ἀνδραποδισμένους
1642 215 1798 268 Δᾶτίς
1835 229 1919 276 119

132 328 185 360 τε
216 306 296 358 καὶ
327 294 684 372 Ἀρτάφρένης,
713 303 777 357 ὡς
807 300 1103 371 προσέσχον
1135 305 1185 356 ἐς
1216 302 1306 367 τὴν
1336 301 1516 365 Ἀσίην
1540 295 1796 359 πλέοντες,

132 389 385 458 ἀνήγαγον
436 390 487 442 ἐς
538 392 746 449 Σοῦσα.
828 387 1077 453 βασιλεὺς
1137 386 1192 440 δὲ
1252 390 1480 453 Δαρεῖος,
1542 384 1658 452 πρὶν
1707 386 1800 449 μὲν

131 473 479 543 αἰχμαλώτους
518 469 756 540 γενέσθαι
795 471 910 526 τοὺς
948 469 1249 539 Ἐρετριέας,
1292 468 1457 539 ἐνεῖχέ
1496 476 1595 538 σφι
1637 467 1800 520 δεινὸν

83 583 106 623 5
131 560 306 629 χόλον,
353 559 436 610 οἶα
486 555 743 625 ἀρξάντων
796 557 988 621 ἀδικίης
1037 553 1292 623 προτέρων
1343 560 1439 607 τῶν
1485 550 1797 621 Ἐρετριέων·

132 643 296 697 ἐπείτε
325 645 380 696 δὲ
411 639 510 695 εἶδέ
547 648 714 710 σφεας
752 638 1070 710 ἀπαχθέντας
1108 640 1222 708 παρ’
1256 639 1440 693 ἑωυτὸν
1477 640 1557 691 καὶ
1596 639 1799 706 ὑποχει-
1838 657 1864 690 2

129 729 264 796 ρίους
294 730 457 797 ἑωυτῷ
489 725 677 787 ἐόντας,
705 725 914 791 ἐποίησε
945 725 1096 778 κακὸν
1128 725 1257 777 ἄλλο
1288 724 1446 784 οὐδέν,
1473 722 1607 775 ἀλλά
1636 729 1801 790 σφεας

130 817 218 879 τῆς
251 813 470 876 Κισσίης
500 811 667 880 χώρης
693 811 948 863 κατοίκισε
979 810 1036 863 ἐν
1066 814 1270 880 σταθμῷ
1303 813 1487 862 ἑωυτοῦ
1515 812 1582 877 τῷ
1614 805 1801 873 οὔνομά

132 897 245 950 ἐστι
275 895 583 964 Ἀρδέρικκα,
619 895 718 948 ἀπὸ
748 898 840 962 μὲν
870 896 1081 947 Σούσων
1105 893 1221 947 δέκα
1254 895 1333 947 καὶ
1363 893 1645 959 διηκοσίους
1677 913 1797 944 στα-

61 1003 108 1032 ιο
132 983 262 1036 δίους
293 980 551 1050 ἀπέχοντι,
578 979 954 1048 τεσσεράκοντα
983 983 1037 1033 δὲ
1068 979 1168 1032 ἀπὸ
1197 984 1284 1031 τοῦ
1316 978 1532 1046 φρέατος
1560 977 1618 1029 τὸ
1649 976 1798 1046 παρέ-

131 1088 274 1136 χεται
318 1067 593 1134 τριφασίας
641 1064 790 1120 ἰδέας·
846 1066 925 1118 καὶ
969 1065 1065 1133 γὰρ
1110 1064 1379 1132 ἄσφαλτον
1428 1063 1507 1115 καὶ
1549 1061 1678 1116 ἅλας
1721 1061 1803 1113 καὶ

133 1153 303 1205 ἔλαιον
334 1151 643 1218 ἀρύσσονται
684 1149 745 1216 ἐξ
779 1149 929 1202 αὐτοῦ
966 1149 1132 1220 τρόπῳ
1174 1153 1365 1219 τοιῷδε·
1412 1145 1674 1201 ἀντλέεται
1711 1148 1804 1211 μὲν
1840 1165 1868 1210 3

0 1262 32 1289 υι
134 1237 407 1306 κηλωνηίῳ,
459 1235 571 1308 ἀντὶ
618 1238 672 1289 δὲ
719 1239 909 1305 γαιζλοῦ
957 1234 1110 1301 ἥμισυ
1159 1235 1318 1286 ἀσκοῦ
1364 1235 1411 1286 οἱ
1459 1230 1801 1300 προσδέδεται·
1830 1221 2060 1280 W·

131 1322 392 1389 ὑποτύψας
417 1323 477 1373 δὲ
507 1321 663 1391 τούτῳ
696 1319 896 1372 ἀντλέει
925 1320 1006 1372 καὶ
1037 1318 1208 1372 ἔπειτα
1238 1316 1410 1387 ἐγχέει
1435 1317 1489 1371 ἐς
1512 1314 1801 1388 δεξαμενήν·
1826 1314 2012 1367 (mk.

61 1423 108 1464 15
134 1405 188 1458 ἐκ
219 1408 271 1459 δὲ
301 1405 482 1471 ταύτης
507 1404 558 1459 ἐς
582 1404 712 1458 ἄλλο
736 1405 1064 1474 διαχεόμενον
1087 1403 1322 1471 τρέπεται
1343 1394 1616 1470 τριφασίας
1640 1401 1798 1455 ὁδούς.

121 1491 214 1543 ’καὶ
243 1491 273 1556 ἡ
304 1492 395 1557 μὲν
417 1488 686 1558 ἄσφαλτος
718 1490 797 1542 καὶ
816 1491 867 1542 Υοἱ
893 1488 1018 1543 ἅλες
1048 1487 1336 1557 πήγνυνται,
1352 1487 1643 1555 παραυτίκα,
1669 1484 1726 1538 τὸ
1750 1487 1803 1537 δὲ

134 1575 306 1628 ἔλαιον
339 1613 350 1627 .
384 1614 396 1626 .
427 1614 439 1627 .
471 1577 519 1627 οἱ
562 1574 762 1643 Πέρσαι
805 1573 1045 1626 καλέουσι
1085 1578 1228 1626 τοῦτο
1267 1570 1553 1641 ῥαδινάκην·
1599 1570 1710 1623 ἔστι
1750 1572 1804 1622 δὲ

134 1658 294 1725 μέλαν
355 1659 433 1711 καὶ
491 1658 647 1724 ὀδμὴν
705 1660 1048 1728 παρεχόμενον
1107 1657 1315 1726 βαρέαν.
1392 1688 1397 1692 -
1425 1656 1640 1709 ε’νθαΰτα
1689 1653 1804 1709 τοὺς
1841 1672 1870 1715 4

135 1743 417 1812 Ἐρετριέας
458 1745 712 1797 κατοίκισε
751 1743 1002 1810 βασιλεὺς
1034 1748 1264 1811 Δαρεῖος,
1298 1742 1345 1794 οἳ
1387 1742 1467 1794 καὶ
1506 1739 1657 1809 μέχρι
1684 1737 1805 1805 ἐμέο

64 1849 115 1880 20
138 1828 276 1898 εἶχον
299 1827 388 1894 τὴν
410 1829 578 1896 χώρην
600 1829 799 1893 ταύτην,
821 1827 1175 1895 φυλάσσοντες
1199 1827 1288 1893 τὴν
1308 1824 1521 1895 ἀρχαίην
1539 1830 1802 1893 γλῶσσαν.

138 1914 199 1964 τὰ
243 1915 336 1979 μὲν
387 1912 446 1978 δὴ
498 1913 610 1980 περὶ
657 1911 941 1979 Ἐρετριέας
989 1912 1115 1981 ἔσχε
1162 1913 1333 1967 οὕτως·
1398 1910 1806 1975 Λακεδαιμονίων
1843 1925 1938 1961 120

139 1999 192 2050 δὲ
255 1997 374 2063 ἧκον
438 1996 491 2052 ἐς
552 1998 639 2051 τὰς
701 1995 917 2062 Ἀθήνας
982 1997 1229 2065 δισχίλιοι
1284 1997 1410 2062 μετὰ
1467 1994 1557 2060 τὴν
1615 1992 1802 2046 πανσέ-

139 2087 310 2147 ληνον,
358 2082 562 2150 ἔχοντες
614 2081 837 2146 σπουδὴν
888 2081 1086 2146 πολλὴν
1133 2085 1457 2147 καταλαβεῖν,
1504 2081 1630 2132 οὕτω
1676 2078 1807 2129 ὥστε

140 2170 346 2232 τριταῖοι
387 2165 443 2218 ἐκ
485 2164 714 2233 Σπάρτης
753 2164 991 2233 ἐγένοντο
1029 2166 1084 2218 ἐν
1119 2167 1178 2238 τῇ
1210 2165 1429 2237 Ἀττικῇ.
1516 2165 1718 2231 ὕστεροι
1753 2164 1805 2214 δὲ

67 2271 117 2313 25
141 2250 432 2316 ἀπικόμενοι
466 2253 552 2315 τῆς
593 2253 857 2316 συμβολῆς
902 2252 1148 2317 ἱμείροντο
1193 2251 1324 2316 ὅμως
1369 2247 1651 2314 θεήσασθαι
1693 2247 1807 2300 τοὺς

143 2333 362 2400 Μήδους·
408 2334 641 2389 ἐλθόντες
681 2337 733 2387 δὲ
770 2333 822 2389 ἐς
861 2334 948 2387 τὸν
989 2338 1278 2402 Μαραθῶνα
1317 2332 1610 2399 ἐθεήσαντο.
1683 2332 1809 2398 μετὰ

201 2485 217 2511 Ι
262 2476 282 2514 ὁ
317 2473 442 2515 Δᾶτίς
473 2472 622 2511 ABC
806 2486 831 2517 2
871 2472 930 2525 ἐς]
963 2472 1241 2525 πρὸςΑΒΟ
1407 2486 1433 2522 3
1465 2469 1810 2524 ἤγαγονΑΒΟ

144 2539 169 2578 5
198 2527 392 2582 πρότερον
414 2527 448 2566 Β
504 2553 506 2555 v
602 2529 629 2565 6
659 2527 935 2580 &vaxfle‘v‘ras‘Z
959 2527 1134 2567 Bekker
1246 2530 1380 2580 ἑωυτῷ
1401 2526 1650 2580 ὑποχειρίους
1670 2525 1709 2563 Λ
1726 2525 1760 2564 Β
1776 2525 1809 2563 C

143 2583 170 2621 8
209 2585 423 2624 κατώικισε
456 2582 546 2621 ΑΒ
567 2582 600 2621 C
765 2595 792 2631 9
831 2581 1035 2636 Ἀρδέρικα
1069 2584 1102 2622 C
1122 2583 1183 2622 P:
1228 2583 1432 2635 Ἀρδερικὰ
1468 2581 1536 2620 R:
1577 2580 1811 2634 Ἀρδεριηκὰ

146 2636 228 2676 SV
378 2650 429 2677 10
457 2652 623 2690 τεσσαρ.
645 2636 731 2694 CR
749 2636 830 2676 SV
1000 2649 1048 2686 13
1071 2639 1110 2678 οἱ
1129 2650 1211 2677 om.
1238 2637 1325 2675 PR
1342 2637 1423 2676 SV
1593 2648 1642 2684 14
1674 2633 1811 2686 ἐκχέει

146 2690 186 2730 R
208 2692 239 2732 S
259 2691 296 2730 V
532 2703 581 2741 15
626 2694 666 2733 ἐς
701 2692 783 2733 ἅλω
815 2691 878 2730 C:
918 2690 1068 2732 εἶσάλω
1101 2692 1141 2731 Α
1166 2691 1204 2730 Β
1357 2690 1567 2743 “moin-erat
1601 2690 1642 2728 A
1662 2689 1697 2728 Β
1722 2689 1755 2728 C
1778 2689 1812 2728 P

150 2759 198 2796 17
241 2746 434 2786 lacunam
468 2747 615 2787 statuit
655 2746 817 2786 Cobet:
868 2747 1005 2787 ἔλαιον
1047 2745 1270 2799 συνάγουσι
1310 2749 1352 2786 ἐν
1387 2746 1566 2799 ἀγγείοις
1605 2746 1654 2786 τὸ
1689 2745 1727 2785 οἱ
1759 2751 1807 2784 Π.

146 2810 238 2843 καλ.
262 2800 476 2855 ῥαδινάκην
497 2802 528 2842 S
738 2802 787 2842 18
817 2804 981 2854 βαρεῖαν
1000 2799 1090 2839 ΑΒ
1106 2801 1138 2839 C
1162 2830 1167 2837 2
1351 2801 1400 2851 1'9
1429 2809 1524 2854 Δαρ.
1551 2806 1648 2848 βασ.
1675 2799 1715 2838 R
1730 2799 1811 2838 SV

146 2856 214 2896 οἳ.
238 2885 248 2894 .
272 2885 283 2896 .
306 2860 505 2909 γλῶσσαν
543 2869 625 2896 om.
661 2856 695 2894 C
916 2868 970 2905 24
1012 2859 1182 2909 τριταῖοι
1219 2856 1324 2907 μετὰ
1362 2858 1438 2905 τὴν
1470 2854 1726 2904 πανσέληνον
1766 2856 1810 2894 ἐκ

147 2908 187 2948 Α
207 2910 242 2948 Β
264 2910 298 2949 C
447 2911 629 2963 ἐγίνοντο
662 2910 703 2948 Α
725 2910 759 2949 Β
782 2910 816 2950 C
1011 2922 1064 2961 25
1106 2910 1320 2961 θεήσεσθαι
1355 2910 1394 2949 R
1418 2910 1448 2950 S
1468 2910 1507 2950 V
1684 2910 1738 2947 26
1767 2908 1810 2949 δὲ

147 2977 229 3005 om.
253 2965 288 3004 C
400 2966 623 3016 ἐθηήσαντο
645 2965 685 3005 R
700 2966 737 3005 V
