2034 3328
0 123 45 172 V.
63 124 119 171 81
385 185 397 197 ·
775 115 1205 164 ΗΡΟΔΟΤΟΎ

157 248 245 313 τὴν
288 249 574 317 συμμαχίην
613 252 712 314 τῶν
752 246 1026 299 Αἰακιδέων
1069 246 1148 298 καὶ
1188 245 1410 315 τρηχέως
1449 245 1820 314 περιεφθέντων

155 331 251 384 ὑπὸ
287 337 385 383 τῶν
420 332 697 396 Ἀθηναίων
734 332 870 385 αὖτις
905 334 951 383 οἱ
989 334 1215 396 Θηβαῖοι
1252 329 1543 397 πέμψαντες
1577 331 1691 386 τοὺς
1725 333 1818 397 μὲν

93 434 119 466 2
159 417 395 470 Αἰακίδας
415 422 512 483 σφι
532 417 849 475 ἀπεδίδοσαν,
872 420 970 468 τῶν
991 418 1044 468 δὲ
1068 416 1256 482 ἀνδρῶν
1275 414 1490 468 ἐδέοντο.
1558 417 1820 483 Αἰγινῆται

158 502 211 552 δὲ
250 499 530 572 εὐδαιμονίῃ
574 521 629 553 τε
670 498 867 572 μεγάλῃ
914 498 1210 568 ἐπαρθέντες
1255 499 1333 551 καὶ
1377 499 1559 568 ἔχθρης
1603 502 1820 564 παλαιῆς

157 583 554 649 ἀναμνησθέντες
579 585 792 652 ἐχούσης
816 586 866 638 ἐς
884 584 1193 649 Ἀθηναίους,
1215 584 1328 636 τότε
1348 583 1595 649 Θηβαίων
1617 581 1814 648 δεηθέν-
1843 609 1866 650 5

0 690 85 757 ua
94 683 119 727 3
158 689 256 721 των
286 668 507 733 πόλεμον
539 666 811 735 ἀκήρυκτον
835 668 1145 733 Ἀθηναίοισι
1171 666 1431 735 ἐπέφερον.
1497 666 1818 743 ἐπικειμένων

0 730 45 783 3⁹
92 744 102 753 ⁶
157 754 253 819 γὰρ
290 752 451 805 αὐτῶν
489 757 752 804 Βοιωτοῖσι
790 752 1166 805 ἐπιπλώσαντες
1205 759 1425 824 μακρῇσι
1460 753 1607 817 νηυσὶ
1642 753 1693 806 ἐς
1726 751 1820 816 τὴν

0 822 120 883 aad
157 835 390 901 Ἀττικὴν
436 839 556 888 κατὰ
600 839 691 902 μὲν
735 837 919 906 ἔσυραν
962 836 1214 902 Φάληρον,
1263 838 1386 888 κατὰ
1428 839 1481 888 δὲ
1526 839 1614 901 τῆς
1659 835 1819 901 ἄλλης

159 922 404 985 παραλίης
460 920 682 975 πολλοὺς
732 920 928 987 δήμους,
979 926 1232 974 ποιεῦντες
1283 923 1337 972 δὲ
1387 925 1539 972 ταῦτα
1587 919 1820 988 μεγάλως

160 1004 451 1068 Ἀθηναίους
480 1005 724 1057 ἐσίνοντο.
1753 1035 1755 1037 -
1845 1029 1914 1058 10.

0 1086 311 1182 233-de
358 1091 410 1140 δὲ
457 1088 609 1156 ἔχθρη
657 1089 687 1154 ἡ
735 1087 1136 1158 προοφειλομένη
1186 1090 1237 1143 ἐς
1283 1088 1576 1154 Ἀθηναίους
1621 1090 1675 1140 ἐκ
1721 1093 1820 1141 τῶν
1857 1104 1862 1109 ’

165 1171 472 1238 Αἰγινητέων
503 1171 701 1240 ἐγένετο
732 1170 792 1236 ἐξ
823 1174 979 1242 ἀρχῆς
1007 1176 1223 1238 τοιῆσδε.
1301 1173 1667 1240 Ἐπιδαυρίοισι
1694 1172 1725 1238 ἡ
1755 1175 1819 1240 γῆ
2031 1235 2034 1239 .

165 1255 351 1322 καρπὸν
381 1255 556 1325 οὐδένα
585 1258 822 1309 ἀνεδίδου.
898 1257 1010 1324 περὶ
1039 1257 1218 1322 ταύτης
1253 1255 1321 1310 ὧν
1356 1261 1443 1322 τῆς
1480 1259 1743 1325 συμφορῆς
1773 1258 1821 1309 οἱ
2029 1270 2034 1294 ¹

163 1338 468 1406 Ἐπιδαύριοι
518 1339 765 1409 ἐχρέωντο
816 1343 870 1393 ἐν
923 1346 1194 1408 Δελφοῖσι·
1257 1341 1287 1406 ἡ
1338 1344 1392 1394 δὲ
1443 1342 1604 1406 Πυθίη
1657 1339 1822 1407 σφέας
2026 1331 2034 1349 θ’

162 1422 358 1476 ἐκέλευε
390 1425 584 1489 Δαμίης
620 1446 675 1477 τε
707 1426 787 1478 καὶ
822 1424 1075 1491 Αὐξησίης
1110 1424 1376 1493 ἀγάλματα
1413 1425 1711 1492 ἱδρύσασθαι
1742 1425 1828 1477 καί
1846 1447 1894 1488 15

99 1523 125 1554 2
163 1514 261 1574 σφι
291 1507 665 1574 ἱδρυσαμένοισι
699 1508 900 1575 ἄμεινον
932 1510 1278 1562 συνοίσεσθαι.
1350 1509 1645 1577 ἐπειρώτεον
1674 1505 1743 1561 ὧν
1774 1509 1821 1560 οἱ

163 1591 471 1658 Ἐπιδαύριοι
502 1593 677 1660 κότερα
707 1598 899 1662 χαλκοῦ
929 1592 1195 1646 ποιέωνται
1223 1594 1286 1645 τὰ
1316 1592 1582 1661 ἀγάλματα
1603 1589 1633 1658 ἢ
1657 1594 1818 1645 λίθου·

162 1675 192 1740 ἡ
217 1677 271 1728 δὲ
296 1676 458 1742 Πυθίη
489 1674 722 1744 οὐδέτερα
752 1678 939 1730 τούτων
969 1678 1041 1737 ἔα,
1074 1678 1209 1730 ἀλλὰ
1239 1676 1390 1742 ξύλου
1417 1676 1601 1744 ἡμέρης
1632 1677 1818 1742 ἐλαίης.

163 1758 361 1812 ἐδέοντο
407 1759 476 1812 ὧν
523 1763 569 1813 οἱ
612 1761 919 1829 Ἐπιδαύριοι
963 1761 1241 1827 Ἀθηναίων
1272 1763 1462 1827 »ἐλαίην
1509 1768 1609 1829 σφι
1654 1765 1822 1814 δοῦναι

161 1842 421 1908 ταμέσθαι,
457 1844 695 1911 ἱρωτάτας
731 1845 788 1910 δὴ
827 1848 990 1899 κείνας
1022 1847 1305 1911 νομίζοντες
1340 1846 1481 1899 εῖναι·
1526 1845 1730 1913 λέγεται
1766 1847 1820 1896 δὲ
1846 1866 1897 1896 20

163 1928 243 1979 καὶ
267 1927 332 1982 ὡς
356 1930 519 1980 ἐλαῖαι
552 1927 682 1993 ἦσαν
712 1929 892 1982 ἄλλοθι
923 1933 1014 1996 γῆς
1044 1930 1259 1995 οὐδαμοῦ
1291 1933 1414 1982 κατὰ
1444 1931 1628 1999 χρόνον
1658 1934 1822 1982 κεῖνον

99 2022 124 2066 3
162 2006 191 2074 ἢ
211 2009 468 2077 Ἀθήνησι.
537 2015 583 2065 οἱ
607 2016 660 2065 δὲ
686 2014 766 2065 ἐπὶ
789 2015 978 2066 τοισίδε
1001 2014 1182 2066 δώσειν
1202 2014 1404 2082 ἔφασαν
1423 2014 1500 2066 ἐπ’
1519 2012 1556 2084 ᾧ
1572 2011 1822 2078 ἀπάξουσι

162 2094 298 2149 ἔτεος
330 2094 543 2149 ἑκάστου
572 2094 757 2170 τῇκτε>
789 2097 1029 2170 Ἀθηναίῃ
1059 2095 1149 2164 [τε]
1180 2106 1241 2171 τῇ
1272 2098 1491 2150 Πολιάδι
1528 2099 1607 2164 ἱρὰ
1644 2097 1723 2149 καὶ
1752 2101 1820 2167 τῷ

162 2178 409 2248 Ἐρεχθέῖ·
456 2180 837 2236 καταινέσαντες
867 2185 919 2235 δὲ
943 2183 1024 2234 ἐπὶ
1055 2183 1277 2234 τούτοισι
1308 2185 1353 2234 οἱ
1385 2182 1693 2248 Ἐπιδαύριοι
1721 2185 1821 2232 τῶν

160 2284 215 2314 τε
256 2262 451 2316 ἐδέοντο
490 2265 668 2332 ἔτυχον
707 2267 787 2318 καὶ
827 2265 1095 2333 ἀγάλματα
1131 2267 1185 2318 ἐκ
1225 2271 1325 2318 τῶν
1365 2265 1573 2318 ἐλαιέων
1607 2263 1820 2318 τουτέων
1844 2285 1896 2327 25

162 2346 488 2412 ποιησάμενοι
519 2349 799 2415 ἱδρύσαντο·
849 2351 927 2402 καὶ
957 2350 990 2414 ἤ
1011 2371 1066 2402 τε
1087 2353 1151 2417 γῆ
1176 2356 1274 2417 σφι
1305 2349 1454 2418 ἔφερε
1482 2346 1708 2416 [καρπὸν]
1741 2348 1820 2401 καὶ

217 2496 242 2521 2
271 2483 377 2525 αὖθις
399 2484 433 2523 L
543 2487 719 2535 ἆθηναῖοι
738 2487 768 2527 S
782 2487 819 2526 V
835 2487 873 2526 U
1040 2499 1065 2535 4
1095 2485 1163 2537 τε]
1184 2489 1236 2535 τῆ
1259 2486 1341 2526 SV
1356 2487 1395 2526 U
1559 2499 1584 2537 5
1617 2489 1656 2528 ἐς
1677 2499 1761 2527 om.
1784 2486 1819 2526 C

165 2549 187 2586 7
218 2537 371 2579 αὐτέων
392 2539 423 2578 S
436 2539 473 2577 V
486 2539 524 2578 U
745 2556 772 2592 9
801 2541 1005 2583 ποιέοντες
1038 2541 1071 2579 Ρ
1086 2541 1116 2580 S
1132 2542 1171 2580 V
1185 2542 1224 2580 U
1449 2554 1498 2580 10
1528 2541 1712 2583 ἐσίνοντο
1730 2539 1791 2581 Α2
1807 2555 1819 2581 t
1876 2586 1886 2595 ⁹

164 2592 396 2634 ἐσικνέοντο
417 2593 470 2632 A¹
489 2592 570 2633 B1:
602 2594 808 2638 ἐσινέοντο
829 2596 919 2636 rell.
1148 2608 1193 2634 11
1226 2604 1396 2648 προσοφ.
1429 2597 1525 2649 πρὸς
1553 2594 1634 2637 Ἀθ.
1670 2598 1716 2637 ἐκ
1743 2598 1819 2645 τῆς

162 2648 252 2697 Αἶγ.
277 2647 307 2686 S
320 2647 356 2685 V
373 2648 411 2686 U
545 2662 592 2687 12
622 2651 757 2700 τοιήδε
777 2650 817 2689 Α
831 2651 866 2689 Β
882 2651 916 2689 C
1051 2663 1099 2700 13
1130 2650 1257 2691 ἐδίδου
1280 2650 1319 2689 Α
1334 2651 1368 2689 Β
1387 2651 1419 2689 C
1548 2663 1596 2699 14
1626 2648 1818 2702 ἐχρέοντο

164 2700 198 2739 Ρ
210 2702 248 2739 V
263 2702 301 2740 U
522 2707 571 2742 16
601 2714 718 2755 σφισι
738 2705 777 2744 Α
792 2705 826 2744 Β
843 2705 877 2744 C
1017 2706 1239 2757 ἐπειρώτων
1260 2704 1300 2744 Α
1315 2704 1350 2743 Β
1495 2704 1551 2745 ὧν
1572 2718 1654 2744 om.
1677 2704 1717 2742 A
1733 2705 1768 2743 B
1783 2704 1818 2743 C

165 2767 214 2804 17
245 2755 446 2797 ποιέονται
468 2757 501 2795 C
517 2758 592 2797 ΡΞ
605 2759 643 2798 V
657 2759 696 2797 U
808 2761 861 2801 τὰ
880 2759 1100 2812 ἀγάλματα
1119 2772 1200 2797 om.
1226 2758 1256 2797 S
1270 2759 1308 2797 V
1323 2759 1363 2798 U
1530 2760 1579 2798 18
1608 2757 1819 2811 οὐδέτερον

164 2809 195 2848 S
212 2810 249 2848 V
263 2810 301 2848 U
413 2811 535 2863 ξύλης
557 2812 587 2852 S
601 2814 640 2851 V
781 2826 831 2864 19
860 2814 977 2865 σφίσι
1001 2814 1274 2853 Herwerden
1412 2826 1467 2851 20
1494 2815 1591 2866 ἴροτ.
1615 2812 1665 2852 Ρ1
1679 2813 1710 2852 S
1723 2813 1762 2852 V
1774 2812 1815 2853 U

163 2877 212 2902 21
243 2865 379 2914 ἐλαίης
400 2867 448 2907 ἂν
469 2866 499 2905 S
514 2867 552 2905 V
567 2866 623 2906 U1
723 2869 872 2917 ἄλληθι
893 2868 924 2907 S
937 2868 976 2906 V
1073 2871 1227 2909 ἐκεῖνον
1240 2867 1281 2905 Α
1294 2867 1328 2905 Β
1442 2879 1493 2906 22
1522 2868 1548 2917 ἢ
1571 2871 1614 2909 ἐν
1633 2868 1818 2916 Ἀθήναις

162 2917 203 2956 Α
217 2917 252 2956 Β
268 2918 301 2956 C
412 2922 539 2968 τῆσδε
558 2922 588 2961 S
601 2921 638 2960 V
655 2935 664 2959 ε
684 2926 822 2963 τοῖσδε
837 2923 927 2961 rell.
1100 2935 1152 2971 23
1174 2934 1233 2972 pr.
1251 2939 1297 2961 τε
1313 2921 1454 2960 addidi
1579 2922 1652 2962 alt.
1665 2939 1713 2963 τε
1728 2934 1810 2961 om.

164 2972 303 3068 SV}
322 3027 356 3067 B
463 2987 515 3024 24
547 2976 608 3016 ἐπὶ
630 2989 711 3017 om.
735 2976 765 3016 S
779 2977 817 3015 V
831 2976 870 3015 U
1037 2987 1088 3026 25
1120 2980 1263 3017 ἐλαιῶν
1287 2975 1366 3014 SV
1381 2975 1420 3015 U
1586 2978 1639 3016 26
1667 2977 1817 3030 καρπὸν

163 3039 245 3068 om.
374 3029 407 3068 C
