2132 3340
43 76 153 128 vn.
180 92 284 139 239
663 76 1098 125 HPOA‘OTOT
1159 77 1530 125 [ΣΤΟΡΙΩΝ
1593 77 1643 124 H

326 206 460 278 ξύλῳ
490 213 577 260 τοῦ
606 209 800 261 δελτίου
831 207 1023 275 ἔγραψε
1054 207 1144 272 τὴν
1173 207 1420 273 βασιλέος
1449 209 1666 276 γνώμην,
1693 207 1907 274 ποιήσας
1935 212 1990 263 δὲ

0 279 289 328 ww
326 297 478 344 ταῦτα
507 294 668 346 ὀπίσω
699 291 907 362 ἐπέτηξε
928 291 1014 344 τὸν
1039 292 1189 359 κηρὸν
1213 292 1295 345 ἐπὶ
1325 294 1386 344 τὰ
1416 292 1692 360 γράμματα,
1727 294 1807 345 ἵνα
1837 294 1988 361 φερό-

325 398 476 441 μενον
515 376 677 430 κεινὸν
720 377 777 428 τὸ
822 378 1020 429 δελτίον
1053 380 1207 443 μηδὲν
1245 380 1448 444 πρῆγμα
1486 377 1699 446 παρέχοι
1735 376 1856 446 πρὸς
1891 383 1991 431 τῶν

261 476 288 518 4
327 461 670 527 ὁδοφυλάκων.
759 462 867 514 ἐπεὶ
897 464 951 514 δὲ
983 461 1060 513 καὶ
1092 463 1292 515 ἀπίκετο
1323 463 1374 516 ἐς
1402 461 1494 526 τὴν
1522 456 1882 527 Λακεδαίμονα,
1905 462 1991 514 οὐκ

328 544 466 612 εἶχον
503 545 859 611 συμβαλέσθαι
901 548 947 598 οἱ
987 547 1384 612 Λακεδαιμόνιοι,
1424 547 1539 614 πρίν
1575 567 1634 614 γε
1672 544 1730 611 δή
1774 553 1886 614 σφι,
1927 547 1992 601 ὡς
2028 568 2052 611 5

328 631 426 695 ἐγὼ
477 629 802 695 πυνθάνομαι,
853 629 1165 696 Κλεομένεος
1215 633 1307 696 μὲν
1352 630 1583 699 θυγάτηρ,
1631 631 1885 683 Λεωνίδεω
1938 634 1992 684 δὲ

326 713 447 781 γυνὴ
482 716 653 782 Γοργὼ
687 714 896 767 ὑπέθετο
935 717 1306 782 ἐπιφρασθεῖσα
1341 714 1478 780 αὐτή,
1511 715 1597 767 τὸν
1636 715 1784 783 κηρὸν
1814 717 1992 768 ἐκκνᾶν

328 798 614 858 κελεύουσα,
643 799 721 850 καὶ
746 798 973 866 εὑρήσειν
998 799 1162 866 σφέας
1179 798 1442 867 γράμματα
1465 802 1519 851 ἐν
1539 804 1605 868 τῷ
1629 798 1779 869 ξύλῳ.
1823 800 1988 852 πειθό-

325 904 466 947 μενοι
512 886 566 936 δὲ
614 884 755 950 εὗρον
804 883 882 935 καὶ
929 882 1243 948 ἐπελέξαντο,
1294 884 1463 935 ἔπειτα
1509 886 1562 935 δὲ
1612 889 1745 935 τοῖσι
1784 882 1992 936 ἄλλοισι

317 965 546 1032 “Έλλησι
577 967 890 1020 ἐπέστειλαν.
967 973 1120 1020 ταῦτα
1142 971 1234 1034 μὲν
1263 968 1320 1032 δὴ
1353 970 1477 1021 οὕτω
1507 967 1707 1035 λέγεται
1736 967 1989 1035 γενέσθαι.
2031 985 2080 1016 10

327 1158 367 1197 R
385 1117 402 1143 1
438 1104 588 1158 ἔγραφε
612 1105 650 1143 R
667 1105 748 1176 SIV
912 1120 937 1145 2
969 1105 1135 1160 ἐπέταξε
1158 1105 1197 1144 R
1217 1119 1225 1144 :
1267 1104 1430 1158 ἐπέτεξε
1452 1105 1535 1145 SV
1697 1119 1722 1155 3
1752 1107 1884 1176 κεινὸν
1903 1119 1986 1145 om.

326 1226 349 1264 7
381 1159 542 1269 ἐΞπιῖφρ.
567 1161 1064 1258 Ηπαρεχεῗιέκῗᾶἵῖδῖἑέἔτὸι
1088 1218 1186 1258 κνᾶν
1206 1174 1272 1254 L4
1303 1160 1627 1266 ὁμοφέλδὶὶὲκοισι
1645 1162 1920 1255 οωὲῙίδέἳιῘῃ.
1948 1161 1988 1200 R
