2132 3340
92 37 179 86 IX.
206 49 278 98 44

945 34 995 81 H
1010 33 1376 83 ΡΟΔΟΤΟΎ

321 162 525 228 Μήδων,
552 163 604 217 ὃς
635 164 764 215 ἄλλο
794 167 887 230 μὲν
917 164 1057 216 οὐδὲν
1089 170 1399 233 παραγυμνοῖ
1425 165 1558 225 ἔπος,
1593 165 1900 234 στρατηγοὺς
1930 166 1984 220 δὲ

215 261 284 312 45
319 247 573 313 ὀνομάζων
606 247 797 301 ἐθέλειν
829 249 960 316 φησὶ
989 251 1041 303 ἐς
1069 250 1254 316 λόγους
1283 251 1466 302 ἐλθεῖν.
1533 252 1580 302 οἱ
1609 252 1662 301 δὲ
1695 250 1802 302 ἐπεὶ
1830 254 1983 302 ταῦτα

318 332 553 396 ἥκουσαν,
588 332 761 383 αὐτίκα
792 334 990 385 εἵποντο
1022 335 1073 387 ἐς
1102 335 1191 387 τὰς
1221 333 1463 400 φυλακάς.
1553 333 1899 400 ἀπικομένοισι
1928 336 1983 387 δὲ

265 431 274 438 ·
319 416 463 483 ὲλεγε
486 416 815 483 Ἀλέξανδρος
846 416 980 468 τάδε·
1017 416 1228 484 ’Ἄνδρες
1251 417 1520 483 Ἀθηναῖοι,
1555 416 1842 485 παραθήκην
1867 419 1982 483 ὑμῖν

0 532 314 618 Ἵμὶω
177 529 281 605 ἂν
318 502 377 550 τὰ
423 499 545 552 ἔπεα
587 500 704 553 τάδε
745 503 956 566 τίθεμαι,
1005 502 1591 569 ἀπόρρηταῇ-οιεύμενος
1634 501 1754 568 πρὸς
1797 501 2029 567 μηδένα5

222 562 487 688 ααλέγειν
509 582 659 649 ὑμέας
689 581 894 637 ἄλλον
870 608 900 649 η
925 587 1234 686 Παυσανίην,
1260 584 1326 651 μή
1356 608 1418 651 με
1447 588 1527 638 καὶ
1558 587 1890 653 διαφθείρητε·
1927 586 1984 638 οὗ

319 670 432 734 γὰρ
454 667 515 720 ἂν
560 669 752 735 ἔλεγον,
803 671 845 721 εἰ
885 691 952 734 μη
997 668 1228 736 μεγάλως
1274 671 1517 734 ἐκηδόμην
1562 669 1853 735 συναπάσης
1895 673 1984 734 τῆς

256 766 282 798 2
317 752 584 807 Ἑλλάδος.
646 753 792 815 αὐτός
816 775 869 806 τε
891 755 987 820 γὰρ
997 752 1197 818 ’Έλλην
1217 753 1367 821 γένος,
1385 754 1482 819 εἰμὶ
1506 754 1753 821 τώρχαῖον
1775 755 1855 806 καὶ
1877 753 1983 806 ἄντ’

0 1685 265 1738 ιιννδΜ

321 836 580 903 ἐλευθέρης
612 837 983 902 δεδουλωμένην
1015 837 1100 888 οὐκ
1130 837 1192 889 ἂν
1223 837 1444 903 ἐθέλοιμι
1474 839 1594 905 ὁρᾶν
1623 838 1713 903 τὴν
1740 836 1983 890 Ἐλλάδα.

318 919 451 986 λέγω
485 923 536 972 δὲ
572 918 639 972 ὧν
670 923 746 972 ὅτι
776 923 1042 991 Μαρδονίῳ
1073 942 1127 973 τε
1164 921 1243 973 καὶ
1273 923 1331 993 τῇ
1364 923 1569 994 στρατιῇ
1599 924 1661 974 τὰ
1697 921 1895 990 σφάγια
1927 921 1985 973 οὗ

319 1004 522 1056 δύναται
552 1005 822 1071 καταθύμια
852 1005 1104 1073 γενέσθαι·
1151 1005 1307 1058 πάλαι
1337 1008 1433 1073 γὰρ
1464 1005 1527 1058 ἂν
1556 1005 1824 1076 ἐμάχεσθε.
1896 1010 1984 1060 νῦν

318 1087 373 1140 δέ
413 1090 460 1141 οἱ
499 1087 724 1142 δέδοκται
761 1092 823 1141 τὰ
861 1092 952 1155 μὲν
987 1089 1186 1157 σφάγια
1228 1092 1314 1142 ἐᾶν
1352 1092 1562 1159 χαίρειν,
1601 1089 1701 1155 ἅμα
1738 1089 1894 1163 ἡμέρῃ
1930 1092 1983 1143 δὲ

318 1173 701 1246 διαφαυσκούσῃ
747 1173 1023 1240 συμβολὴν,
1058 1173 1334 1226 ποιέεσθαι·
1397 1175 1735 1243 καταρρώδηκε
1778 1176 1874 1242 γὰρ
1915 1174 1983 1242 μὴ

320 1263 526 1312 πλεῦνες
559 1262 892 1327 συλλεχθῆτε,
927 1258 992 1313 ὡς
1027 1260 1125 1326 ἐγὼ
1162 1259 1352 1322 εἰκάζω.
1441 1259 1562 1327 ’πρὸς
1598 1264 1751 1311 ταῦτα
1786 1258 1980 1325 ἑτοιμά-

321 1342 481 1405 ζεσθε.
568 1338 629 1406 ἢν
665 1346 716 1395 δὲ
758 1342 850 1411 ἄρα
885 1342 1234 1410 ὑπερβάληται
1266 1342 1357 1407 τὴν
1398 1343 1665 1409 συμβολὴν
1702 1344 1984 1411 Μαρδόνιος

320 1427 398 1478 καὶ
455 1426 521 1491 μὴ
574 1430 790 1491 ποιῆται,
842 1426 1102 1495 λιπαρέετε
1160 1426 1412 1493 μένοντες·
1478 1426 1689 1495 ὀλιγέων
1739 1427 1835 1496 γάρ
1887 1434 1985 1495 σφι

318 1509 540 1577 ἡμερέων
575 1512 800 1564 λείπεται
841 1513 990 1564 σιτία.
1078 1507 1138 1576 ἢν
1174 1514 1227 1565 δὲ
1263 1512 1381 1578 ὑμῖν
1416 1512 1444 1563 ὃ
1477 1513 1696 1577 πόλεμος
1738 1513 1820 1564 ὅδε
1860 1512 1984 1564 κατὰ

319 1595 436 1647 νόον
465 1594 760 1667 τελευτήσῃ,
792 1597 1081 1662 μνησθῆναί
1106 1618 1217 1648 τινα
1243 1595 1342 1664 χρὴ
1373 1597 1455 1648 καὶ
1484 1598 1599 1662 ἐμεῦ
1631 1596 1985 1664 ἐλευθερώσιος

320 1677 447 1746 πέρι,
480 1677 534 1733 ὃς
563 1679 827 1746 Ἑλλήνων
863 1681 1026 1733 εἵνεκα
1061 1681 1207 1747 ἔργον
1245 1682 1372 1733 οὕτω
1410 1680 1704 1748 παράβολον
1739 1680 1986 1749 ἔργασμαι

319 1762 415 1815 ὑπὸ
466 1766 752 1830 προθυμίης,
807 1763 996 1816 ἐθέλων
1045 1766 1160 1839 ὑμῖν
1210 1769 1438 1830 δηλῶσαι
1484 1764 1578 1830 τὴν
1627 1763 1848 1817 διάνοιαν
1893 1764 1984 1829 τὴν

269 1855 300 1865 ““
322 1849 620 1914 Μαρδονίου,
661 1849 742 1900 ἵνα
777 1847 842 1914 μὴ
880 1847 1160 1901 ἐπιπέσωσι
1195 1850 1308 1914 ὑμῖν
1339 1846 1612 1917 [ἐξαίφνης]
1649 1851 1697 1901 οἱ
1729 1847 1986 1916 βάρβαροι

318 1931 384 1996 μὴ
416 1931 869 1999 προσδεκομένοισί
905 1955 988 1985 κω.
1078 1933 1176 1998 εἰμὶ
1211 1935 1268 1985 δὲ
1294 1931 1625 2000 Ἀλέξανδρος
1662 1933 1689 1984 ὅ
1721 1932 1982 1986 Μακεδών.

321 2016 346 2065 ὁ
375 2018 467 2081 μὲν
497 2021 651 2067 ταῦτα
687 2019 827 2071 εἴπας
865 2015 1121 2082 ἀπήλαυνε
1155 2017 1319 2069 ὀπίσω
1355 2017 1499 2090 ἐςγτὸ
1537 2018 1874 2084 στρατόπεδον
1905 2018 1984 2069 καὶ

320 2099 410 2164 τὴν
441 2103 624 2152 ἑωυτοῦ
653 2100 809 2165 τάξιν·
857 2102 903 2153 οἱ
935 2103 987 2153 δὲ
1020 2101 1291 2168 στρατηγοὶ
1322 2106 1420 2153 τῶν
1444 2101 1721 2166 Ἀθηναίων
1753 2101 1984 2155 ἐλθόντες

322 2184 402 2236 ἐπὶ
454 2184 510 2236 τὸ
564 2184 724 2249 δεξιὸν
777 2184 920 2252 κέρας
971 2185 1152 2254 ἔλεγον
1199 2187 1467 2256 Παυσανίῃ
1515 2184 1578 2237 τά
1628 2207 1719 2252 περ
1765 2184 1985 2250 ἤκουσαν

322 2267 670 2335 Ἀλεξάνδρου.
760 2271 785 2319 ὁ
837 2272 890 2321 δὲ
935 2268 1091 2339 τούτῳ
1139 2274 1206 2338 τῷ
1256 2270 1392 2338 λόγῳ
1445 2267 1823 2336 καταρρωδήσας
1871 2267 1985 2322 τοὺς

324 2351 527 2419 Πέρσας
561 2354 704 2420 ἔλεγε
734 2353 867 2405 τάδε·
914 2352 1059 2405 Ἐπεὶ
1087 2354 1254 2405 τοίνυν
1285 2355 1335 2407 ἐς
1365 2352 1436 2418 ἠῶ
1465 2353 1496 2418 ἡ
1520 2352 1755 2419 συμβολὴ
1779 2353 1982 2420 γίνεται,

2011 944 2060 973 10

2012 1364 2059 1406 15

2011 1764 2077 1814 20⁴

377 2504 402 2529 2
432 2489 551 2542 φησὶ]
575 2498 648 2541 σφι
671 2490 704 2528 C
842 2503 868 2540 3
900 2490 1046 2531 ἕποντο
1069 2490 1101 2529 C
1116 2490 1149 2529 P
1314 2502 1338 2539 5
1369 2490 1466 2531 τάδε
1487 2490 1539 2531 τὰ
1560 2490 1658 2531 ἔπεα
1681 2489 1788 2528 SV:
1817 2489 1913 2530 τάδε
1934 2491 1985 2530 τὰ

324 2545 444 2585 ἔπαθε
460 2544 507 2597 Β
696 2546 723 2583 6
752 2545 816 2585 καὶ
838 2557 919 2585 om.
944 2545 978 2583 C
993 2545 1026 2583 P
1220 2558 1247 2595 9
1279 2545 1502 2598 ἐλευθερίης
1525 2544 1559 2584 C
1699 2543 1827 2595 ἕλοιμι
1850 2543 1888 2581 R
1905 2544 1986 2583 SV

327 2612 374 2636 12
408 2598 454 2639 δέ
472 2600 508 2639 οἵ
527 2612 608 2638 om.
638 2597 676 2636 R
785 2597 862 2649 μὲν
880 2599 934 2640 τὰ
957 2599 1072 2639 RV:
1104 2601 1155 2640 τὰ
1175 2599 1207 2638 S
1375 2611 1423 2648 13
1454 2597 1728 2653 διαφασκούσῃ
1749 2598 1803 2636 A¹
1820 2597 1854 2636 B
1878 2598 1983 2639 Lex.

322 2654 448 2694 Vind.
471 2666 520 2702 51
541 2667 550 2693 ε
582 2653 862 2707 διαφωσκούσῃ
884 2652 944 2692 A²
1130 2654 1367 2704 συμβουλὴν
1388 2654 1426 2692 R
1440 2652 1494 2692 V¹
1686 2653 1985 2722 καταρρωδήκεε
2006 2689 2018 2699 ,

325 2707 363 2744 R
379 2707 409 2746 S
423 2708 461 2747 V
631 2721 678 2758 14
709 2710 944 2761 συλλεγῆτε
969 2708 1008 2746 R
1023 2708 1053 2748 S
1066 2708 1104 2746 V
1271 2710 1321 2746 16
1349 2707 1541 2759 λιπάρετε
1561 2707 1630 2746 V:
1664 2706 1857 2761 λιπαρέτε
1876 2724 1922 2747 τε
1945 2706 1984 2745 R

324 2762 475 2814 ὀλίγων
497 2762 530 2801 L
685 2764 732 2801 18
765 2762 833 2814 ἐμὲ
855 2763 890 2802 C
1027 2775 1093 2812 '19
1122 2764 1226 2803 οὕτω
1249 2761 1366 2815 ἔργον
1386 2761 1474 2800 ΑΒ
1490 2761 1523 2800 C
1538 2762 1570 2800 P
1716 2774 1764 2800 21
1800 2761 1984 2813 ἐξαίφνης

324 2822 421 2866 post
449 2817 646 2870 βάρβαροι
670 2815 749 2857 ΡῙέ
779 2830 861 2856 om.
888 2817 926 2856 R
943 2816 1024 2856 SV
1243 2830 1296 2856 22
1324 2815 1426 2868 μηδὲ
1447 2816 1481 2854 C
1497 2815 1545 2854 Ρ1
1657 2819 1868 2870 προδεκομ.
1894 2813 1985 2854 RV

325 2883 378 2920 23
407 2870 632 2912 ἆπέλαυνεν
656 2870 695 2909 R
710 2871 741 2910 S
755 2871 793 2911 V
