<?xml version="1.0" encoding="UTF-8"?>
<!DOCTYPE html PUBLIC "-//W3C//DTD XHTML 1.0 Transitional//EN"
    "http://www.w3.org/TR/xhtml1/DTD/xhtml1-transitional.dtd">
<html xmlns="http://www.w3.org/1999/xhtml" xml:lang="en" lang="en">
 <head>
  <title>
</title>
<meta http-equiv="Content-Type" content="text/html;charset=utf-8" />
  <meta name='ocr-system' content='tesseract 3.04.00' />
  <meta name='ocr-capabilities' content='ocr_page ocr_carea ocr_par ocr_line ocrx_word'/>
</head>
<body>
  <div class='ocr_page' id='page_1' title='image "./herodotihistoria02herouoft_0366.png"; bbox 0 0 2132 3340; ppageno 0'>
   <div class='ocr_carea' id='block_1_1' title="bbox 135 55 320 116">
    <p class='ocr_par' dir='ltr' id='par_1_1' title="bbox 135 55 320 116">
     <span class='ocr_line' id='line_1_1' title="bbox 135 55 320 116; baseline -0.005 -12"><span class='ocrx_word' id='word_1_1' title='bbox 135 55 222 106; x_wconf 90' lang='lat' dir='ltr'>IX.</span> <span class='ocrx_word' id='word_1_2' title='bbox 250 56 320 116; x_wconf 89' lang='lat'>56</span> 
     </span>
    </p>
   </div>
   <div class='ocr_carea' id='block_1_2' title="bbox 0 369 324 413">
    <p class='ocr_par' dir='ltr' id='par_1_2' title="bbox 0 369 324 413">
     <span class='ocr_line' id='line_1_2' title="bbox 0 369 324 413; baseline -0.003 -7"><span class='ocrx_word' id='word_1_3' title='bbox 0 369 119 406; x_wconf 56' lang='lat' dir='ltr'>adn-r</span> <span class='ocrx_word' id='word_1_4' title='bbox 137 369 324 413; x_wconf 57' lang='lat' dir='ltr'>nou-52</span> 
     </span>
    </p>
   </div>
   <div class='ocr_carea' id='block_1_3' title="bbox 0 439 294 543">
    <p class='ocr_par' dir='ltr' id='par_1_3' title="bbox 0 439 294 543">
     <span class='ocr_line' id='line_1_3' title="bbox 0 439 294 543; baseline -0.068 0"><span class='ocrx_word' id='word_1_5' title='bbox 0 439 294 543; x_wconf 32' lang='grc' dir='ltr'>σαυππε</span> 
     </span>
    </p>
   </div>
   <div class='ocr_carea' id='block_1_4' title="bbox 261 621 322 672">
    <p class='ocr_par' dir='ltr' id='par_1_4' title="bbox 261 621 322 672">
     <span class='ocr_line' id='line_1_4' title="bbox 261 621 322 672; baseline -0.016 0"><span class='ocrx_word' id='word_1_6' title='bbox 261 621 322 672; x_wconf 92' lang='grc'>57</span> 
     </span>
    </p>
   </div>
   <div class='ocr_carea' id='block_1_5' title="bbox 979 52 1410 101">
    <p class='ocr_par' dir='ltr' id='par_1_5' title="bbox 979 52 1410 101">
     <span class='ocr_line' id='line_1_5' title="bbox 979 52 1410 101; baseline 0.005 -2"><span class='ocrx_word' id='word_1_7' title='bbox 979 52 1410 101; x_wconf 78' lang='grc' dir='ltr'>ΗΡΟΔΟΤΟὙ</span> 
     </span>
    </p>
   </div>
   <div class='ocr_carea' id='block_1_6' title="bbox 359 182 2026 759">
    <p class='ocr_par' dir='ltr' id='par_1_6' title="bbox 359 182 2026 759">
     <span class='ocr_line' id='line_1_6' title="bbox 361 182 2021 253; baseline 0.001 -19"><span class='ocrx_word' id='word_1_8' title='bbox 361 182 534 235; x_wconf 88' lang='grc' dir='ltr'>ἄλλων</span> <span class='ocrx_word' id='word_1_9' title='bbox 578 185 983 249; x_wconf 83' lang='grc' dir='ltr'>Λακεδαιμονίων</span> <span class='ocrx_word' id='word_1_10' title='bbox 1025 184 1419 253; x_wconf 85' lang='grc' dir='ltr'>ἆποστιχόντων,</span> <span class='ocrx_word' id='word_1_11' title='bbox 1465 186 1527 235; x_wconf 83' lang='grc' dir='ltr'>τὰ</span> <span class='ocrx_word' id='word_1_12' title='bbox 1578 183 1636 249; x_wconf 77' lang='grc' dir='ltr'>δὴ</span> <span class='ocrx_word' id='word_1_13' title='bbox 1683 183 1760 235; x_wconf 86' lang='grc' dir='ltr'>καὶ</span> <span class='ocrx_word' id='word_1_14' title='bbox 1808 183 2021 251; x_wconf 81' lang='grc' dir='ltr'>ἐγένετο,</span> 
     </span>
     <span class='ocr_line' id='line_1_7' title="bbox 363 266 2024 334; baseline 0.002 -16"><span class='ocrx_word' id='word_1_15' title='bbox 363 266 588 333; x_wconf 79' lang='grc' dir='ltr'>σημήνας</span> <span class='ocrx_word' id='word_1_16' title='bbox 641 268 803 334; x_wconf 84' lang='grc' dir='ltr'>ἀπῆγε</span> <span class='ocrx_word' id='word_1_17' title='bbox 852 271 932 319; x_wconf 82' lang='grc' dir='ltr'>διὰ</span> <span class='ocrx_word' id='word_1_18' title='bbox 976 273 1076 320; x_wconf 84' lang='grc' dir='ltr'>τῶν</span> <span class='ocrx_word' id='word_1_19' title='bbox 1129 273 1359 320; x_wconf 83' lang='grc' dir='ltr'>κολωνῶν</span> <span class='ocrx_word' id='word_1_20' title='bbox 1406 267 1519 321; x_wconf 85' lang='grc' dir='ltr'>τοὺς</span> <span class='ocrx_word' id='word_1_21' title='bbox 1568 267 1775 322; x_wconf 84' lang='grc' dir='ltr'>λοιποὺς</span> <span class='ocrx_word' id='word_1_22' title='bbox 1821 267 2024 322; x_wconf 83' lang='grc' dir='ltr'>πάντας·</span> 
     </span>
     <span class='ocr_line' id='line_1_8' title="bbox 363 347 2026 427; baseline 0 -24"><span class='ocrx_word' id='word_1_23' title='bbox 363 353 561 404; x_wconf 81' lang='grc' dir='ltr'>εἵποντο</span> <span class='ocrx_word' id='word_1_24' title='bbox 592 354 646 405; x_wconf 78' lang='grc' dir='ltr'>δὲ</span> <span class='ocrx_word' id='word_1_25' title='bbox 676 353 756 403; x_wconf 85' lang='grc' dir='ltr'>καὶ</span> <span class='ocrx_word' id='word_1_26' title='bbox 785 347 1047 418; x_wconf 73' lang='grc' dir='ltr'>Τεγεῆται.</span> <span class='ocrx_word' id='word_1_27' title='bbox 1117 352 1374 418; x_wconf 91' lang='grc' dir='ltr'>Ἀθηναῖοι</span> <span class='ocrx_word' id='word_1_28' title='bbox 1402 355 1455 405; x_wconf 85' lang='grc' dir='ltr'>δὲ</span> <span class='ocrx_word' id='word_1_29' title='bbox 1486 351 1755 427; x_wconf 65' lang='grc' dir='ltr'>ταχθέντες</span> <span class='ocrx_word' id='word_1_30' title='bbox 1783 351 1936 417; x_wconf 83' lang='grc' dir='ltr'>ἤισαν</span> <span class='ocrx_word' id='word_1_31' title='bbox 1964 355 2026 419; x_wconf 60' lang='grc' dir='ltr'>τὰ</span> 
     </span>
     <span class='ocr_line' id='line_1_9' title="bbox 361 431 2022 505; baseline 0.001 -18"><span class='ocrx_word' id='word_1_32' title='bbox 361 437 575 505; x_wconf 70' lang='grc' dir='ltr'>ἔμπαλιν</span> <span class='ocrx_word' id='word_1_33' title='bbox 607 431 637 500; x_wconf 88' lang='grc' dir='ltr'>ἢ</span> <span class='ocrx_word' id='word_1_34' title='bbox 669 438 1065 503; x_wconf 90' lang='grc' dir='ltr'>Λακεδαιμόνιοι·</span> <span class='ocrx_word' id='word_1_35' title='bbox 1111 439 1158 489; x_wconf 83' lang='grc' dir='ltr'>οἱ</span> <span class='ocrx_word' id='word_1_36' title='bbox 1193 439 1284 503; x_wconf 78' lang='grc' dir='ltr'>μὲν</span> <span class='ocrx_word' id='word_1_37' title='bbox 1315 439 1409 504; x_wconf 86' lang='grc' dir='ltr'>γὰρ</span> <span class='ocrx_word' id='word_1_38' title='bbox 1439 442 1536 489; x_wconf 83' lang='grc' dir='ltr'>τῶν</span> <span class='ocrx_word' id='word_1_39' title='bbox 1571 459 1625 489; x_wconf 90' lang='grc' dir='ltr'>τε</span> <span class='ocrx_word' id='word_1_40' title='bbox 1662 436 1826 504; x_wconf 86' lang='grc' dir='ltr'>ὄχθων</span> <span class='ocrx_word' id='word_1_41' title='bbox 1863 438 2022 489; x_wconf 83' lang='grc' dir='ltr'>ἀντεί-</span> 
     </span>
     <span class='ocr_line' id='line_1_10' title="bbox 360 520 2025 588; baseline 0.001 -17"><span class='ocrx_word' id='word_1_42' title='bbox 360 542 515 587; x_wconf 91' lang='grc' dir='ltr'>χοντο</span> <span class='ocrx_word' id='word_1_43' title='bbox 558 521 638 572; x_wconf 90' lang='grc' dir='ltr'>καὶ</span> <span class='ocrx_word' id='word_1_44' title='bbox 683 524 771 585; x_wconf 86' lang='grc' dir='ltr'>τῆς</span> <span class='ocrx_word' id='word_1_45' title='bbox 816 521 1040 588; x_wconf 83' lang='grc' dir='ltr'>ὑπωρέης</span> <span class='ocrx_word' id='word_1_46' title='bbox 1083 526 1171 572; x_wconf 86' lang='grc' dir='ltr'>τοῦ</span> <span class='ocrx_word' id='word_1_47' title='bbox 1217 524 1536 588; x_wconf 84' lang='grc' dir='ltr'>Κιθαιρῶνος,</span> <span class='ocrx_word' id='word_1_48' title='bbox 1584 521 1892 588; x_wconf 86' lang='grc' dir='ltr'>φοβεόμενοι</span> <span class='ocrx_word' id='word_1_49' title='bbox 1934 520 2025 585; x_wconf 80' lang='grc' dir='ltr'>τὴν</span> 
     </span>
     <span class='ocr_line' id='line_1_11' title="bbox 362 594 2022 673; baseline 0.001 -17"><span class='ocrx_word' id='word_1_50' title='bbox 362 606 529 664; x_wconf 83' lang='grc' dir='ltr'>ἵππον,</span> <span class='ocrx_word' id='word_1_51' title='bbox 550 605 806 670; x_wconf 85' lang='grc' dir='ltr'>Ἀθηναῖοι</span> <span class='ocrx_word' id='word_1_52' title='bbox 825 608 878 657; x_wconf 81' lang='grc' dir='ltr'>δὲ</span> <span class='ocrx_word' id='word_1_53' title='bbox 898 605 1026 658; x_wconf 89' lang='grc' dir='ltr'>κάτω</span> <span class='ocrx_word' id='word_1_54' title='bbox 1047 605 1350 673; x_wconf 84' lang='grc' dir='ltr'>τραφθέντες</span> <span class='ocrx_word' id='word_1_55' title='bbox 1371 607 1420 659; x_wconf 91' lang='grc' dir='ltr'>ἐς</span> <span class='ocrx_word' id='word_1_56' title='bbox 1438 605 1494 656; x_wconf 87' lang='grc' dir='ltr'>τὸ</span> <span class='ocrx_word' id='word_1_57' title='bbox 1513 606 1698 657; x_wconf 87' lang='grc' dir='ltr'>πεδίον.</span> <span class='ocrx_word' id='word_1_58' title='bbox 1761 594 2022 672; x_wconf 87' lang='grc' dir='ltr'>Ἀμομφά-</span> 
     </span>
     <span class='ocr_line' id='line_1_12' title="bbox 359 687 2026 759; baseline 0.001 -19"><span class='ocrx_word' id='word_1_59' title='bbox 359 710 501 754; x_wconf 90' lang='grc' dir='ltr'>ρετος</span> <span class='ocrx_word' id='word_1_60' title='bbox 545 692 599 741; x_wconf 80' lang='grc' dir='ltr'>δὲ</span> <span class='ocrx_word' id='word_1_61' title='bbox 643 689 803 759; x_wconf 86' lang='grc' dir='ltr'>ἀρχήν</span> <span class='ocrx_word' id='word_1_62' title='bbox 846 712 905 757; x_wconf 86' lang='grc' dir='ltr'>γε</span> <span class='ocrx_word' id='word_1_63' title='bbox 950 691 1139 755; x_wconf 82' lang='grc' dir='ltr'>οὐδαμὰ</span> <span class='ocrx_word' id='word_1_64' title='bbox 1185 689 1368 742; x_wconf 87' lang='grc' dir='ltr'>δοκέων</span> <span class='ocrx_word' id='word_1_65' title='bbox 1414 690 1710 754; x_wconf 84' lang='grc' dir='ltr'>Παυσανίην</span> <span class='ocrx_word' id='word_1_66' title='bbox 1753 687 2026 754; x_wconf 84' lang='grc' dir='ltr'>τολμήσειν</span> 
     </span>
    </p>
   </div>
   <div class='ocr_carea' id='block_1_7' title="bbox 0 772 2026 848">
    <p class='ocr_par' dir='ltr' id='par_1_7' title="bbox 0 772 2026 848">
     <span class='ocr_line' id='line_1_13' title="bbox 0 772 2026 848; baseline -0 -21"><span class='ocrx_word' id='word_1_67' title='bbox 0 776 342 846; x_wconf 49' lang='grc' dir='ltr'>μικῶηἶιῧῆ</span> <span class='ocrx_word' id='word_1_68' title='bbox 362 772 542 839; x_wconf 85' lang='grc' dir='ltr'>σφέας’</span> <span class='ocrx_word' id='word_1_69' title='bbox 556 775 825 826; x_wconf 84' lang='grc' dir='ltr'>ἀπολιπεῖν</span> <span class='ocrx_word' id='word_1_70' title='bbox 847 776 1125 848; x_wconf 43' lang='grc' dir='ltr'>περιείχετο</span> <span class='ocrx_word' id='word_1_71' title='bbox 1157 773 1304 825; x_wconf 84' lang='grc' dir='ltr'>αὐτοῦ</span> <span class='ocrx_word' id='word_1_72' title='bbox 1332 773 1571 839; x_wconf 87' lang='grc' dir='ltr'>μένοντας</span> <span class='ocrx_word' id='word_1_73' title='bbox 1600 772 1664 839; x_wconf 76' lang='grc' dir='ltr'>μὴ</span> <span class='ocrx_word' id='word_1_74' title='bbox 1691 775 1914 825; x_wconf 83' lang='grc' dir='ltr'>ἐκλιπεῖν</span> <span class='ocrx_word' id='word_1_75' title='bbox 1935 772 2026 838; x_wconf 80' lang='grc' dir='ltr'>τὴν</span> 
     </span>
    </p>
   </div>
   <div class='ocr_carea' id='block_1_8' title="bbox 0 957 243 1030">
    <p class='ocr_par' dir='ltr' id='par_1_8' title="bbox 0 957 243 1030">
     <span class='ocr_line' id='line_1_14' title="bbox 0 957 243 1030; baseline 0 -19"><span class='ocrx_word' id='word_1_76' title='bbox 0 957 243 1030; x_wconf 46' lang='lat' dir='ltr'>„my-¹&lt;</span> 
     </span>
    </p>
   </div>
   <div class='ocr_carea' id='block_1_9' title="bbox 0 1026 323 1103">
    <p class='ocr_par' dir='ltr' id='par_1_9' title="bbox 0 1026 323 1103">
     <span class='ocr_line' id='line_1_15' title="bbox 0 1026 323 1103; baseline 0.006 -36"><span class='ocrx_word' id='word_1_77' title='bbox 0 1051 12 1075; x_wconf 69' lang='grc'>,</span> <span class='ocrx_word' id='word_1_78' title='bbox 38 1026 323 1103; x_wconf 36' lang='lat' dir='ltr'>mind?</span> 
     </span>
    </p>
   </div>
   <div class='ocr_carea' id='block_1_10' title="bbox 361 855 2025 1015">
    <p class='ocr_par' dir='ltr' id='par_1_10' title="bbox 361 855 2025 1015">
     <span class='ocr_line' id='line_1_16' title="bbox 361 855 2023 930; baseline 0.001 -22"><span class='ocrx_word' id='word_1_79' title='bbox 361 856 518 922; x_wconf 82' lang='grc' dir='ltr'>τάξιν·</span> <span class='ocrx_word' id='word_1_80' title='bbox 566 859 931 926; x_wconf 90' lang='grc' dir='ltr'>προτερεόντων</span> <span class='ocrx_word' id='word_1_81' title='bbox 969 862 1022 911; x_wconf 80' lang='grc' dir='ltr'>δὲ</span> <span class='ocrx_word' id='word_1_82' title='bbox 1057 864 1156 911; x_wconf 85' lang='grc' dir='ltr'>τῶν</span> <span class='ocrx_word' id='word_1_83' title='bbox 1193 858 1286 910; x_wconf 85' lang='grc' dir='ltr'>σὺν</span> <span class='ocrx_word' id='word_1_84' title='bbox 1318 859 1597 930; x_wconf 88' lang='grc' dir='ltr'>Παυσανίῃ,</span> <span class='ocrx_word' id='word_1_85' title='bbox 1633 855 1902 922; x_wconf 81' lang='grc' dir='ltr'>καταδόξας</span> <span class='ocrx_word' id='word_1_86' title='bbox 1938 857 2023 909; x_wconf 84' lang='grc' dir='ltr'>αὖ-</span> 
     </span>
     <span class='ocr_line' id='line_1_17' title="bbox 361 941 2025 1015; baseline 0.001 -22"><span class='ocrx_word' id='word_1_87' title='bbox 361 942 474 996; x_wconf 88' lang='grc' dir='ltr'>τοὺς</span> <span class='ocrx_word' id='word_1_88' title='bbox 515 942 810 1015; x_wconf 52' lang='grc' dir='ltr'>ῑθέῃ-[έχνῃ</span> <span class='ocrx_word' id='word_1_89' title='bbox 847 944 1140 996; x_wconf 85' lang='grc' dir='ltr'>ἀπολείπειν</span> <span class='ocrx_word' id='word_1_90' title='bbox 1176 942 1342 1002; x_wconf 85' lang='grc' dir='ltr'>αὐτόν,</span> <span class='ocrx_word' id='word_1_91' title='bbox 1380 942 1705 1008; x_wconf 85' lang='grc' dir='ltr'>ἀναλαβόντα</span> <span class='ocrx_word' id='word_1_92' title='bbox 1742 941 1829 994; x_wconf 86' lang='grc' dir='ltr'>τὸν</span> <span class='ocrx_word' id='word_1_93' title='bbox 1865 942 2025 1011; x_wconf 88' lang='grc' dir='ltr'>λόχον</span> 
     </span>
    </p>
   </div>
   <div class='ocr_carea' id='block_1_11' title="bbox 2048 539 2072 580">
    <p class='ocr_par' dir='ltr' id='par_1_11' title="bbox 2048 539 2072 580">
     <span class='ocr_line' id='line_1_18' title="bbox 2048 539 2072 580; baseline 0 0"><span class='ocrx_word' id='word_1_94' title='bbox 2048 539 2072 580; x_wconf 91' lang='grc'>5</span> 
     </span>
    </p>
   </div>
   <div class='ocr_carea' id='block_1_12' title="bbox 2052 967 2101 998">
    <p class='ocr_par' dir='ltr' id='par_1_12' title="bbox 2052 967 2101 998">
     <span class='ocr_line' id='line_1_19' title="bbox 2052 967 2101 998; baseline 0.041 -2"><span class='ocrx_word' id='word_1_95' title='bbox 2052 967 2101 998; x_wconf 92' lang='lat'>10</span> 
     </span>
    </p>
   </div>
   <div class='ocr_carea' id='block_1_13' title="bbox 361 1026 2096 1095">
    <p class='ocr_par' dir='ltr' id='par_1_13' title="bbox 361 1026 2096 1095">
     <span class='ocr_line' id='line_1_20' title="bbox 361 1026 2096 1095; baseline 0 -17"><span class='ocrx_word' id='word_1_96' title='bbox 361 1028 423 1077; x_wconf 81' lang='grc' dir='ltr'>τὰ</span> <span class='ocrx_word' id='word_1_97' title='bbox 452 1027 586 1080; x_wconf 89' lang='grc' dir='ltr'>ὅπλα</span> <span class='ocrx_word' id='word_1_98' title='bbox 616 1026 706 1094; x_wconf 83' lang='grc' dir='ltr'>ἦγε</span> <span class='ocrx_word' id='word_1_99' title='bbox 741 1026 906 1093; x_wconf 84' lang='grc' dir='ltr'>βάδην</span> <span class='ocrx_word' id='word_1_100' title='bbox 935 1027 1058 1095; x_wconf 88' lang='grc' dir='ltr'>πρὸς</span> <span class='ocrx_word' id='word_1_101' title='bbox 1086 1027 1144 1080; x_wconf 85' lang='grc' dir='ltr'>τὸ</span> <span class='ocrx_word' id='word_1_102' title='bbox 1178 1027 1309 1078; x_wconf 84' lang='grc' dir='ltr'>ἄλλο</span> <span class='ocrx_word' id='word_1_103' title='bbox 1346 1031 1544 1094; x_wconf 90' lang='grc' dir='ltr'>στῖφος.</span> <span class='ocrx_word' id='word_1_104' title='bbox 1631 1026 1688 1078; x_wconf 91' lang='grc' dir='ltr'>τὸ</span> <span class='ocrx_word' id='word_1_105' title='bbox 1718 1028 1771 1079; x_wconf 81' lang='grc' dir='ltr'>δὲ</span> <span class='ocrx_word' id='word_1_106' title='bbox 1805 1026 2025 1079; x_wconf 84' lang='grc' dir='ltr'>ἀπελθὸν</span> <span class='ocrx_word' id='word_1_107' title='bbox 2092 1048 2096 1052; x_wconf 78' lang='grc'><strong>’</strong></span> 
     </span>
    </p>
   </div>
   <div class='ocr_carea' id='block_1_14' title="bbox 1126 1084 1407 1096">
    <p class='ocr_par' dir='ltr' id='par_1_14' title="bbox 1126 1084 1407 1096">
     <span class='ocr_line' id='line_1_21' title="bbox 1126 1084 1407 1096; baseline 0 2244"><span class='ocrx_word' id='word_1_108' title='bbox 1126 1084 1407 1096; x_wconf 95' lang='lat' dir='ltr'> </span> 
     </span>
    </p>
   </div>
   <div class='ocr_carea' id='block_1_15' title="bbox 360 1108 2025 1856">
    <p class='ocr_par' dir='ltr' id='par_1_15' title="bbox 360 1108 2025 1856">
     <span class='ocr_line' id='line_1_22' title="bbox 361 1108 2021 1179; baseline 0.001 -18"><span class='ocrx_word' id='word_1_109' title='bbox 361 1112 489 1163; x_wconf 86' lang='grc' dir='ltr'>ὅσον</span> <span class='ocrx_word' id='word_1_110' title='bbox 516 1133 573 1164; x_wconf 91' lang='grc' dir='ltr'>τε</span> <span class='ocrx_word' id='word_1_111' title='bbox 600 1111 822 1179; x_wconf 88' lang='grc' dir='ltr'>τέσσερα</span> <span class='ocrx_word' id='word_1_112' title='bbox 857 1111 1037 1164; x_wconf 89' lang='grc' dir='ltr'>στάδια</span> <span class='ocrx_word' id='word_1_113' title='bbox 1074 1111 1280 1178; x_wconf 83' lang='grc' dir='ltr'>ἀνέμενε</span> <span class='ocrx_word' id='word_1_114' title='bbox 1315 1111 1401 1163; x_wconf 85' lang='grc' dir='ltr'>τὸν</span> <span class='ocrx_word' id='word_1_115' title='bbox 1431 1108 1813 1178; x_wconf 88' lang='grc' dir='ltr'>Ἀμομφαρέτου</span> <span class='ocrx_word' id='word_1_116' title='bbox 1847 1111 2021 1178; x_wconf 90' lang='grc' dir='ltr'>λόχον,</span> 
     </span>
     <span class='ocr_line' id='line_1_23' title="bbox 362 1195 2025 1263; baseline 0.001 -16"><span class='ocrx_word' id='word_1_117' title='bbox 362 1196 473 1262; x_wconf 85' lang='grc' dir='ltr'>περὶ</span> <span class='ocrx_word' id='word_1_118' title='bbox 524 1201 746 1262; x_wconf 87' lang='grc' dir='ltr'>ποταμὸν</span> <span class='ocrx_word' id='word_1_119' title='bbox 795 1198 1064 1250; x_wconf 88' lang='grc' dir='ltr'>Μολόεντα</span> <span class='ocrx_word' id='word_1_120' title='bbox 1114 1195 1372 1263; x_wconf 83' lang='grc' dir='ltr'>ἱδρυμένον</span> <span class='ocrx_word' id='word_1_121' title='bbox 1418 1195 1708 1263; x_wconf 86' lang='grc' dir='ltr'>Ἀργιόπιόν</span> <span class='ocrx_word' id='word_1_122' title='bbox 1757 1217 1809 1248; x_wconf 91' lang='grc' dir='ltr'>τε</span> <span class='ocrx_word' id='word_1_123' title='bbox 1859 1199 2025 1263; x_wconf 83' lang='grc' dir='ltr'>χῶρον</span> 
     </span>
     <span class='ocr_line' id='line_1_24' title="bbox 363 1278 2021 1355; baseline 0 -24"><span class='ocrx_word' id='word_1_124' title='bbox 363 1281 683 1346; x_wconf 89' lang='grc' dir='ltr'>καλεόμενον,</span> <span class='ocrx_word' id='word_1_125' title='bbox 717 1289 777 1355; x_wconf 80' lang='grc' dir='ltr'>τῇ</span> <span class='ocrx_word' id='word_1_126' title='bbox 807 1282 887 1333; x_wconf 90' lang='grc' dir='ltr'>καὶ</span> <span class='ocrx_word' id='word_1_127' title='bbox 920 1280 1181 1349; x_wconf 81' lang='grc' dir='ltr'>Δήμητρος</span> <span class='ocrx_word' id='word_1_128' title='bbox 1211 1279 1670 1347; x_wconf 53' lang='grc' dir='ltr'>Ἐλευσινίηςῶρδν</span> <span class='ocrx_word' id='word_1_129' title='bbox 1698 1279 1864 1344; x_wconf 83' lang='grc' dir='ltr'>ἧσται·</span> <span class='ocrx_word' id='word_1_130' title='bbox 1910 1278 2021 1332; x_wconf 81' lang='grc' dir='ltr'>ἀνέ-</span> 
     </span>
     <span class='ocr_line' id='line_1_25' title="bbox 362 1362 2023 1437; baseline -0.001 -21"><span class='ocrx_word' id='word_1_131' title='bbox 362 1386 478 1429; x_wconf 90' lang='grc' dir='ltr'>μενε</span> <span class='ocrx_word' id='word_1_132' title='bbox 509 1368 563 1418; x_wconf 82' lang='grc' dir='ltr'>δὲ</span> <span class='ocrx_word' id='word_1_133' title='bbox 591 1370 734 1418; x_wconf 85' lang='grc' dir='ltr'>τοῦδε</span> <span class='ocrx_word' id='word_1_134' title='bbox 765 1367 942 1426; x_wconf 83' lang='grc' dir='ltr'>εἵνεκα,</span> <span class='ocrx_word' id='word_1_135' title='bbox 976 1368 1057 1418; x_wconf 84' lang='grc' dir='ltr'>ἵνα</span> <span class='ocrx_word' id='word_1_136' title='bbox 1092 1362 1153 1430; x_wconf 83' lang='grc' dir='ltr'>ἢν</span> <span class='ocrx_word' id='word_1_137' title='bbox 1182 1365 1248 1431; x_wconf 80' lang='grc' dir='ltr'>μὴ</span> <span class='ocrx_word' id='word_1_138' title='bbox 1282 1367 1531 1437; x_wconf 88' lang='grc' dir='ltr'>ἀπολείπῃ</span> <span class='ocrx_word' id='word_1_139' title='bbox 1560 1364 1646 1417; x_wconf 89' lang='grc' dir='ltr'>τὸν</span> <span class='ocrx_word' id='word_1_140' title='bbox 1676 1369 1842 1432; x_wconf 86' lang='grc' dir='ltr'>χῶρον</span> <span class='ocrx_word' id='word_1_141' title='bbox 1873 1366 1926 1416; x_wconf 90' lang='grc' dir='ltr'>ἐν</span> <span class='ocrx_word' id='word_1_142' title='bbox 1957 1369 2023 1434; x_wconf 78' lang='grc' dir='ltr'>τῷ</span> 
     </span>
     <span class='ocr_line' id='line_1_26' title="bbox 363 1448 2025 1518; baseline -0.001 -18"><span class='ocrx_word' id='word_1_143' title='bbox 363 1448 632 1517; x_wconf 84' lang='grc' dir='ltr'>ἐτετάχατο</span> <span class='ocrx_word' id='word_1_144' title='bbox 679 1452 705 1501; x_wconf 91' lang='grc' dir='ltr'>ὁ</span> <span class='ocrx_word' id='word_1_145' title='bbox 751 1449 1133 1518; x_wconf 89' lang='grc' dir='ltr'>Ἀμομφάρετός</span> <span class='ocrx_word' id='word_1_146' title='bbox 1178 1472 1232 1502; x_wconf 92' lang='grc' dir='ltr'>τε</span> <span class='ocrx_word' id='word_1_147' title='bbox 1285 1451 1365 1502; x_wconf 89' lang='grc' dir='ltr'>καὶ</span> <span class='ocrx_word' id='word_1_148' title='bbox 1416 1451 1443 1501; x_wconf 87' lang='grc' dir='ltr'>ὁ</span> <span class='ocrx_word' id='word_1_149' title='bbox 1492 1449 1665 1518; x_wconf 87' lang='grc' dir='ltr'>λόχος,</span> <span class='ocrx_word' id='word_1_150' title='bbox 1715 1448 1830 1501; x_wconf 86' lang='grc' dir='ltr'>ἀλλ’</span> <span class='ocrx_word' id='word_1_151' title='bbox 1877 1448 2025 1500; x_wconf 81' lang='grc' dir='ltr'>αὐτοῦ</span> 
     </span>
     <span class='ocr_line' id='line_1_27' title="bbox 361 1531 2023 1602; baseline -0.001 -17"><span class='ocrx_word' id='word_1_152' title='bbox 361 1532 567 1598; x_wconf 88' lang='grc' dir='ltr'>μένωσι,</span> <span class='ocrx_word' id='word_1_153' title='bbox 600 1534 809 1599; x_wconf 87' lang='grc' dir='ltr'>βοηθέοι</span> <span class='ocrx_word' id='word_1_154' title='bbox 845 1536 1008 1587; x_wconf 88' lang='grc' dir='ltr'>ὀπίσω</span> <span class='ocrx_word' id='word_1_155' title='bbox 1042 1534 1418 1602; x_wconf 89' lang='grc' dir='ltr'>παρ’.ἐκείνους.</span> <span class='ocrx_word' id='word_1_156' title='bbox 1509 1535 1587 1586; x_wconf 87' lang='grc' dir='ltr'>καὶ</span> <span class='ocrx_word' id='word_1_157' title='bbox 1617 1535 1669 1586; x_wconf 85' lang='grc' dir='ltr'>οἵ</span> <span class='ocrx_word' id='word_1_158' title='bbox 1693 1555 1746 1585; x_wconf 91' lang='grc' dir='ltr'>τε</span> <span class='ocrx_word' id='word_1_159' title='bbox 1780 1533 1909 1599; x_wconf 82' lang='grc' dir='ltr'>ἀμφὶ</span> <span class='ocrx_word' id='word_1_160' title='bbox 1937 1531 2023 1584; x_wconf 85' lang='grc' dir='ltr'>τὸν</span> 
     </span>
     <span class='ocr_line' id='line_1_28' title="bbox 360 1615 2024 1687; baseline 0 -19"><span class='ocrx_word' id='word_1_161' title='bbox 360 1616 743 1687; x_wconf 89' lang='grc' dir='ltr'>Ἀμομφάρετον</span> <span class='ocrx_word' id='word_1_162' title='bbox 765 1620 1094 1687; x_wconf 84' lang='grc' dir='ltr'>παρεγίνοντό</span> <span class='ocrx_word' id='word_1_163' title='bbox 1117 1626 1214 1687; x_wconf 92' lang='grc' dir='ltr'>σφι</span> <span class='ocrx_word' id='word_1_164' title='bbox 1239 1620 1318 1671; x_wconf 89' lang='grc' dir='ltr'>καὶ</span> <span class='ocrx_word' id='word_1_165' title='bbox 1338 1619 1368 1684; x_wconf 89' lang='grc' dir='ltr'>ἡ</span> <span class='ocrx_word' id='word_1_166' title='bbox 1393 1619 1542 1672; x_wconf 85' lang='grc' dir='ltr'>ἵππος</span> <span class='ocrx_word' id='word_1_167' title='bbox 1565 1618 1594 1683; x_wconf 83' lang='grc' dir='ltr'>ἡ</span> <span class='ocrx_word' id='word_1_168' title='bbox 1619 1623 1717 1671; x_wconf 87' lang='grc' dir='ltr'>τῶν</span> <span class='ocrx_word' id='word_1_169' title='bbox 1746 1615 2024 1684; x_wconf 88' lang='grc' dir='ltr'>βαρβάρων</span> 
     </span>
     <span class='ocr_line' id='line_1_29' title="bbox 360 1701 2024 1771; baseline 0 -19"><span class='ocrx_word' id='word_1_170' title='bbox 360 1702 655 1767; x_wconf 90' lang='grc' dir='ltr'>προσέκειτο</span> <span class='ocrx_word' id='word_1_171' title='bbox 677 1707 832 1756; x_wconf 80' lang='grc' dir='ltr'>πᾶσα.</span> <span class='ocrx_word' id='word_1_172' title='bbox 906 1707 952 1756; x_wconf 84' lang='grc' dir='ltr'>οἱ</span> <span class='ocrx_word' id='word_1_173' title='bbox 983 1706 1078 1771; x_wconf 77' lang='grc' dir='ltr'>γὰρ</span> <span class='ocrx_word' id='word_1_174' title='bbox 1103 1704 1305 1756; x_wconf 83' lang='grc' dir='ltr'>ἱππόται</span> <span class='ocrx_word' id='word_1_175' title='bbox 1336 1703 1532 1755; x_wconf 91' lang='grc' dir='ltr'>ἐποίευν</span> <span class='ocrx_word' id='word_1_176' title='bbox 1555 1703 1661 1755; x_wconf 81' lang='grc' dir='ltr'>οῖον</span> <span class='ocrx_word' id='word_1_177' title='bbox 1692 1701 1771 1754; x_wconf 90' lang='grc' dir='ltr'>καὶ</span> <span class='ocrx_word' id='word_1_178' title='bbox 1802 1702 2024 1753; x_wconf 82' lang='grc' dir='ltr'>ἐώθεσαν</span> 
     </span>
     <span class='ocr_line' id='line_1_30' title="bbox 360 1785 2024 1856; baseline -0.001 -19"><span class='ocrx_word' id='word_1_179' title='bbox 360 1786 545 1839; x_wconf 89' lang='grc' dir='ltr'>ποιέειν</span> <span class='ocrx_word' id='word_1_180' title='bbox 569 1789 680 1847; x_wconf 83' lang='grc' dir='ltr'>αἰεί,</span> <span class='ocrx_word' id='word_1_181' title='bbox 708 1788 895 1842; x_wconf 82' lang='grc' dir='ltr'>ἰδόντες</span> <span class='ocrx_word' id='word_1_182' title='bbox 925 1791 979 1840; x_wconf 80' lang='grc' dir='ltr'>δὲ</span> <span class='ocrx_word' id='word_1_183' title='bbox 1008 1788 1093 1841; x_wconf 87' lang='grc' dir='ltr'>τὸν</span> <span class='ocrx_word' id='word_1_184' title='bbox 1123 1793 1288 1856; x_wconf 84' lang='grc' dir='ltr'>χῶρον</span> <span class='ocrx_word' id='word_1_185' title='bbox 1322 1787 1482 1840; x_wconf 87' lang='grc' dir='ltr'>κεινὸν</span> <span class='ocrx_word' id='word_1_186' title='bbox 1513 1789 1566 1839; x_wconf 92' lang='grc' dir='ltr'>ἐν</span> <span class='ocrx_word' id='word_1_187' title='bbox 1589 1791 1654 1856; x_wconf 81' lang='grc' dir='ltr'>τῷ</span> <span class='ocrx_word' id='word_1_188' title='bbox 1686 1785 1954 1854; x_wconf 88' lang='grc' dir='ltr'>ἐτετάχατο</span> <span class='ocrx_word' id='word_1_189' title='bbox 1977 1786 2024 1837; x_wconf 84' lang='grc' dir='ltr'>οἱ</span> 
     </span>
    </p>
   </div>
   <div class='ocr_carea' id='block_1_16' title="bbox 352 1868 2025 1945">
    <p class='ocr_par' dir='ltr' id='par_1_16' title="bbox 352 1868 2025 1945">
     <span class='ocr_line' id='line_1_31' title="bbox 352 1868 2025 1945; baseline -0.001 -23"><span class='ocrx_word' id='word_1_190' title='bbox 352 1870 607 1936; x_wconf 67' lang='grc' dir='ltr'>’Έλληνες</span> <span class='ocrx_word' id='word_1_191' title='bbox 636 1880 755 1945; x_wconf 81' lang='grc' dir='ltr'>τῇσι</span> <span class='ocrx_word' id='word_1_192' title='bbox 785 1871 1056 1944; x_wconf 87' lang='grc' dir='ltr'>προτέρῃσι</span> <span class='ocrx_word' id='word_1_193' title='bbox 1084 1871 1313 1943; x_wconf 84' lang='grc' dir='ltr'>ἡμέρῃσι,</span> <span class='ocrx_word' id='word_1_194' title='bbox 1339 1871 1556 1936; x_wconf 88' lang='grc' dir='ltr'>ἤλαυνον</span> <span class='ocrx_word' id='word_1_195' title='bbox 1578 1870 1692 1924; x_wconf 86' lang='grc' dir='ltr'>τοὺς</span> <span class='ocrx_word' id='word_1_196' title='bbox 1722 1868 2025 1942; x_wconf 36' lang='grc' dir='ltr'>ἵππους-,αἰεὶ</span> 
     </span>
    </p>
   </div>
   <div class='ocr_carea' id='block_1_17' title="bbox 360 1954 2024 2361">
    <p class='ocr_par' dir='ltr' id='par_1_17' title="bbox 360 1954 2024 2361">
     <span class='ocr_line' id='line_1_32' title="bbox 361 1954 1904 2027; baseline -0.001 -20"><span class='ocrx_word' id='word_1_197' title='bbox 361 1955 419 2007; x_wconf 85' lang='grc' dir='ltr'>τὸ</span> <span class='ocrx_word' id='word_1_198' title='bbox 449 1957 620 2023; x_wconf 92' lang='grc' dir='ltr'>πρόσω</span> <span class='ocrx_word' id='word_1_199' title='bbox 654 1957 732 2008; x_wconf 88' lang='grc' dir='ltr'>καὶ</span> <span class='ocrx_word' id='word_1_200' title='bbox 764 1955 864 2021; x_wconf 83' lang='grc' dir='ltr'>ἅμα</span> <span class='ocrx_word' id='word_1_201' title='bbox 895 1957 1268 2021; x_wconf 90' lang='grc' dir='ltr'>καταλαβόντες</span> <span class='ocrx_word' id='word_1_202' title='bbox 1298 1954 1607 2024; x_wconf 83' lang='grc' dir='ltr'>προσεκέατό</span> <span class='ocrx_word' id='word_1_203' title='bbox 1637 1961 1751 2022; x_wconf 89' lang='grc' dir='ltr'>σφι.</span> <span class='ocrx_word' id='word_1_204' title='bbox 1901 2025 1904 2027; x_wconf 8' lang='grc' dir='ltr'>μ</span> 
     </span>
     <span class='ocr_line' id='line_1_33' title="bbox 447 2036 2024 2107; baseline 0.001 -16"><span class='ocrx_word' id='word_1_205' title='bbox 447 2041 732 2107; x_wconf 91' lang='grc' dir='ltr'>Μαρδόνιος</span> <span class='ocrx_word' id='word_1_206' title='bbox 771 2043 823 2093; x_wconf 86' lang='grc' dir='ltr'>δὲ</span> <span class='ocrx_word' id='word_1_207' title='bbox 865 2040 929 2095; x_wconf 82' lang='grc' dir='ltr'>ὡς</span> <span class='ocrx_word' id='word_1_208' title='bbox 968 2041 1176 2093; x_wconf 88' lang='grc' dir='ltr'>ἐπύθετο</span> <span class='ocrx_word' id='word_1_209' title='bbox 1217 2040 1331 2094; x_wconf 81' lang='grc' dir='ltr'>τοὺς</span> <span class='ocrx_word' id='word_1_210' title='bbox 1363 2038 1623 2104; x_wconf 66' lang='grc' dir='ltr'>’Έλληνας</span> <span class='ocrx_word' id='word_1_211' title='bbox 1664 2036 2024 2107; x_wconf 82' lang='grc' dir='ltr'>ἀποιχομένους</span> 
     </span>
     <span class='ocr_line' id='line_1_34' title="bbox 360 2120 2024 2193; baseline -0.001 -17"><span class='ocrx_word' id='word_1_212' title='bbox 360 2124 456 2176; x_wconf 86' lang='grc' dir='ltr'>ὑπὸ</span> <span class='ocrx_word' id='word_1_213' title='bbox 487 2125 637 2177; x_wconf 89' lang='grc' dir='ltr'>νύκτα</span> <span class='ocrx_word' id='word_1_214' title='bbox 666 2124 765 2177; x_wconf 78' lang='grc' dir='ltr'>εἶδέ</span> <span class='ocrx_word' id='word_1_215' title='bbox 787 2146 841 2177; x_wconf 90' lang='grc' dir='ltr'>τε</span> <span class='ocrx_word' id='word_1_216' title='bbox 863 2124 950 2177; x_wconf 88' lang='grc' dir='ltr'>τὸν</span> <span class='ocrx_word' id='word_1_217' title='bbox 979 2130 1143 2193; x_wconf 83' lang='grc' dir='ltr'>χῶρον</span> <span class='ocrx_word' id='word_1_218' title='bbox 1167 2124 1364 2191; x_wconf 80' lang='grc' dir='ltr'>ἔρημον,</span> <span class='ocrx_word' id='word_1_219' title='bbox 1393 2123 1609 2176; x_wconf 86' lang='grc' dir='ltr'>καλέσας</span> <span class='ocrx_word' id='word_1_220' title='bbox 1638 2121 1725 2174; x_wconf 87' lang='grc' dir='ltr'>τὸν</span> <span class='ocrx_word' id='word_1_221' title='bbox 1747 2120 2024 2190; x_wconf 82' lang='grc' dir='ltr'>Ληρισαῖον</span> 
     </span>
     <span class='ocr_line' id='line_1_35' title="bbox 364 2204 2022 2276; baseline -0.002 -16"><span class='ocrx_word' id='word_1_222' title='bbox 364 2210 581 2276; x_wconf 83' lang='grc' dir='ltr'>Θώρηκα</span> <span class='ocrx_word' id='word_1_223' title='bbox 602 2210 678 2261; x_wconf 87' lang='grc' dir='ltr'>καὶ</span> <span class='ocrx_word' id='word_1_224' title='bbox 697 2208 811 2263; x_wconf 84' lang='grc' dir='ltr'>τοὺς</span> <span class='ocrx_word' id='word_1_225' title='bbox 830 2208 1106 2276; x_wconf 85' lang='grc' dir='ltr'>ἀδελφεοὺς</span> <span class='ocrx_word' id='word_1_226' title='bbox 1126 2208 1272 2260; x_wconf 82' lang='grc' dir='ltr'>αὐτοῦ</span> <span class='ocrx_word' id='word_1_227' title='bbox 1291 2208 1582 2274; x_wconf 84' lang='grc' dir='ltr'>Εὐρύπυλον</span> <span class='ocrx_word' id='word_1_228' title='bbox 1604 2207 1682 2258; x_wconf 88' lang='grc' dir='ltr'>καὶ</span> <span class='ocrx_word' id='word_1_229' title='bbox 1706 2204 2022 2274; x_wconf 90' lang='grc' dir='ltr'>Θρασυδήιον</span> 
     </span>
     <span class='ocr_line' id='line_1_36' title="bbox 362 2289 2020 2361; baseline -0.002 -16"><span class='ocrx_word' id='word_1_230' title='bbox 362 2293 523 2361; x_wconf 81' lang='grc' dir='ltr'>ἔλεγε·</span> <span class='ocrx_word' id='word_1_231' title='bbox 557 2293 630 2345; x_wconf 62' lang='lat'>³52</span> <span class='ocrx_word' id='word_1_232' title='bbox 654 2298 825 2347; x_wconf 91' lang='grc' dir='ltr'>παῖδες</span> <span class='ocrx_word' id='word_1_233' title='bbox 847 2293 1085 2354; x_wconf 84' lang='grc' dir='ltr'>Ἀλεύεω,</span> <span class='ocrx_word' id='word_1_234' title='bbox 1112 2293 1186 2345; x_wconf 86' lang='grc' dir='ltr'>ἔτι</span> <span class='ocrx_word' id='word_1_235' title='bbox 1207 2294 1258 2345; x_wconf 91' lang='grc' dir='ltr'>τί</span> <span class='ocrx_word' id='word_1_236' title='bbox 1275 2290 1449 2356; x_wconf 83' lang='grc' dir='ltr'>λέξετε</span> <span class='ocrx_word' id='word_1_237' title='bbox 1471 2291 1586 2343; x_wconf 90' lang='grc' dir='ltr'>τάδε</span> <span class='ocrx_word' id='word_1_238' title='bbox 1610 2292 1818 2357; x_wconf 85' lang='grc' dir='ltr'>ὁρῶντες</span> <span class='ocrx_word' id='word_1_239' title='bbox 1842 2289 2020 2357; x_wconf 83' lang='grc' dir='ltr'>ἔρημα,·</span> 
     </span>
    </p>
   </div>
   <div class='ocr_carea' id='block_1_18' title="bbox 360 2426 2021 3027">
    <p class='ocr_par' dir='ltr' id='par_1_18' title="bbox 360 2426 2021 3027">
     <span class='ocr_line' id='line_1_37' title="bbox 420 2426 2020 2483; baseline -0.003 -12"><span class='ocrx_word' id='word_1_240' title='bbox 420 2444 437 2470; x_wconf 92' lang='lat'>1</span> <span class='ocrx_word' id='word_1_241' title='bbox 471 2431 782 2483; x_wconf 83' lang='grc' dir='ltr'>ἆποστιχόντων</span> <span class='ocrx_word' id='word_1_242' title='bbox 802 2431 842 2470; x_wconf 92' lang='grc' dir='ltr'>Α</span> <span class='ocrx_word' id='word_1_243' title='bbox 855 2431 889 2470; x_wconf 92' lang='grc' dir='ltr'>Β</span> <span class='ocrx_word' id='word_1_244' title='bbox 907 2430 1085 2483; x_wconf 77' lang='lat' dir='ltr'>C0(1)P</span> <span class='ocrx_word' id='word_1_245' title='bbox 1098 2429 1128 2469; x_wconf 90' lang='lat' dir='ltr'>S</span> <span class='ocrx_word' id='word_1_246' title='bbox 1143 2429 1181 2469; x_wconf 94' lang='lat' dir='ltr'>V</span> <span class='ocrx_word' id='word_1_247' title='bbox 1199 2444 1209 2469; x_wconf 70' lang='grc' dir='ltr'>ε</span> <span class='ocrx_word' id='word_1_248' title='bbox 1238 2445 1399 2481; x_wconf 87' lang='grc' dir='ltr'>-στειχ-</span> <span class='ocrx_word' id='word_1_249' title='bbox 1422 2427 1474 2468; x_wconf 86' lang='lat' dir='ltr'>Cl</span> <span class='ocrx_word' id='word_1_250' title='bbox 1492 2429 1530 2467; x_wconf 91' lang='lat' dir='ltr'><strong>R</strong></span> <span class='ocrx_word' id='word_1_251' title='bbox 1693 2428 1758 2469; x_wconf 79' lang='grc' dir='ltr'>καὶ</span> <span class='ocrx_word' id='word_1_252' title='bbox 1778 2440 1861 2467; x_wconf 89' lang='lat' dir='ltr'>om.</span> <span class='ocrx_word' id='word_1_253' title='bbox 1884 2426 1923 2466; x_wconf 87' lang='lat' dir='ltr'>R</span> <span class='ocrx_word' id='word_1_254' title='bbox 1938 2426 1968 2467; x_wconf 90' lang='lat' dir='ltr'>S</span> <span class='ocrx_word' id='word_1_255' title='bbox 1981 2426 2020 2466; x_wconf 94' lang='lat' dir='ltr'>V</span> 
     </span>
     <span class='ocr_line' id='line_1_38' title="bbox 360 2481 2021 2540; baseline -0.004 -13"><span class='ocrx_word' id='word_1_256' title='bbox 360 2501 387 2537; x_wconf 87' lang='grc'><strong>3</strong></span> <span class='ocrx_word' id='word_1_257' title='bbox 425 2489 586 2540; x_wconf 85' lang='grc' dir='ltr'>ἣ(ι)σαν</span> <span class='ocrx_word' id='word_1_258' title='bbox 606 2486 695 2525; x_wconf 92' lang='grc' dir='ltr'>ΑΒ</span> <span class='ocrx_word' id='word_1_259' title='bbox 712 2486 746 2525; x_wconf 88' lang='lat' dir='ltr'>C</span> <span class='ocrx_word' id='word_1_260' title='bbox 966 2498 991 2535; x_wconf 89' lang='lat'>5</span> <span class='ocrx_word' id='word_1_261' title='bbox 1031 2485 1221 2538; x_wconf 84' lang='grc' dir='ltr'>ὑπωρείης</span> <span class='ocrx_word' id='word_1_262' title='bbox 1246 2485 1279 2523; x_wconf 91' lang='lat' dir='ltr'><strong>L</strong></span> <span class='ocrx_word' id='word_1_263' title='bbox 1500 2484 1528 2522; x_wconf 90' lang='lat'><strong>6</strong></span> <span class='ocrx_word' id='word_1_264' title='bbox 1562 2481 1810 2535; x_wconf 81' lang='grc' dir='ltr'>στραφέντες</span> <span class='ocrx_word' id='word_1_265' title='bbox 1839 2481 1899 2521; x_wconf 89' lang='lat' dir='ltr'>C:</span> <span class='ocrx_word' id='word_1_266' title='bbox 1930 2498 2021 2535; x_wconf 87' lang='grc' dir='ltr'>τρα-</span> 
     </span>
     <span class='ocr_line' id='line_1_39' title="bbox 361 2536 2021 2595; baseline -0.004 -12"><span class='ocrx_word' id='word_1_267' title='bbox 361 2541 509 2595; x_wconf 84' lang='grc' dir='ltr'>φέντες</span> <span class='ocrx_word' id='word_1_268' title='bbox 530 2542 568 2581; x_wconf 89' lang='lat' dir='ltr'>R</span> <span class='ocrx_word' id='word_1_269' title='bbox 584 2542 614 2581; x_wconf 83' lang='lat' dir='ltr'>S</span> <span class='ocrx_word' id='word_1_270' title='bbox 628 2541 667 2580; x_wconf 96' lang='lat' dir='ltr'>V</span> <span class='ocrx_word' id='word_1_271' title='bbox 741 2541 906 2595; x_wconf 86' lang='grc' dir='ltr'>Ἀμορφ.</span> <span class='ocrx_word' id='word_1_272' title='bbox 931 2540 971 2579; x_wconf 91' lang='lat' dir='ltr'>R</span> <span class='ocrx_word' id='word_1_273' title='bbox 1066 2552 1088 2590; x_wconf 94' lang='lat'><strong>7</strong></span> <span class='ocrx_word' id='word_1_274' title='bbox 1118 2555 1169 2591; x_wconf 75' lang='grc' dir='ltr'>γε</span> <span class='ocrx_word' id='word_1_275' title='bbox 1191 2538 1576 2588; x_wconf 84' lang='lat' dir='ltr'>Schweighaeuser</span> <span class='ocrx_word' id='word_1_276' title='bbox 1595 2551 1603 2575; x_wconf 92' lang='lat'><strong>:</strong></span> <span class='ocrx_word' id='word_1_277' title='bbox 1633 2554 1678 2577; x_wconf 89' lang='grc' dir='ltr'>τε</span> <span class='ocrx_word' id='word_1_278' title='bbox 1701 2536 1735 2575; x_wconf 96' lang='lat' dir='ltr'><strong>L</strong></span> <span class='ocrx_word' id='word_1_279' title='bbox 1846 2550 1874 2587; x_wconf 92' lang='lat'>9</span> <span class='ocrx_word' id='word_1_280' title='bbox 1903 2551 2021 2577; x_wconf 83' lang='grc' dir='ltr'>κατα·</span> 
     </span>
     <span class='ocr_line' id='line_1_40' title="bbox 361 2590 2020 2648; baseline -0.005 -11"><span class='ocrx_word' id='word_1_281' title='bbox 361 2597 553 2648; x_wconf 85' lang='grc' dir='ltr'>δόξαντας</span> <span class='ocrx_word' id='word_1_282' title='bbox 577 2597 615 2634; x_wconf 90' lang='lat' dir='ltr'>R</span> <span class='ocrx_word' id='word_1_283' title='bbox 630 2591 711 2635; x_wconf 89' lang='lat' dir='ltr'>SV</span> <span class='ocrx_word' id='word_1_284' title='bbox 910 2609 959 2635; x_wconf 91' lang='lat'>10</span> <span class='ocrx_word' id='word_1_285' title='bbox 988 2595 1072 2644; x_wconf 86' lang='grc' dir='ltr'>θείη</span> <span class='ocrx_word' id='word_1_286' title='bbox 1099 2592 1257 2633; x_wconf 88' lang='lat' dir='ltr'>RSV:</span> <span class='ocrx_word' id='word_1_287' title='bbox 1287 2593 1386 2647; x_wconf 82' lang='grc' dir='ltr'>ι’θείῃ</span> <span class='ocrx_word' id='word_1_288' title='bbox 1409 2592 1497 2631; x_wconf 87' lang='lat' dir='ltr'>rell.</span> <span class='ocrx_word' id='word_1_289' title='bbox 1519 2606 1529 2631; x_wconf 89' lang='lat'>:</span> <span class='ocrx_word' id='word_1_290' title='bbox 1560 2590 1657 2645; x_wconf 87' lang='grc' dir='ltr'>ι’θέῃ,</span> <span class='ocrx_word' id='word_1_291' title='bbox 1682 2590 1774 2643; x_wconf 73' lang='grc' dir='ltr'>(μὴ)</span> <span class='ocrx_word' id='word_1_292' title='bbox 1796 2591 1926 2644; x_wconf 84' lang='grc' dir='ltr'>τέχνῃ</span> <span class='ocrx_word' id='word_1_293' title='bbox 1949 2595 2020 2629; x_wconf 87' lang='lat' dir='ltr'>aut</span> 
     </span>
     <span class='ocr_line' id='line_1_41' title="bbox 362 2645 2020 2705; baseline -0.004 -13"><span class='ocrx_word' id='word_1_294' title='bbox 362 2651 446 2705; x_wconf 81' lang='grc' dir='ltr'>ἰθέῃ</span> <span class='ocrx_word' id='word_1_295' title='bbox 471 2651 638 2704; x_wconf 70' lang='grc' dir='ltr'>[τέχνῃ]</span> <span class='ocrx_word' id='word_1_296' title='bbox 664 2651 834 2700; x_wconf 70' lang='lat' dir='ltr'>Madvig</span> <span class='ocrx_word' id='word_1_297' title='bbox 963 2649 1176 2690; x_wconf 81' lang='grc' dir='ltr'>ἀπολίπειν</span> <span class='ocrx_word' id='word_1_298' title='bbox 1196 2648 1229 2686; x_wconf 94' lang='lat' dir='ltr'>C</span> <span class='ocrx_word' id='word_1_299' title='bbox 1247 2661 1255 2686; x_wconf 76' lang='grc' dir='ltr'><strong>ε</strong></span> <span class='ocrx_word' id='word_1_300' title='bbox 1288 2648 1501 2688; x_wconf 79' lang='grc' dir='ltr'>ἀπολιπεῖν</span> <span class='ocrx_word' id='word_1_301' title='bbox 1522 2645 1556 2684; x_wconf 90' lang='grc' dir='ltr'><em>Ρ</em></span> <span class='ocrx_word' id='word_1_302' title='bbox 1569 2645 1607 2683; x_wconf 88' lang='lat' dir='ltr'>R</span> <span class='ocrx_word' id='word_1_303' title='bbox 1624 2646 1655 2685; x_wconf 89' lang='lat' dir='ltr'>S</span> <span class='ocrx_word' id='word_1_304' title='bbox 1668 2645 1706 2684; x_wconf 97' lang='lat' dir='ltr'>V</span> <span class='ocrx_word' id='word_1_305' title='bbox 1836 2658 1882 2683; x_wconf 82' lang='lat'>11</span> <span class='ocrx_word' id='word_1_306' title='bbox 1916 2646 2020 2686; x_wconf 75' lang='grc' dir='ltr'>ἄλλο</span> 
     </span>
     <span class='ocr_line' id='line_1_42' title="bbox 361 2698 2019 2757; baseline -0.005 -12"><span class='ocrx_word' id='word_1_307' title='bbox 361 2720 445 2745; x_wconf 90' lang='lat' dir='ltr'>om.</span> <span class='ocrx_word' id='word_1_308' title='bbox 471 2705 511 2743; x_wconf 89' lang='lat' dir='ltr'>R</span> <span class='ocrx_word' id='word_1_309' title='bbox 527 2705 557 2745; x_wconf 90' lang='lat' dir='ltr'>S</span> <span class='ocrx_word' id='word_1_310' title='bbox 571 2706 609 2744; x_wconf 95' lang='lat' dir='ltr'>V</span> <span class='ocrx_word' id='word_1_311' title='bbox 738 2707 884 2757; x_wconf 89' lang='grc' dir='ltr'>στίφος</span> <span class='ocrx_word' id='word_1_312' title='bbox 907 2705 994 2742; x_wconf 85' lang='lat' dir='ltr'>CR</span> <span class='ocrx_word' id='word_1_313' title='bbox 1011 2705 1040 2743; x_wconf 91' lang='lat' dir='ltr'>S</span> <span class='ocrx_word' id='word_1_314' title='bbox 1054 2702 1091 2741; x_wconf 94' lang='lat' dir='ltr'>V</span> <span class='ocrx_word' id='word_1_315' title='bbox 1292 2714 1341 2741; x_wconf 83' lang='lat'>12</span> <span class='ocrx_word' id='word_1_316' title='bbox 1369 2700 1546 2754; x_wconf 86' lang='grc' dir='ltr'>τέσσερα</span> <span class='ocrx_word' id='word_1_317' title='bbox 1567 2698 1638 2751; x_wconf 68' lang='grc' dir='ltr'>(δ’)</span> <span class='ocrx_word' id='word_1_318' title='bbox 1661 2699 1835 2749; x_wconf 87' lang='lat' dir='ltr'>Pingel:</span> <span class='ocrx_word' id='word_1_319' title='bbox 1868 2698 1964 2740; x_wconf 86' lang='grc' dir='ltr'>δέκα</span> <span class='ocrx_word' id='word_1_320' title='bbox 1983 2698 2019 2737; x_wconf 90' lang='lat' dir='ltr'>L</span> 
     </span>
     <span class='ocr_line' id='line_1_43' title="bbox 367 2754 2019 2810; baseline -0.003 -12"><span class='ocrx_word' id='word_1_321' title='bbox 367 2774 380 2798; x_wconf 82' lang='grc' dir='ltr'><strong>ι</strong></span> <span class='ocrx_word' id='word_1_322' title='bbox 389 2773 416 2809; x_wconf 87' lang='grc'>3</span> <span class='ocrx_word' id='word_1_323' title='bbox 454 2761 636 2802; x_wconf 84' lang='grc' dir='ltr'>Μοόεντα</span> <span class='ocrx_word' id='word_1_324' title='bbox 669 2761 706 2799; x_wconf 82' lang='lat' dir='ltr'>R</span> <span class='ocrx_word' id='word_1_325' title='bbox 740 2760 780 2810; x_wconf 70' lang='grc' dir='ltr'>(ό</span> <span class='ocrx_word' id='word_1_326' title='bbox 809 2773 862 2798; x_wconf 88' lang='lat' dir='ltr'>ex</span> <span class='ocrx_word' id='word_1_327' title='bbox 892 2761 1019 2805; x_wconf 63' lang='lat' dir='ltr'>corr.)</span> <span class='ocrx_word' id='word_1_328' title='bbox 1052 2758 1134 2798; x_wconf 89' lang='lat' dir='ltr'>SV</span> <span class='ocrx_word' id='word_1_329' title='bbox 1332 2769 1379 2804; x_wconf 92' lang='lat'>14</span> <span class='ocrx_word' id='word_1_330' title='bbox 1407 2754 1507 2796; x_wconf 73' lang='grc' dir='ltr'>’ἵστα</span> <span class='ocrx_word' id='word_1_331' title='bbox 1536 2755 1574 2794; x_wconf 91' lang='lat' dir='ltr'>R</span> <span class='ocrx_word' id='word_1_332' title='bbox 1592 2768 1601 2793; x_wconf 75' lang='lat' dir='ltr'><em>z</em></span> <span class='ocrx_word' id='word_1_333' title='bbox 1640 2755 1751 2795; x_wconf 81' lang='grc' dir='ltr'>ἵσται</span> <span class='ocrx_word' id='word_1_334' title='bbox 1784 2754 1814 2792; x_wconf 89' lang='lat' dir='ltr'>S</span> <span class='ocrx_word' id='word_1_335' title='bbox 1828 2754 1888 2792; x_wconf 87' lang='lat' dir='ltr'>V:</span> <span class='ocrx_word' id='word_1_336' title='bbox 1930 2756 2019 2793; x_wconf 82' lang='grc' dir='ltr'>ἐστι</span> 
     </span>
     <span class='ocr_line' id='line_1_44' title="bbox 363 2806 2017 2864; baseline -0.005 -10"><span class='ocrx_word' id='word_1_337' title='bbox 363 2815 561 2864; x_wconf 80' lang='lat' dir='ltr'>Krueger</span> <span class='ocrx_word' id='word_1_338' title='bbox 734 2826 781 2864; x_wconf 89' lang='lat'>15</span> <span class='ocrx_word' id='word_1_339' title='bbox 814 2816 964 2855; x_wconf 79' lang='grc' dir='ltr'>εἵνεκεν</span> <span class='ocrx_word' id='word_1_340' title='bbox 989 2813 1027 2851; x_wconf 92' lang='lat' dir='ltr'>R</span> <span class='ocrx_word' id='word_1_341' title='bbox 1046 2813 1076 2853; x_wconf 90' lang='lat' dir='ltr'>S</span> <span class='ocrx_word' id='word_1_342' title='bbox 1090 2812 1129 2851; x_wconf 92' lang='lat' dir='ltr'>V</span> <span class='ocrx_word' id='word_1_343' title='bbox 1267 2810 1443 2859; x_wconf 84' lang='grc' dir='ltr'>ἀπολίπη</span> <span class='ocrx_word' id='word_1_344' title='bbox 1467 2809 1506 2847; x_wconf 89' lang='lat' dir='ltr'>R</span> <span class='ocrx_word' id='word_1_345' title='bbox 1521 2809 1551 2848; x_wconf 91' lang='lat' dir='ltr'>S</span> <span class='ocrx_word' id='word_1_346' title='bbox 1565 2809 1604 2848; x_wconf 94' lang='lat' dir='ltr'>V</span> <span class='ocrx_word' id='word_1_347' title='bbox 1768 2811 1811 2848; x_wconf 87' lang='grc' dir='ltr'>ἐν</span> <span class='ocrx_word' id='word_1_348' title='bbox 1831 2806 1861 2860; x_wconf 68' lang='grc' dir='ltr'><em>ᾧ</em></span> <span class='ocrx_word' id='word_1_349' title='bbox 1880 2806 1920 2845; x_wconf 93' lang='grc' dir='ltr'><strong>Α</strong></span> <span class='ocrx_word' id='word_1_350' title='bbox 1933 2807 1968 2846; x_wconf 92' lang='grc' dir='ltr'>Β</span> <span class='ocrx_word' id='word_1_351' title='bbox 1982 2806 2017 2846; x_wconf 92' lang='lat' dir='ltr'>C</span> 
     </span>
     <span class='ocr_line' id='line_1_45' title="bbox 362 2862 2015 2921; baseline -0.004 -13"><span class='ocrx_word' id='word_1_352' title='bbox 362 2883 416 2909; x_wconf 86' lang='lat'>20</span> <span class='ocrx_word' id='word_1_353' title='bbox 444 2871 506 2910; x_wconf 84' lang='grc' dir='ltr'>ἇεί</span> <span class='ocrx_word' id='word_1_354' title='bbox 524 2870 564 2907; x_wconf 92' lang='grc' dir='ltr'><strong>Α</strong></span> <span class='ocrx_word' id='word_1_355' title='bbox 578 2871 612 2908; x_wconf 92' lang='grc' dir='ltr'>Β</span> <span class='ocrx_word' id='word_1_356' title='bbox 727 2873 769 2910; x_wconf 88' lang='grc' dir='ltr'>ἐν</span> <span class='ocrx_word' id='word_1_357' title='bbox 791 2868 821 2921; x_wconf 72' lang='grc' dir='ltr'><em>ᾧ</em></span> <span class='ocrx_word' id='word_1_358' title='bbox 842 2868 876 2907; x_wconf 92' lang='grc' dir='ltr'>Ρ</span> <span class='ocrx_word' id='word_1_359' title='bbox 986 2881 1033 2906; x_wconf 90' lang='lat'>21</span> <span class='ocrx_word' id='word_1_360' title='bbox 1068 2868 1128 2908; x_wconf 79' lang='grc' dir='ltr'>ἀεὶ</span> <span class='ocrx_word' id='word_1_361' title='bbox 1148 2865 1189 2905; x_wconf 93' lang='grc' dir='ltr'><strong>Α</strong></span> <span class='ocrx_word' id='word_1_362' title='bbox 1203 2866 1237 2918; x_wconf 81' lang='grc' dir='ltr'>Β</span> <span class='ocrx_word' id='word_1_363' title='bbox 1347 2878 1401 2914; x_wconf 86' lang='lat'>24</span> <span class='ocrx_word' id='word_1_364' title='bbox 1430 2881 1478 2905; x_wconf 89' lang='grc' dir='ltr'>τε</span> <span class='ocrx_word' id='word_1_365' title='bbox 1498 2876 1580 2903; x_wconf 91' lang='lat' dir='ltr'>om.</span> <span class='ocrx_word' id='word_1_366' title='bbox 1608 2863 1646 2900; x_wconf 93' lang='lat' dir='ltr'>R</span> <span class='ocrx_word' id='word_1_367' title='bbox 1662 2862 1744 2901; x_wconf 90' lang='lat' dir='ltr'>SV</span> <span class='ocrx_word' id='word_1_368' title='bbox 1871 2869 2015 2911; x_wconf 84' lang='grc' dir='ltr'>Ληρισ-</span> 
     </span>
     <span class='ocr_line' id='line_1_46' title="bbox 362 2914 2019 2976; baseline -0.005 -11"><span class='ocrx_word' id='word_1_369' title='bbox 362 2928 476 2965; x_wconf 85' lang='grc' dir='ltr'>σαῖον</span> <span class='ocrx_word' id='word_1_370' title='bbox 498 2925 537 2962; x_wconf 93' lang='lat' dir='ltr'>R</span> <span class='ocrx_word' id='word_1_371' title='bbox 552 2924 633 2963; x_wconf 91' lang='lat' dir='ltr'>SV</span> <span class='ocrx_word' id='word_1_372' title='bbox 824 2934 876 2972; x_wconf 88' lang='lat'>25</span> <span class='ocrx_word' id='word_1_373' title='bbox 907 2920 1155 2976; x_wconf 85' lang='grc' dir='ltr'>Θρασύδηιον</span> <span class='ocrx_word' id='word_1_374' title='bbox 1174 2920 1263 2960; x_wconf 77' lang='grc' dir='ltr'>ΑΒ</span> <span class='ocrx_word' id='word_1_375' title='bbox 1278 2920 1311 2958; x_wconf 92' lang='lat' dir='ltr'>C</span> <span class='ocrx_word' id='word_1_376' title='bbox 1326 2919 1383 2959; x_wconf 85' lang='lat' dir='ltr'>P:</span> <span class='ocrx_word' id='word_1_377' title='bbox 1414 2921 1660 2972; x_wconf 80' lang='grc' dir='ltr'>Θρασυδαῖον</span> <span class='ocrx_word' id='word_1_378' title='bbox 1682 2916 1721 2954; x_wconf 87' lang='lat' dir='ltr'>R</span> <span class='ocrx_word' id='word_1_379' title='bbox 1735 2917 1766 2956; x_wconf 90' lang='lat' dir='ltr'>S</span> <span class='ocrx_word' id='word_1_380' title='bbox 1788 2914 2019 2969; x_wconf 62' lang='grc' dir='ltr'>(·διαῖον)Ῡ</span> 
     </span>
     <span class='ocr_line' id='line_1_47' title="bbox 360 2977 961 3027; baseline -0.002 -11"><span class='ocrx_word' id='word_1_381' title='bbox 360 2981 413 3016; x_wconf 85' lang='lat'>26</span> <span class='ocrx_word' id='word_1_382' title='bbox 441 2980 483 3019; x_wconf 82' lang='grc' dir='ltr'>τί</span> <span class='ocrx_word' id='word_1_383' title='bbox 502 2991 583 3018; x_wconf 86' lang='lat' dir='ltr'>om.</span> <span class='ocrx_word' id='word_1_384' title='bbox 611 2978 673 3017; x_wconf 81' lang='lat' dir='ltr'>C:</span> <span class='ocrx_word' id='word_1_385' title='bbox 701 2994 741 3018; x_wconf 85' lang='grc' dir='ltr'>τι</span> <span class='ocrx_word' id='word_1_386' title='bbox 763 2977 961 3027; x_wconf 82' lang='lat' dir='ltr'>Krueger</span> 
     </span>
    </p>
   </div>
   <div class='ocr_carea' id='block_1_19' title="bbox 2050 1388 2100 1430">
    <p class='ocr_par' dir='ltr' id='par_1_19' title="bbox 2050 1388 2100 1430">
     <span class='ocr_line' id='line_1_48' title="bbox 2050 1388 2100 1430; baseline 0 0"><span class='ocrx_word' id='word_1_387' title='bbox 2050 1388 2100 1430; x_wconf 84' lang='grc' dir='ltr'>Ῑ5</span> 
     </span>
    </p>
   </div>
   <div class='ocr_carea' id='block_1_20' title="bbox 2050 1809 2101 1838">
    <p class='ocr_par' dir='ltr' id='par_1_20' title="bbox 2050 1809 2101 1838">
     <span class='ocr_line' id='line_1_49' title="bbox 2050 1809 2101 1838; baseline 0.02 -1"><span class='ocrx_word' id='word_1_388' title='bbox 2050 1809 2101 1838; x_wconf 86' lang='lat'>20</span> 
     </span>
    </p>
   </div>
   <div class='ocr_carea' id='block_1_21' title="bbox 2049 2228 2097 2268">
    <p class='ocr_par' dir='ltr' id='par_1_21' title="bbox 2049 2228 2097 2268">
     <span class='ocr_line' id='line_1_50' title="bbox 2049 2228 2097 2268; baseline 0 0"><span class='ocrx_word' id='word_1_389' title='bbox 2049 2228 2097 2268; x_wconf 86' lang='lat'>25</span> 
     </span>
    </p>
   </div>
  </div>
 </body>
</html>
