2138 3334
711 114 1093 163 ΙΣΤΟΡΙΩΝ
1174 115 1213 162 Ε

132 244 347 311 Ἱππίην,
381 249 468 298 νῦν
493 255 552 298 ’τε
588 244 646 311 δὴ
680 245 756 297 καὶ
791 246 1008 311 μεζόνως
1045 244 1334 312 θωμάζομεν
1365 245 1606 313 λέγοντας
1637 251 1805 305 ταῦτα,

132 329 560 398 ἐπιμαρτυρόμεθά
589 351 643 382 τε
674 331 1052 396 ἐπικαλεόμενοι
1072 331 1187 395 ὑμῖν
1211 330 1352 385 θεοὺς
1375 330 1489 385 τοὺς
1511 330 1809 395 Ἑλληνίους

132 413 198 481 μὴ
232 412 521 467 κατιστάναι
550 416 840 481 τυραννίδας
877 417 928 468 ἐς
956 416 1046 468 τὰς
1077 416 1238 468 πόλις.
1329 415 1414 467 οὐκ
1450 412 1519 467 ὧν
1549 415 1809 467 παύσεσθε

134 500 268 551 ἀλλὰ
297 498 600 566 πειρήσεσθε
630 501 764 566 παρὰ
793 498 851 551 τὸ
881 499 1070 551 δίκαιον
1101 498 1398 566 κατάγοντες
1426 498 1650 563 Ἱππίην,·
1697 502 1808 552 ἵστε

86 607 108 647 5
133 585 247 649 ὑμῖν
280 584 571 651 Κορινθίους
600 605 660 651 γε
688 582 746 635 οὐ
776 582 1141 637 συναινέοντας.

220 666 509 732 Σωσικλέης
558 670 650 733 μὲν
700 667 798 720 ἀπὸ
847 669 1091 734 Κορίνθου
1140 667 1438 734 πρεσβεύων
1485 666 1626 732 ἔλεξε
1674 667 1806 727 τάδε,

133 752 329 817 Ἱππίης
373 755 425 805 δὲ
470 751 619 804 αὐτὸν
664 753 902 818 ἀμείβετο
946 751 1060 806 τοὺς
1103 751 1280 806 αὐτοὺς
1322 751 1625 805 ἐπικαλέσας
1670 752 1810 805 θεοὺς

135 837 321 907 ἐκείνῳ,
355 835 386 902 ἦ
413 838 504 903 μὲν
530 837 820 904 Κορινθίους
847 835 1070 902 μάλιστα
1100 835 1300 889 πάντων
1332 835 1656 901 ἐπιποθήσειν
1688 841 1807 888 Πει-

136 922 473 988 σιστρατίδας,
506 921 626 973 ὅταν
658 927 755 989 σφι
783 921 944 987 ἥκωσι
980 920 1156 989 ἡμέραι
1188 924 1237 974 αἱ
1270 921 1428 987 κύριαι
1464 922 1699 973 ἀνιᾶσθαι
1729 920 1809 973 ὑπ’

63 1027 114 1057 10
134 1005 429 1071 Ἀθηναίων.
516 1004 713 1071 Ἱππίης
763 1009 855 1072 μὲν
901 1007 1121 1058 τούτοισι
1173 1006 1424 1074 ἀμείψατο
1473 1004 1552 1058 οἷά
1598 1027 1652 1058 τε
1698 1006 1811 1059 τοὺς

135 1090 393 1160 χρησμοὺς
422 1089 760 1158 ἀτρεκέστατα
795 1092 986 1158 ἀνδρῶν
1018 1089 1424 1156 ἐξεπιστάμενος·
1471 1092 1517 1142 οἱ
1554 1092 1606 1142 δὲ
1642 1090 1811 1142 λοιποὶ

135 1181 235 1228 τῶν
279 1174 558 1244 συμμάχων
596 1174 719 1230 τέως
762 1178 854 1241 μὲν
894 1174 1033 1244 εἶχον
1078 1177 1133 1227 ἐν
1175 1175 1363 1247 ἡσυχίῃ
1409 1174 1574 1243 σφέας
1618 1174 1808 1234 αὐτούς,

138 1260 304 1313 ἐπείτε
337 1261 399 1312 δὲ.
421 1258 712 1314 Σωσικλέος
741 1259 960 1326 ἥκουσαν
993 1261 1222 1313 εἴπαντος
1259 1258 1546 1326 ἐλευθέρως,
1579 1258 1708 1313 ἄπας
1737 1280 1812 1312 τις

137 1344 297 1397 αὐτῶν
345 1343 520 1413 φωνὴν
565 1343 718 1412 ῥήξας
769 1343 961 1412 αἱρέετο
1012 1349 1099 1397 τοῦ
1147 1344 1409 1411 Κορινθίου
1453 1343 1544 1408 τὴν
1591 1345 1808 1411 γνώμην,

65 1449 112 1492 15
138 1429 583 1495 Λακεδαιμονίοισί
600 1451 656 1482 τε
677 1429 1071 1497 ἐπεμαρτύροντο
1094 1428 1160 1495 μὴ
1185 1428 1373 1482 ποιέειν
1395 1432 1548 1494 μηδὲν
1572 1429 1813 1495 νεώτερον

138 1514 249 1581 περὶ
284 1514 435 1567 πόλιν
470 1513 713 1566 Ἑλλάδα.
801 1515 927 1566 οὕτω
963 1516 1055 1580 μὲν
1091 1518 1243 1566 ταῦτα
1278 1513 1523 1578 ἐπαύσθη,
1556 1512 1723 1585 Ἱππίῃ
1760 1516 1811 1564 δὲ

138 1600 365 1652 ἐνθεῦτεν
417 1597 803 1670 ἀπελαυνομένῳ
852 1600 1011 1651 ἐδίδου
1062 1602 1154 1664 μὲν
1199 1598 1445 1664 Ἀμύντης
1493 1599 1519 1648 ὁ
1569 1598 1814 1649 Μακεδὼν

139 1682 489 1750 Ἀνθεμοῦντα,
525 1685 759 1736 ἐδίδοσαν
789 1686 842 1736 δὲ
876 1684 1145 1736 Θεσσαλοὶ
1176 1682 1400 1734 Ἰωλκόν.
1489 1683 1514 1732 ὁ
1546 1685 1597 1734 δὲ
1627 1682 1814 1734 τούτων

138 1770 231 1834 μὲν
255 1767 487 1836 οὐδέτερα
518 1767 726 1836 αἱρέετο,
754 1768 1003 1838 ἀνεχώρεε
1033 1771 1086 1820 δὲ
1116 1769 1280 1820 ὀπίσω
1313 1770 1363 1820 ἐς
1387 1768 1604 1834 Σίγειον,
1630 1767 1685 1818 τὸ
1709 1768 1814 1818 εἷλε

66 1872 117 1900 20
141 1854 509 1920 Πεισίστρατος
544 1855 698 1926 αἰχμῇ
730 1854 862 1920 παρὰ
893 1853 1263 1918 Μυτιληναίων,
1299 1850 1548 1918 κρατήσας
1584 1854 1636 1903 δὲ
1668 1851 1815 1902 αὐτοῦ

141 1935 420 2003 κατέστησε
448 1938 689 2003 τύραννον
723 1938 848 1990 εἶναι
879 1941 1030 1990 παῖδα
1059 1933 1184 2004 [τὸν]
1215 1940 1395 1988 ἑωυτοῦ
1418 1937 1566 1988 νόθον
1595 1935 1810 2002 ‘Hyan-cs-

140 2042 372 2089 στρατον,
415 2023 660 2090 γεγονότα
704 2021 765 2088 ἐξ
803 2021 1032 2090 Ἀργείης
1074 2022 1321 2089 γυναικός,
1368 2020 1421 2074 ὃς
1466 2020 1552 2071 οὐκ
1597 2019 1812 2087 ἀμαχητὶ

141 2104 247 2175 εἶχε
281 2108 343 2159 τὰ
378 2106 640 2174 παρέλαβε
673 2108 806 2174 παρὰ
837 2105 1226 2173 Πεισιστράτου.
1316 2104 1589 2170 ἐπολέμεον
1625 2107 1720 2171 γάρ
1758 2105 1812 2156 ἔκ

139 2211 195 2243 τε
240 2189 538 2260 Ἀχιλληίου
585 2192 762 2246 πόλιος
809 2192 1085 2259 ὁρμώμενοι
1133 2190 1210 2241 καὶ
1256 2190 1455 2257 Σιγείου
1504 2190 1584 2241 ἐπὶ
1630 2190 1812 2256 χρόνον

69 2295 115 2336 25
141 2275 330 2344 συχνὸν
353 2278 691 2342 Μυτιληναῖοί
707 2298 761 2328 τε
791 2277 871 2328 καὶ
894 2275 1163 2341 Ἀθηναῖοι,
1192 2277 1237 2326 οἱ
1267 2277 1358 2340 μὲν
1382 2273 1700 2327 ἀπαιτέοντες
1723 2272 1813 2337 τὴν

200 2432 218 2459 1
241 2420 305 2461 καὶ
327 2430 407 2459 om.
433 2417 464 2457 S
478 2417 513 2457 V
528 2417 567 2456 U
681 2422 799 2468 θωυμ.
826 2416 859 2455 Ρ
874 2416 957 2455 S'V
973 2415 1011 2454 U
1126 2413 1324 2468 λέγοντες
1347 2413 1427 2453 SV
1441 2414 1479 2452 U
1615 2426 1639 2462 3
1670 2413 1814 2455 πόλιας

143 2473 220 2513 PS
233 2473 271 2512 V
285 2474 325 2513 U
344 2488 354 2513 z
383 2472 524 2514 πόλεις
545 2472 579 2511 C
746 2471 951 2513 παύσεσθε
975 2471 1006 2510 S
1024 2470 1061 2509 V
1078 2470 1116 2509 U
1136 2484 1145 2510 t
1173 2471 1224 2519 ὴν
1242 2470 1298 2520 μὴ
1319 2468 1524 2510 παύσεσθε
1543 2468 1582 2507 A
1601 2468 1634 2507 B
1651 2483 1660 2507 ε
1689 2469 1739 2518 ἢν
1757 2470 1814 2518 μὴ

141 2529 350 2578 παύσησθε
368 2528 402 2567 C
418 2528 451 2567 P
560 2540 585 2576 4
614 2527 861 2581 πειρήσησθε
880 2526 931 2565 Pc
1024 2524 1332 2578 καταγαγόντες
1354 2523 1384 2563 S
1396 2523 1434 2561 V
1448 2523 1487 2562 U
1600 2535 1625 2572 5
1654 2541 1700 2564 τε
1722 2522 1761 2561 Α
1778 2523 1812 2561 Β

143 2583 360 2625 συνέοντας
381 2581 465 2623 SV
585 2583 612 2621 6
640 2585 806 2631 Σωκλῆς
826 2581 865 2620 Α
882 2581 916 2619 Β
933 2581 967 2620 C
1095 2593 1117 2630 7
1150 2579 1261 2620 θεοὺς
1284 2578 1528 2620 ἐπικαλέσας
1550 2582 1732 2627 (-σασθαι
1755 2578 1785 2616 S
1805 2592 1813 2617 :

142 2644 287 2680 -σασθε
306 2638 363 2690 V)
384 2637 424 2677 A
438 2637 472 2676 Β
488 2637 522 2676 C
680 2637 706 2674 8
737 2636 854 2688 κείνῳ
879 2636 912 2675 Ρ
928 2634 1008 2675 SV
1026 2635 1064 2673 U
1190 2636 1271 2685 μὴν
1292 2634 1322 2673 S
1335 2633 1372 2671 V
1389 2634 1427 2671 U
1579 2645 1628 2671 10
1657 2650 1705 2673 τε
1725 2646 1810 2673 om.

142 2692 182 2732 A
198 2693 232 2731 B
249 2693 283 2732 C
298 2693 331 2732 P
437 2704 484 2742 13
505 2697 633 2736 Σωκλ.
651 2690 691 2730 Α
707 2690 741 2730 Β
754 2690 788 2729 C
877 2693 1142 2744 ἐλευθερῶσαι
1158 2693 1234 2730 πᾶς
1250 2688 1289 2727 Α
1306 2689 1339 2726 Β
1357 2688 1391 2726 C
1498 2700 1546 2736 14
1568 2687 1720 2729 αὐτέων
1734 2687 1764 2726 S
1778 2688 1814 2726 V

147 2759 195 2798 15
217 2747 539 2802 ἐπεμαρτύραντο
557 2747 591 2785 C
612 2760 621 2785 z
648 2746 856 2800 ιτυρεόντο
872 2745 962 2786 rell.
1083 2746 1132 2783 16
1156 2744 1374 2793 Ἑλληνίδα
1397 2742 1430 2781 Ρ
1444 2742 1474 2781 S
1486 2742 1524 2781 V
1539 2742 1577 2781 U
1691 2745 1814 2782 τοῦτο

142 2803 183 2842 Α
197 2803 231 2841 Β
248 2802 282 2842 C
455 2815 500 2852 17
532 2801 774 2843 Μακεδόνων
799 2801 994 2848 βασιλεὺς
1015 2798 1053 2838 Α
1068 2800 1101 2838 Β
1119 2799 1151 2836 C
1168 2799 1200 2837 P
1371 2811 1419 2847 19
1447 2797 1657 2850 οὐδέτερον
1679 2796 1708 2835 S
1722 2796 1759 2835 V
1774 2797 1812 2835 U

143 2859 283 2911 Σίγιον
302 2857 341 2896 Α
358 2858 393 2897 Β
408 2857 441 2896 C
464 2859 526 2908 (it.
547 2857 674 2907 infra)
790 2868 844 2894 20
874 2862 1021 2896 Μιτυλ.
1049 2855 1082 2892 C
1097 2855 1129 2892 P
1145 2854 1175 2891 S
1190 2853 1226 2892 V
1242 2853 1279 2892 U
1305 2852 1368 2902 (it.
1392 2852 1520 2904 infra)
1660 2865 1709 2891 21
1741 2853 1814 2892 τὸν

144 2912 244 2954 secl.
270 2913 393 2952 Stein
557 2925 610 2951 22
639 2909 865 2964 γεγονότα]
889 2910 986 2952 ὄντα
1010 2909 1086 2948 PS
1101 2909 1138 2947 V
1154 2908 1191 2946 U
1354 2920 1405 2957 23
1435 2907 1563 2961 τάπερ
1585 2906 1710 2955 ἔλαβε
1734 2906 1763 2946 S
1779 2906 1815 2945 V

145 2979 198 3017 24
228 2967 464 3019 Ἀχιλλείου
485 2966 522 3005 Λ
538 2966 571 3004 Β
587 2966 616 3004 S
632 2966 666 3004 V
684 2965 721 3003 U

1604 3047 1652 3086 4*

1849 118 1907 166 V.
1938 124 2052 181 92η

1850 686 1919 732 93

1852 1527 1925 1574 94
