2132 3340
93 120 208 169 VII.
238 134 301 170 22

240 683 306 731 23

238 2281 304 2329 24

963 120 1390 168 HPOAOTOT

345 249 622 314 Ἀκανθίων
678 251 759 303 ἐπὶ
814 251 1084 303 θάλασσαν
1136 251 1228 316 τὴν
1281 252 1448 304 ἀντίον
1498 252 1749 318 Τορώνης.
1837 251 1894 304 ἐν
1951 255 2006 306 δὲ

1402 337 1414 355 C
1459 335 1481 356 Υ

316 340 411 404 ’τῷ
462 337 622 404 ἰσθμῷ
669 336 842 404 τούτῳ,
893 336 950 390 ’ἐς
998 336 1084 387 τὸν
1131 343 1340 407 τελευτᾷ
1391 358 1417 386 ο
1483 339 1641 395 Αθως,
1694 335 1830 401 Σάνη
1860 337 2008 391 πόλις

343 418 533 473 ,Ἑλλὰς
563 421 769 483 οἴκηται,
803 422 852 471 αἱ
883 422 936 471 δὲ
969 420 1115 474 ἐκτὸς
1140 419 1316 485 Σάνης,
1344 420 1448 472 ἔσω
1485 423 1539 472 δὲ
1575 425 1662 471 τοῦ
1695 419 1836 471 ’Ἃθω
1871 422 2004 486 οἰκη-

342 500 503 568 μέναι,
551 505 639 556 τὰς
682 504 794 555 τότε
840 505 866 554 ὁ
912 502 1117 570 Πέρσης
1170 505 1467 568 νησιώτιδας
1519 505 1628 556 ἀντὶ
1671 504 2008 571 ἠπειρωτίδων

342 588 528 653 ὅρμητο
559 584 764 647 ποιέειν,
791 588 891 639 εἶσὶ
921 585 1010 655 [δὲ]
1044 590 1166 647 αἵδε,
1202 593 1342 647 Δῖον,
1369 587 1674 655 Ὀλόφυξος,
1706 584 2004 658 Ἀκρόθῳον,
2031 611 2054 650 5

346 671 572 731 Θύσσος,
622 673 866 723 Κλεωναί.
901 695 909 701 ‘
955 673 1129 726 πόλιες
1172 675 1263 737 μὲν
1309 673 1452 724 αὗται
1496 673 1546 725 αἳ
1589 672 1676 724 τὸν
1710 671 1882 724 ’Άθων
1924 671 2004 724 νέ-

342 776 533 820 μονται,
569 755 799 821 ὤρυσσον
829 758 883 808 δὲ
914 757 1008 808 ὧδε
1039 754 1312 821 δασάμενοι
1348 756 1436 808 τὸν
1472 761 1636 824 χῶρον
1671 758 1717 809 οἱ
1752 755 2007 823 βάρβαροι

344 842 468 895 κατὰ
504 840 666 892 ἔθνεα.
749 842 871 891 κατὰ
908 839 1073 905 Σάνην
1109 841 1260 892 πόλιν
1303 843 1622 909 σχοινοτενὲς
1658 839 2003 906 ποιησάμενοι,

345 925 507 981 ἐπείτε
545 926 737 991 ἐγίνετο
774 923 939 989 βαθέα
977 925 1007 989 ἡ
1045 923 1238 991 διῶρυξ,
1264 927 1316 976 ,οἱ
1353 927 1444 989 μὲν
1480 925 1735 976 κατώτατα
1769 927 2007 978 ἑστεῶτες

345 1007 593 1074 ὤρυσσον,
642 1008 801 1074 ἕτεροι
844 1011 897 1060 δὲ
942 1010 1276 1075 παρεδίδοσαν
1327 1008 1416 1060 τὸν
1463 1009 1559 1060 αἰεὶ
1607 1007 2006 1076 ἐξορυσσόμενον
2035 1028 2084 1056 ιο

344 1096 467 1158 χοῦν
497 1091 704 1146 ἄλλοισι
736 1092 1011 1159 κατύπερθε
1048 1096 1262 1144 ἑστεῶσι
1291 1093 1379 1144 ,ἐπὶ
1416 1091 1637 1161 βάθρων,
1672 1095 1717 1144 οἱ
1756 1091 1796 1144 δ’
1833 1092 1894 1143 αὖ
1924 1093 2132 1165 ε’κ-οὓε

345 1176 599 1240 δεκόμενοι
636 1175 867 1241 ἑτέροισι,
903 1177 995 1230 ἕως
1033 1178 1267 1228 ἀπίκοντο
1306 1178 1357 1230 ἐς
1393 1176 1507 1229 τοὺς
1546 1176 1796 1228 ἀνωτάτω*
1871 1176 2007 1228 οὗτοι

345 1262 397 1311 δὲ
439 1259 707 1326 ἐξεφόρεόν
747 1282 802 1312 τε
846 1260 925 1311 καὶ
971 1259 1269 1325 ἐξέβαλλον.
1357 1265 1491 1312 τοῖσι
1533 1259 1626 1327 μέν
1670 1281 1758 1313 νυν
1801 1259 2008 1312 ἄλλοισι

344 1343 478 1408 πλὴν
510 1345 758 1395 Φοινίκων
796 1345 1246 1411 καταρρηγνύμενοι
1284 1347 1330 1396 οἱ
1372 1344 1577 1411 κρημνοὶ
1612 1349 1698 1396 τοῦ
1734 1344 2007 1411 ὀρύγματος

344 1428 498 1479 πόνον
530 1427 800 1492 διπλήσιον
829 1434 1085 1496 παρεῖχον·
1160 1428 1247 1480 ἅτε
1282 1432 1378 1495 γὰρ
1413 1433 1499 1479 τοῦ
1534 1450 1588 1480 τε
1624 1428 1725 1480 ἄνω
1758 1429 2007 1494 στόματος
2034 1449 2081 1489 15

345 1513 423 1566 καὶ
453 1516 539 1563 τοῦ
571 1511 699 1563 κάτω
724 1513 786 1563 τὰ
808 1512 930 1563 αὐτὰ
952 1511 1107 1580 μέτρα
1131 1500 1436 1578 ποιευμένων
1459 1512 1643 1578 ἔμελλέ
1667 1519 1764 1579 σφι
1785 1517 2006 1564 τοιοῦτον

343 1594 714 1661 ἀποβήσεσθαι.
808 1598 855 1648 οἱ
890 1599 943 1648 δὲ
980 1598 1211 1650 Φοίνικες
1249 1598 1438 1664 σοφίην
1468 1596 1522 1648 ἔν
1552 1619 1607 1649 τε
1637 1602 1770 1648 τοῖσι
1797 1595 2006 1648 ἄλλοισι

343 1679 538 1747 ἔργοισι
561 1681 934 1732 ἀποδείκνυνται
959 1681 1038 1732 καὶ
1062 1681 1119 1745 δὴ
1145 1681 1224 1732 καὶ
1247 1682 1300 1733 ἐν
1325 1682 1510 1750 ἐκείνῳ·
1544 1681 1889 1748 ἀπολαχόντες
1909 1682 2007 1747 γὰρ

340 1764 516 1831 μόριον
546 1765 672 1815 ὅσον
703 1764 900 1816 αὐτοῖσι
932 1764 1206 1830 ἐπέβαλλε,
1241 1765 1474 1831 ὤρυσσον
1501 1765 1559 1816 ’τὸ
1588 1767 1679 1830 μὲν
1712 1764 1811 1816 ἄνω
1845 1764 2006 1829 στόμα

342 1851 430 1911 τῆς
453 1848 968 1919 διώρυχος,ποιεῦντες
993 1848 1262 1914 διπλήσιον
1286 1845 1315 1913 ἢ
1335 1851 1455 1900 ὅσον
1481 1850 1581 1901 ἔδει
1603 1847 1754 1912 αὐτὴν
1777 1847 1866 1912 τὴν
1890 1848 2000 1899 διώ-
2032 1868 2082 1895 20

340 1953 471 1999 ρυχα
489 1932 741 1998 γενέσθαι,
764 1933 1126 2000 προβαίνοντος
1147 1936 1199 1985 δὲ
1218 1938 1305 1984 τοῦ
1325 1934 1471 2000 ἔργου
1491 1936 1710 2000 συνῆγον
1728 1933 1840 1984 αἰεί·
1874 1932 2003 1983 κάτω

1861 1993 2012 2015 .——-

342 2037 397 2067 τε
420 2015 478 2080 δὴ
505 2017 694 2082 ἐγίνετο
721 2017 800 2068 καὶ
826 2016 1053 2081 ἐξισοῦτο
1077 2022 1211 2069 τοῖσι
1232 2017 1439 2069 ἄλλοισι
1463 2016 1518 2067 τὸ
1541 2017 1704 2084 ἔργον.
1794 2018 2004 2068 ἐνθαῦτα

343 2102 396 2150 δὲ
432 2106 618 2165 λειμων
657 2102 783 2161 ἐστι,
823 2098 902 2152 ι’να
943 2101 1041 2168 σφι
1083 2100 1238 2168 αγορή
1279 2123 1335 2153 τε
1369 2103 1561 2168 ἐγίνετο
1599 2101 1679 2151 καὶ
1715 2099 2132 2168 πρητ-ῄριονὟνιΜ

343 2188 481 2238 σῖτος
522 2183 576 2236 δέ
613 2191 711 2252 σφι
748 2185 940 2238 πολλὸς
977 2187 1156 2253 ἐφοίτα
1192 2187 1246 2236 ἐκ
1289 2189 1375 2250 τῆς
1418 2185 1593 2250 Ἀσίης
1640 2183 2000 2250 ἀληλεσμένος.

344 2267 409 2321 ὡς
459 2270 551 2333 μὲν
603 2270 690 2334 ἐμὲ
748 2271 1175 2334 συμβαλλόμενον
1234 2271 1496 2335 εὑρίσκειν,
1551 2268 2002 2336 μεγαλοφροσύνης
2029 2288 2077 2328 25

344 2353 530 2409 εἵνεκεν
567 2352 683 2404 αὐτὸ
723 2352 915 2419 Ξέρξης
951 2354 1191 2421 ὀρύσσειν
1229 2353 1441 2413 ἐκέλευε,
1482 2352 1668 2404 ἐθέλων
1705 2374 1762 2404 τε
1797 2352 2002 2417 δύναμιν

345 2436 732 2488 ἀποδείκνυσθαι
757 2437 835 2488 καὶ
864 2438 1159 2502 μνημόσυνα
1187 2436 1441 2488 λιπέσθαι·
1488 2436 1671 2504 παρεὸν
1699 2437 1794 2503 γὰρ
1815 2435 2002 2502 μηδένα

343 2519 497 2571 πόνον
532 2520 791 2586 λαβόντας
833 2520 920 2572 τὸν
963 2521 1145 2586 ἰσθμὸν
1190 2513 1278 2574 τὰς
1321 2520 1434 2574 νέας
1469 2520 1728 2587 διειρύσαι,
1765 2520 2002 2586 ὀρύσσειν

398 2669 424 2706 3
456 2658 572 2698 ἐκτὸς
594 2657 634 2696 R
652 2671 661 2695 ε
693 2659 807 2699 ἐντὸς
826 2658 916 2698 rell.
1114 2670 1139 2707 5
1170 2659 1321 2711 ὅρμητο
1344 2658 1382 2695 R
1402 2671 1411 2696 :
1441 2659 1599 2711 ὥρμητο
1621 2657 1709 2697 rell.
1851 2655 1896 2697 δὲ
1916 2669 1997 2696 om.

344 2710 480 2750 Aldus
600 2713 628 2749 6
656 2711 818 2753 Θύσσον
831 2712 871 2750 Α
887 2713 920 2751 Β
936 2712 969 2751 C
1073 2712 1191 2754 πόλις
1211 2712 1250 2751 Α
1263 2712 1298 2749 Β
1315 2712 1344 2751 S
1363 2726 1371 2751 ε
1401 2711 1539 2753 πόλεις
1557 2711 1590 2749 C
1606 2711 1644 2750 R
1657 2711 1694 2749 V
1788 2710 1895 2751 Ἀθω
1912 2710 1945 2748 C
1961 2711 2000 2749 R

345 2766 372 2802 8
401 2768 465 2807 καὶ
486 2768 537 2807 τὰ
569 2766 682 2807 ἔθνεα
711 2766 746 2806 C
965 2780 993 2817 9
1023 2767 1156 2808 ἐπείτε
1179 2767 1326 2806 Stein:
1358 2768 1443 2807 ἐπεὶ
1465 2765 1508 2807 δὲ
1531 2766 1563 2804 L
1729 2763 1894 2817 ἐγένετο
1915 2765 1954 2803 R
1969 2765 2000 2804 S

346 2824 491 2868 βαθεῖα
514 2821 546 2860 L
730 2834 774 2860 11
807 2826 971 2876 -περθεν
991 2821 1031 2860 R
1045 2822 1083 2861 V
1262 2822 1311 2859 16
1339 2822 1466 2862 τᾶυτὰ
1487 2820 1527 2858 R
1541 2820 1579 2859 V
1687 2821 1846 2860 τοιοῦτο
1865 2817 1903 2857 Α
1918 2819 1952 2858 Β
1966 2819 2000 2858 C

351 2875 401 2913 18
427 2877 506 2928 γὰρ
526 2888 605 2917 om.
631 2875 666 2915 C
816 2888 867 2927 19
895 2875 1068 2930 ὄρυσσον
1087 2875 1125 2915 V
1263 2888 1317 2915 20
1346 2876 1446 2924 ὅσην
1467 2874 1736 2915 Herwerden
1877 2885 1929 2923 23
1958 2873 2002 2915 δὲ

344 2941 426 2968 οιτι.
446 2928 485 2966 Α
499 2929 534 2968 Β
549 2929 582 2968 C
746 2929 959 2983 προτήριον
980 2930 1020 2969 R
1214 2943 1267 2982 24
1297 2937 1371 2983 σφι
1393 2929 1432 2970 R
1451 2943 1461 2969 t
1491 2938 1608 2984 σφισι
1629 2928 1717 2975 rell,
1875 2928 2003 2972 πολὺς

348 2983 483 3025 RSV
647 2986 702 3025 26
731 2985 1010 3029 oe'muRSV
1833 3011 1836 3013 Α
1938 2985 1942 2988 ’
