2132 3340
768 128 1146 177 ΙΣΤΟΡΙΩΝ
1202 128 1251 175 Θ
1892 127 2031 176 V111.
2061 139 2125 191 27

181 264 315 316 ὅπλα
345 261 519 321 αὐτῶν,
555 260 728 315 νυκτὸς
761 259 1034 326 ἐπεθήκατο
1065 265 1197 317 τοῖσι
1231 263 1576 320 Θεσσαλοῖσι,
1610 259 1849 326 προείπας

180 348 392 406 αὐτοῖσι,
424 347 511 399 τὸν
543 345 604 398 ἂν
640 345 705 412 μὴ
743 346 1126 409 λευκανθίζοντα
1163 347 1376 402 ἴδωνται,
1410 349 1586 396 τοῦτον
1621 346 1844 396 κτείνειν.

180 432 380 485 τούτους
420 428 488 501 ξῦν
524 431 579 482 αἵ
612 452 665 483 τε
706 432 926 498 φυλακαὶ
962 435 1059 482 τῶν
1095 434 1388 482 Θεσσαλῶν
1424 434 1611 497 πρῶται
1653 431 1847 481 ἰδοῦσαι
1884 452 1912 493 4
1980 473 1985 478 .

179 514 530 583 ἐφοβήθησαν,
570 514 780 580 δόξασαι
824 514 952 567 ἄλλο
997 536 1045 566 τι
1090 514 1216 566 εἶναι
1259 513 1420 580 τέρας,
1466 515 1545 566 καὶ
1587 516 1714 580 μετὰ
1758 516 1846 567 τὰς

131 621 153 662 5
180 602 410 669 φυλακᾶς
442 599 561 666 αὐτὴ
593 600 622 665 ἡ
657 599 863 667 στρατιὴ
896 600 1020 651 οὕτω
1053 599 1183 651 ὥστε
1215 600 1634 668 τετρακισχιλίων
1664 602 1842 665 κρατῆ-

179 707 266 737 σαι
302 690 487 752 νεκρῶν
523 686 601 737 καὶ
638 685 864 736 ἀσπίδων
903 683 1124 743 Φωκέας,
1157 689 1257 736 τῶν
1292 685 1381 738 τὰς
1413 686 1508 750 μὲν
1543 682 1755 748 ἡμισέας
1793 685 1844 736 ἐς

170 769 337 836 Ἀβας
375 768 637 829 ἀνέθεσαν,
671 771 760 823 τὰς
796 771 850 822 δὲ
884 771 936 823 ἐς
974 769 1228 836 Δελφούς·
1271 769 1302 834 ἡ
1344 771 1396 821 δὲ
1431 767 1608 833 δεκάτη
1642 767 1844 835 ἐγένετο
1884 792 1906 839 5

175 859 274 906 τῶν
317 853 585 923 χρημάτων
628 856 682 906 ἐκ
727 853 906 918 ταύτης
941 856 1029 918 τῆς
1067 852 1233 922 μάχης
1274 856 1321 905 οἱ
1358 851 1573 920 μεγάλοι
1611 852 1841 920 ἀνδριάν-

174 960 255 992 τες
300 942 344 991 οἱ
380 939 492 1006 περὶ
536 938 624 990 τὸν
666 940 873 1006 τρίποδα
918 942 1254 992 συνεστεῶτες
1297 937 1553 1005 ἔμπροσθε
1595 942 1683 989 τοῦ
1721 959 1843 1003 νηου
1862 943 2132 1010 oham-4105!

104 1044 152 1072 ιο
173 1027 260 1075 τοῦ
289 1025 342 1075 ἐν
375 1027 651 1091 Δελφοῖσι,
687 1024 766 1076 καὶ
802 1024 960 1090 ἕτεροι
996 1028 1210 1075 τοιοῦτοι
1251 1024 1305 1075 ἐν
1328 1020 1529 1095 ’Ἄβῃσι
1558 1021 1840 1075 ἀνακέαται.
1886 1007 1927 1039 ⁶
1948 1007 2093 1049 μ’μ’

173 1113 326 1160 ταῦτα
368 1107 461 1174 μέν
509 1129 596 1160 νυν
639 1107 726 1159 τὸν
771 1106 920 1172 πεζὸν
971 1106 1256 1175 ἐργάσαντο
1298 1111 1397 1159 τῶν
1450 1110 1742 1160 Θεσσαλῶν
1796 1110 1842 1160 οἱ
1881 1113 1946 1161 28

174 1191 372 1246 Φωκέες
391 1192 774 1260 πολιορκέοντας
795 1192 1021 1246 ἑωυτούς·
1058 1194 1389 1259 ἐσβαλοῦσαν
1412 1194 1465 1244 δὲ
1488 1193 1538 1246 ἐς
1561 1192 1651 1257 τὴν
1673 1192 1842 1260 χώρην

172 1276 263 1342 τὴν
321 1278 474 1329 ἵππον
532 1276 694 1329 αὐτῶν
753 1275 1066 1342 ἐλυμήναντο
1118 1276 1422 1342 ἀνηκέστως.
1513 1278 1565 1328 ἐν
1624 1279 1720 1344 γὰρ
1780 1278 1841 1349 τῇ

173 1363 372 1433 ἐσβολῇ
401 1362 433 1427 ἤ
463 1363 573 1414 ἐστι
611 1364 735 1413 κατὰ
764 1360 1062 1427 εὙάμπολιν,
1097 1363 1151 1414 ἐν
1190 1362 1341 1434 ταύτῃ
1382 1360 1578 1429 τάφρον
1612 1361 1841 1429 μεγάλην

100 1463 146 1504 15
172 1444 432 1512 ὀρύξαντες
476 1445 730 1514 ἀμφορέας
775 1446 965 1500 κεινοὺς
1011 1448 1061 1500 ἐς
1104 1445 1255 1511 αὐτὴν
1297 1446 1586 1511 κατέθηκαν,
1624 1452 1747 1515 χοῦν
1788 1450 1841 1499 δὲ

171 1529 570 1598 ἐπιφορήσαντες
616 1531 695 1583 καὶ
740 1531 1077 1597 ὁμοιώσαντες
1121 1536 1187 1601 τῷ
1231 1530 1372 1601 ἄλλῳ
1418 1532 1563 1601 χώρῳ
1611 1530 1840 1583 ἐδέκοντο

171 1614 283 1668 τοὺς
326 1615 633 1670 Θεσσαλοὺς
675 1614 1044 1682 ἐσβάλλοντας.
1134 1618 1180 1667 οἱ
1225 1618 1277 1668 δὲ
1324 1616 1389 1669 ὡς
1434 1616 1840 1682 ἀναρπασόμενοι

170 1698 284 1753 τοὺς
304 1698 510 1753 Φωκέας
533 1701 803 1766 φερόμενοι
826 1699 1076 1752 ἐσέπεσον
1100 1694 1151 1755 ἐς
1174 1700 1289 1754 τοὺς
1312 1699 1581 1768 ἀμφορέας.
1631 1702 1839 1752 ἐνθαῦτα

171 1785 217 1835 οἱ
257 1784 402 1836 ἵπποι
438 1785 500 1835 τὰ
536 1783 721 1836 σκέλεα
761 1783 1120 1853 διεφθάρησαν.
1195 1785 1398 1839 ,τούτων
1439 1783 1496 1849 δή
1534 1791 1634 1853 σφι
1671 1787 1835 1853 ἀμφο-
1875 1785 1949 1851 29

97 1887 146 1916 20
170 1866 326 1934 τέρων
377 1868 581 1937 ἔχοντες
628 1868 835 1936 ἔγκοτον
887 1872 934 1921 οἱ
987 1870 1256 1922 Θεσσαλοὶ
1307 1868 1601 1936 πέμψαντες
1654 1868 1837 1937 κήρυκα

167 1951 408 2019 ἠγόρευον
449 1951 583 2005 τάδε·
629 1952 705 2004 ”“.Ω,
752 1952 966 2013 Φωκέες,
1009 1953 1100 2019 ἤδη
1140 1975 1189 2006 τι
1224 1957 1422 2020 μᾶλλον
1461 1937 2132 2024 γνωσάμαχέετεωὲἓ

166 2035 234 2101 μὴ
275 2036 401 2088 εἶναι
436 2038 598 2102 ὅμοιοι
630 2038 762 2103 ἡμῖν.
843 2038 1035 2105 πρόσθε
1078 2060 1133 2090 τε
1175 2041 1271 2105 γὰρ
1315 2040 1371 2090 ἐν
1414 2043 1548 2090 τοῖσι
1583 2037 1832 2103 “Ελλησι,
1873 2062 1900 2093 2

166 2120 292 2172 ὅσον
337 2122 523 2189 χρόνον
570 2124 734 2175 ἐκεῖνα
773 2123 890 2188 ἡμῖν
936 2123 1132 2187 ἥνδανε,
1171 2122 1327 2175 πλέον
1374 2124 1478 2174 αἰεί
1521 2144 1632 2175 κοτε
1671 2122 2132 2197 Quem*

166 2205 464 2272 ἐφερόμεθα,
507 2210 595 2258 νῦν
637 2228 687 2259 τε
724 2229 856 2273 παρα
895 2212 963 2277 τῷ
1006 2206 1254 2277 βαρβάρῳ
1298 2211 1541 2259 τοσοῦτον
1587 2206 1835 2273 δυνάμεθα
1855 2200 2132 2254 ⁸·wa

91 2305 138 2345 25
165 2289 296 2341 ὥστε
327 2289 406 2342 ἐπ’
435 2290 552 2356 ἡμῖν
584 2292 694 2343 ἐστι
729 2313 815 2356 της
852 2313 943 2358 γης
980 2293 1285 2358 ἐστερῆσθαι
1324 2293 1402 2343 καὶ
1433 2291 1554 2357 πρὸς
1583 2292 1829 2358 ἠνδραπο-

163 2374 386 2425 δίσθαι
361 2372 529 2439 υμέας·
574 2375 715 2440 ἡμεις
748 2374 919 2442 μέντοι
954 2379 1010 2427 τὸ
1047 2379 1145 2428 πᾶν
1184 2376 1385 2443 ἔχοντες
1416 2375 1472 2426 οὐ
1500 2376 1829 2441 μνησικακέο-

158 2477 267 2521 μεν,
315 2457 430 2510 ἀλλ’
472 2458 591 2524 ἡμῖν
634 2458 857 2526 γενέσθω
904 2458 1008 2511 ἀντ’
1053 2460 1214 2511 αὐτῶν
1259 2458 1565 2524 πεντήκοντα
1608 2459 1832 2513 τάλαντα

218 2608 235 2634 1
269 2596 496 2646 ἀπεθήκατο
516 2597 555 2636 R
706 2611 731 2636 2
761 2596 1048 2648 λευκαθίζοντα
1069 2597 1123 2636 Α1
1144 2598 1179 2636 Β
1200 2598 1233 2636 C
1254 2599 1293 2636 R
1314 2599 1343 2636 S
1362 2597 1399 2637 V
1561 2612 1586 2648 3
1616 2617 1663 2640 τε
1683 2613 1765 2640 om.
1791 2601 1827 2639 B

158 2655 308 2704 πρῶται
329 2655 410 2692 τῶν
430 2658 556 2692 Θεσσ.
583 2651 621 2689 R
638 2652 718 2691 SV
830 2655 984 2694 ἰδοῦσαι
1010 2665 1092 2692 om.
1120 2652 1159 2690 R
1283 2664 1307 2700 5
1339 2655 1401 2693 καὶ
1424 2654 1669 2706 τρισχιλίων
1691 2655 1730 2692 R
1746 2655 1776 2693 S
1792 2656 1829 2694 V

156 2706 185 2743 6
212 2705 379 2754 ἡμίσεας
403 2706 574 2747 ἀσπίδας
597 2706 635 2745 R
652 2707 681 2745 S
695 2707 734 2745 V
880 2721 907 2756 9
935 2710 1008 2747 τοῦ
1031 2707 1218 2759 τρίποδος
1242 2708 1279 2745 R
1297 2707 1326 2745 S
1341 2707 1378 2745 V
1490 2711 1714 2762 ἔμπροσθεν
1736 2709 1775 2747 R
1790 2711 1829 2749 V

162 2772 211 2798 10
241 2760 452 2802 ἀνακέεται
474 2760 514 2798 R
530 2760 560 2799 S
573 2760 611 2799 V
808 2773 850 2799 11
885 2778 984 2815 ειργ.
1009 2761 1042 2799 C
1059 2761 1091 2799 P
1104 2762 1134 2800 S
1325 2774 1372 2799 12
1403 2764 1693 2814 πολιορκέοντα
1713 2765 1825 2805 coni.

157 2813 279 2854 Stein
442 2827 491 2864 13
522 2815 747 2866 ἐλυμήνατο
771 2815 811 2854 R
972 2829 1020 2865 14
1049 2814 1074 2864 ἦ
1098 2815 1215 2855 RV:
1245 2829 1327 2855 om.
1357 2816 1391 2855 C
1502 2815 1717 2860 “1⁸deko
1735 2818 1825 2858 AB

159 2879 208 2918 15
254 2871 415 2913 κενεοὺς
451 2869 589 2910 ABC
605 2871 638 2909 P
860 2883 908 2921 17
959 2870 1215 2918 ἐσβαλόντας
1256 2871 1317 2911 B:
1370 2870 1650 2919 ἐσβαλέοντας
1691 2874 1730 2912 R
1746 2874 1828 2914 SV

160 2925 209 2962 18
239 2923 429 2967 ἐνέπεσον
451 2924 490 2963 R
505 2924 535 2963 S
548 2924 587 2963 V
770 2939 821 2964 22
852 2925 1027 2979 πρόσθεν
1046 2924 1086 2963 Α
1100 2925 1135 2963 Β
1151 2925 1185 2964 C
1200 2925 1233 2964 P
1429 2939 1481 2975 23
1515 2927 1609 2978 αἰεί]
1634 2930 1673 2968 εἴ
1690 2927 1729 2967 R
1745 2928 1775 2967 S
1789 2929 1827 2967 V

156 2991 209 3028 24
239 2977 283 3019 δὲ
306 2979 343 3017 R
359 2980 441 3018 SV
568 2979 753 3021 τοσούτω
776 2981 815 3019 R
831 2981 860 3019 S
875 2981 910 3019 V
1095 2992 1147 3029 25
1179 2979 1275 3021 ἐστὲ
1299 2980 1338 3018 R
1357 2980 1438 3020 SV
1567 2985 1644 3033 ’γῆς
1665 3001 1711 3023 τε
1735 2983 1773 3020 R
1790 2984 1826 3022 V

153 3036 365 3088 προσηνδρ.
389 3034 423 3073 C
438 3034 472 3074 P
486 3034 521 3071 R
541 3033 570 3072 S
586 3033 623 3071 V
787 3038 841 3075 26
870 3034 989 3086 ἡμέες
1012 3033 1051 3083 R
1067 3034 1148 3076 SV
1314 3047 1364 3083 27
1397 3037 1531 3076 αὐτῶν
1554 3036 1592 3074 R
1613 3051 1784 3089 quoque

1589 3092 1665 3134 18*
