2132 3340
103 47 192 96 [Χ.
221 60 297 111 Ία
531 123 534 124 ᾗ
955 46 1379 95 HPOAOTOT

334 175 717 244 ὁμολογήσομεν
754 177 952 231 ἑκόντες
987 177 1131 229 εἶναι.
1219 178 1299 238 καὶ
1335 176 1392 228 τό
1425 179 1517 242 μὲν
1551 177 1639 229 ἀπ’
1671 176 1837 243 ἡμέων
1870 180 1998 232 οὕτω

258 268 299 330 β
335 263 613 327 ἀκίβδηλον
644 260 843 326 νέμεται
874 261 955 314 ἐπὶ
989 261 1103 315 τοὺς
1131 259 1409 326 “Ελληνας·
1469 262 1607 327 ὑμεῖς
1647 264 1701 314 δὲ
1741 264 1793 316 ἐς
1827 267 1999 316 πᾶσαν

335 347 578 413 ἀρρωδίην
622 346 736 398 τότε
781 344 1070 412 ἀπικόμενοι
1119 346 1185 412 μὴ
1242 345 1635 416 ὁμολογήσωμεν
1685 348 1751 417 τῷ
1799 346 1995 420 Πέρσῃ,

336 432 501 482 ἐπείτε
531 427 795 495 ἐξεμάθετε
825 435 881 482 τὸ
911 429 1150 497 ἡμέτερον
1181 431 1414 498 φρόνημα
1451 429 1779 498 σαφέως,’ὃ’τι
1811 431 1998 498 οὐδαμᾶ

334 515 660 582 προδώσομεν
703 514 795 579 τὴν
837 514 1078 579 Ἑλλάδα,
1127 515 1207 566 καὶ
1252 515 1378 567 διότι
1419 520 1586 583 τεῖχος
1630 516 1745 581 ὑμῖν
1788 518 2047 582 διᾶητοῦς

0 608 315 680 „amau-‚japh-
333 599 539 664 ζΙσθμοῢ
580 600 911 665 ἐλαυνόμενον
957 598 1189 671 ἐιΔ-τζέλεΐ
1230 601 1357 658 ἐστι,
1401 599 1480 651 καὶ
1527 599 1584 664 δὴ
1626 600 1784 667 λόγον
1824 599 1999 653 οὐδένα

171 670 296 710 τ““’
334 689 433 736 τῶν
462 683 742 749 Ἀθηναίων
772 683 1022 743 ποιέεσθε,
1057 683 1353 750 συνθέμενοί
1385 705 1439 736 τε
1474 684 1591 750 ἡμῖν
1631 680 1736 750 [τὸν
1772 682 2022 753 Πέρσην]Ι

335 769 669 820 ἀντιώσεσθαι
715 770 766 824 ἐς
809 768 900 833 τὴν
946 770 1187 834 Βοιωτίην
1231 769 1587 835 προδεδώκατε,
1631 769 1902 836 περιείδετέ
1943 791 1999 836 τε

270 878 296 910 2
335 854 629 919 ἐσβαλόντα
658 855 709 907 ἐς
739 853 830 918 τὴν
861 852 1093 918 Ἀττικὴν
1129 857 1225 915 τὸν,
1246 852 1527 920 βάρβαρον.
1603 855 1654 907 ἐς
1688 853 1781 919 μέν
1817 875 1906 907 νυν
1940 853 1998 907 τὸ

334 941 519 1004 παρεὸν
540 937 796 1003 Ἀθηναῖοι
815 939 929 1004 ὑμῖν
947 939 1196 1004 μηνίουσι·
1230 937 1287 989 οὐ
1305 940 1400 1005 γὰρ
1425 936 1695 1003 ἐποιήσατε
1715 935 1997 1004 ἐπιτηδέως.
2025 960 2075 989 ιο

335 1027 420 1074 νῦν
443 1025 497 1074 δὲ
520 1023 548 1073 ὅ
570 1044 617 1074 τι
639 1021 794 1091 τάχος
820 1022 1059 1090 στρατιὴν
1082 1021 1183 1088 ἅμα
1205 1023 1323 1088 ἡμῖν
1347 1019 1619 1075 ἐκέλευσαν
1641 1020 1793 1088 ὑμέας
1817 1020 1995 1089 ἐκπέμ-

335 1128 462 1165 πειν,
497 1107 561 1161 ὡς
598 1106 660 1159 ἂν
689 1111 776 1159 τὸν
812 1106 1078 1174 βάρβαρον
1108 1107 1360 1173 δεκώμεθα
1397 1108 1450 1158 ἐν
1480 1114 1539 1180 τῇ
1570 1106 1781 1180 Ἀττικῇ·
1828 1107 1997 1174 ἐπειδὴ

334 1193 430 1258 γὰρ
460 1190 743 1259 ἡμάρτομεν
766 1195 854 1257 τῆς
885 1193 1141 1256 Βοιωτίης,
1167 1195 1255 1257 τῆς
1279 1213 1338 1259 γε
1359 1190 1596 1258 ἡμετέρης
1620 1192 1998 1256 ἐπιτηδεότατόν

264 1280 296 1345 8
313 1338 315 1340 ¹
335 1277 444 1327 ἐστι
469 1275 854 1344 ἐμμαχέσασθαι
877 1276 934 1327 τὸ
960 1275 1211 1341 Θριάσιον
1235 1277 1421 1328 πεδίον.
1498 1276 1563 1330 ὡς
1586 1277 1639 1328 δὲ
1662 1275 1756 1341 ἄρα
1778 1275 1999 1341 ἥκουσαν

335 1363 381 1412 οἱ
401 1361 577 1428 ἔφοροι
597 1365 764 1419 ταῦτα,
788 1359 1137 1426 ἀνεβάλλοντο
1159 1362 1209 1414 ἐς
1229 1360 1319 1425 τὴν
1338 1361 1604 1427 ὑστεραίην
1622 1361 1996 1427 ὑποκρίνασθαι,
2026 1381 2073 1423 15

334 1446 393 1516 τῇ
436 1448 488 1497 δὲ
523 1447 758 1516 ὑστεραίῃ
798 1448 847 1498 ἐς
887 1444 977 1509 τὴν
1016 1444 1203 1511 ἑτέρην·
1248 1449 1389 1496 τοῦτο
1427 1445 1506 1496 καὶ
1543 1444 1625 1496 ἐπὶ
1661 1444 1778 1509 δέκα
1816 1443 2000 1512 ἡμέρας
2094 1438 2100 1443 ’

336 1531 549 1588 ἐποίεον,
582 1529 642 1594 ἐξ
666 1528 848 1596 ἡμέρης
878 1531 930 1583 ἐς
960 1528 1146 1595 ἡμέρην
1178 1529 1601 1594 ἀναβαλλόμενοι.
1676 1530 1729 1580 ἐν
1760 1531 1814 1582 δὲ
1842 1529 1999 1599 τούτῳ

335 1618 401 1683 τῷ
442 1614 606 1683 χρόνῳ
648 1612 734 1665 τὸν
774 1613 980 1679 Ἰσθμὸν
1024 1615 1246 1682 ἐτείχεον
1291 1612 1514 1677 σπουδὴν
1554 1613 1758 1681 ἔχοντες
1799 1612 2000 1678 πολλὴν

270 1720 296 1753 2
334 1697 516 1752 πάντες
558 1697 980 1762 Πελοποννήσιοι,
1023 1699 1107 1750 καί
1139 1705 1237 1765 σφι
1277 1696 1338 1762 ἧν
1377 1696 1499 1764 πρὸς
1538 1696 1723 1754 τέλεῖ.,
1762 1696 1863 1750 οὐδ’
1899 1697 1999 1766 ἔχω

336 1784 492 1835 εἰπεῖν
532 1781 588 1834 τὸ
626 1784 783 1834 αἴτιον
824 1782 886 1834 δι’
917 1782 946 1832 ὅ
974 1803 1020 1834 τι
1062 1781 1363 1847 ἀπικομένου
1404 1784 1496 1847 μὲν
1538 1779 1874 1848 Ἀλεξάνδρου
1912 1786 2001 1834 τοῦ
2026 1803 2077 1837 20

337 1868 628 1920 Μακεδόνος
672 1868 722 1920 ἐς
767 1865 981 1931 Ἀθήνας
1035 1866 1259 1931 σπουδὴν
1302 1865 1530 1933 μεγάλην
1581 1864 1883 1931 ἐποιήσαντο
1932 1866 2000 1931 μὴ

333 1953 541 2016 μηδίσαι
589 1951 896 2015 Ἀθηναίους,
948 1951 1061 2002 τότε
1113 1953 1166 2003 δὲ
1218 1951 1349 2017 ὤρην
1402 1948 1705 2014 ἐποιήσαντο
1752 1949 1996 2016 οὐδεμίαν,

334 2034 464 2087 ἄλλο
495 2058 553 2102 γε
581 2031 611 2099 ἢ
644 2037 718 2087 ὅτι
749 2036 775 2086 ὃ
807 2035 1008 2100 Ἰσθμός
1040 2042 1139 2103 σφι
1171 2036 1478 2103 ἐτετείχιστο
1512 2033 1590 2085 καὶ
1622 2035 1820 2087 ἐδόκεον
1850 2034 1998 2099 Ἀθη-

336 2121 487 2171 ναίων
519 2121 591 2172 ἔτι
622 2119 823 2172 δέεσθαι
852 2119 1011 2171 οὐδέν·
1058 2120 1141 2172 ὅτε
1165 2121 1217 2171 δὲ
1252 2117 1582 2185 Ἀλέξανδρος
1613 2119 1814 2186 ἀπίκετο
1837 2120 1888 2172 ἐς
1910 2118 2001 2183 τὴν

335 2203 582 2268 Ἀττικήν,
615 2204 742 2256 οὔκω
773 2204 1169 2272 ἀπετετείχιστο,
1198 2202 1462 2270 ἐργάζοντο
1486 2206 1540 2255 δὲ
1561 2202 1792 2270 μεγάλως
1822 2223 1997 2269 καταρ-
2025 2223 2074 2264 25

262 2304 297 2351 9
335 2289 607 2354 ρωδηκότες
645 2287 760 2342 τοὺς
795 2286 1016 2354 Πέρσας.
1090 2286 1237 2341 τέλος
1279 2290 1332 2339 δὲ
1375 2289 1462 2351 τῆς
1497 2309 1551 2338 τε
1591 2287 1879 2354 ὑποκρίσιος
1920 2287 2000 2340 καὶ

336 2369 508 2435 ἐξόδου
538 2377 637 2424 τῶν
669 2371 1016 2438 Σπαρτιητέων
1044 2370 1244 2444 ἐγένετο
1274 2371 1456 2437 τρόπος
1487 2371 1700 2423 τοιόσδε·
1744 2372 1803 2443 τῇ
1823 2392 1998 2439 προτε-

396 2522 414 2548 Ι
448 2510 514 2551 ἀπ’
535 2508 687 2561 ἡμέων]
709 2508 905 2563 ἡμέτερον
927 2509 961 2548 Ρ
1103 2523 1129 2548 2
1159 2509 1381 2559 ἀκίβδηλον
1402 2510 1467 2550 ἐὸν
1487 2509 1520 2548 C
1536 2508 1570 2547 P
1720 2522 1746 2559 4
1777 2507 1939 2562 ἐξέμαθε
1960 2508 2001 2547 R

336 2576 362 2614 5
391 2565 456 2606 καὶ
481 2565 543 2605 ὅτι
571 2566 608 2604 R
624 2564 706 2603 SV
807 2562 910 2618 (τὸ)
930 2565 992 2605 διὰ
1015 2564 1136 2604 Stein
1263 2578 1284 2613 7
1316 2565 1388 2604 τὸν
1409 2562 1569 2617 Πέρσην
1589 2563 1670 2603 del.
1691 2562 1915 2613 Krueger:
1943 2568 2000 2616 τῷ

337 2618 473 2673 Πέρσῃ
496 2619 658 2658 Reiske
782 2619 808 2656 8
837 2637 882 2659 τε
905 2632 985 2658 om.
1011 2619 1045 2657 C
1170 2632 1198 2668 9
1226 2617 1572 2672 προσβαλόνταΑ
1588 2617 1621 2655 Β
1643 2632 1652 2656 :
1681 2617 2000 2671 προσβάλλοντα

339 2673 399 2711 C:
428 2686 482 2712 an
503 2672 842 2726 προεσβαλόνταῖῑ
875 2674 996 2713 Stein
1186 2686 1232 2711 12
1259 2675 1341 2714 ἐπεὶ
1362 2673 1397 2712 C
1562 2705 1564 2707 v
1601 2684 1649 2721 13
1680 2671 2000 2721 ἐπιτηδέστατόν

340 2728 379 2766 R
397 2727 427 2766 S
441 2727 501 2768 V:
533 2727 731 2769 —ea'rroerdv
752 2728 785 2767 C
802 2728 834 2766 Ρ
1048 2740 1095 2777 14
1124 2726 1382 2779 μαχέσασθαι
1402 2726 1442 2764 Α
1456 2726 1490 2765 Β
1504 2726 1537 2764 C
1554 2725 1587 2764 P
1716 2727 1790 2779 ἄρα
1809 2738 1889 2766 om.
1915 2725 1999 2764 SV

343 2794 391 2832 15
421 2781 669 2829 ἀνεβάλοντο
691 2782 725 2820 C
742 2783 775 2820 P
789 2782 827 2820 R
841 2783 879 2822 V
1043 2783 1319 2835 ὑποκρίνεσθαι
1340 2781 1380 2819 Α
1394 2781 1428 2820 Β
1657 2794 1711 2819 20
1734 2781 1838 2821 εἶπαι
1862 2782 1900 2819 R
1917 2780 1948 2819 S
1962 2778 1999 2818 V

338 2850 391 2874 22
432 2835 521 2877 οὐδὲ
553 2837 650 2886 μίην
685 2837 725 2875 R
747 2837 777 2875 S
797 2837 836 2875 V
1027 2849 1077 2885 24
1124 2840 1276 2877 δεῖσθαι
1308 2835 1349 2873 Α
1370 2835 1405 2873 Β
1427 2836 1461 2874 C
1484 2835 1518 2874 P
1653 2834 1813 2876 οὐδενός
1847 2834 1887 2872 R
1910 2834 1940 2874 S
1960 2833 1999 2873 V

338 2894 360 2930 ὁ
380 2890 640 2944 Ἀλέξανδρος
662 2891 695 2930 C
712 2891 745 2928 P

1832 2963 1850 2972 s
