2132 3340
118 55 204 105 IX.
232 58 305 117 69

965 53 1011 99 H
1032 52 1393 100 ΡΟΔΟΤΟὙ

345 184 510 252 σφέας
554 187 599 237 οἱ
646 183 892 247 Θηβαίων
945 182 1149 235 ἱππόται
1200 181 1549 250 ἐπειγομένους
1596 181 1771 234 οὐδένα
1815 184 2005 249 κόσμον

343 269 561 334 ἤλαυνον
587 267 663 319 ἐπ’
687 267 863 320 αὐτοὺς
885 266 998 320 τοὺς
1029 268 1225 326 ἵππους,
1245 271 1347 319 ,τῶν
1372 265 1618 334 ἱππάρχεε
1641 267 2004 334 Ἀσωπόδωρος

345 355 372 403 ὁ
406 352 702 418 Τιμάνδρου.
791 344 1097 404 ἐσπεσόντες
1133 353 1187 403 δὲ
1225 352 1591 417 κατεστόρεσαν
1630 351 1790 403 αὐτῶν
1830 350 1999 416 ἑξακο-

347 438 500 495 σίους,
533 436 646 489 τοὺς
677 438 729 487 δὲ
764 436 971 488 λοιποὺς
1007 434 1285 502 κατήραξαν
1322 435 1583 488 διώκοντες
1619 431 1683 488 ἐς
1705 439 1792 487 τὸν
1828 439 2009 488 Κιθαι-.

345 526 493 588 ρῶνα.
582 519 716 571 οὗτοι
734 522 824 584 μὲν
844 518 900 583 δὴ
923 521 975 571 ἐν
996 518 1154 571 οὐδενὶ
1177 519 1314 589 λόγῳ
1340 520 1619 571 ἀπώλοντο·
1667 521 1713 570 οἱ
1734 522 1787 571 δὲ
1806 518 2003 586 Πέρσαι
2025 542 2049 584 5

347 605 426 656 καὶ
467 606 492 655 ὁ
535 603 691 657 ἄλλος
731 604 919 668 ὅμιλος,
962 603 1026 657 ὡς
1067 602 1440 674 κατέφυγον,ε’ς
1480 607 1536 655 τὸ
1577 601 1779 668 ξύλινον
1817 608 2001 672 τεῖχος,

345 690 577 755 ἔφθησαν
606 688 687 741 ἐπὶ
717 688 830 741 τοὺς
860 687 1075 755 πύργους
1105 686 1384 753 ἀναβάντες
1413 688 1530 754 πρὶν
1559 683 1589 751 ἢ
1619 687 1732 741 τοὺς
1760 690 2000 740 Λακεδαι-

344 774 543 839 μονίους
587 771 869 831 ἀπικέσθαι,
913 770 1194 837 ἀναβάντες
1238 774 1292 823 δὲ
1335 768 1615 838 ἐφράξαντο
1660 771 1725 825 ὡς
1768 771 2003 836 ἠδυνέατο

345 857 528 923 ἄριστα
570 856 628 908 τὸ
671 861 853 924 τεῖχος.
941 856 1327 922 προσελθόντων
1369 858 1421 907 δὲ
1465 855 1564 907 τῶν
1605 857 2003 921 Λακεδαιμονίων

347 939 644 1005 κατεστήκεέ
675 946 772 1007 σφι
807 941 1103 1008 τειχομαχίη
1146 938 1561 1006 ἐρρωμενεστέρη.
1651 940 1743 993 ἕως
1780 942 1871 1005 μὲν
1908 942 2004 1008 γᾷρ
2030 962 2078 991 10

345 1027 548 1090 ἀπῆσαν
578 1028 623 1076 οἱ
646 1024 918 1088 Ἀθηναῖοι,
946 1026 991 1076 οἱ
1022 1024 1063 1074 δ’
1097 1024 1340 1089 ἠμύνοντο
1373 1025 1452 1075 καὶ
1483 1029 1655 1094 πολλῷ
1686 1023 1846 1076 πλέον.
1864 1023 2004 1092 εἶχον

344 1114 442 1160 τῶν
494 1108 892 1174 Λακεδαιμονίων
946 1108 1077 1159 ὥστε
1122 1107 1206 1158 οὐκ
1251 1106 1596 1172 ἐπισταμένων
1640 1107 2002 1176 τειχομαχέειν·

346 1193 411 1247 ὡς
451 1193 506 1244 δέ
547 1200 646 1260 σφι
682 1192 937 1257 Ἀθηναῖοι
977 1195 1287 1259 προσῆλθον,
1323 1193 1447 1242 οὕτω
1490 1192 1547 1256 δὴ
1591 1191 1770 1260 ἰσχυρὴ
1813 1194 2004 1259 ἐγίνετο

345 1278 640 1345 τειχομαχίη
675 1277 753 1328 καὶ
783 1276 965 1343 χρόνον
997 1276 1078 1328 ἐπὶ
1109 1277 1320 1328 πολλόν.
1393 1275 1538 1329 τέλος
1575 1278 1628 1327 δὲ
1663 1277 1811 1348 ἀρετῇ
1840 1298 1893 1328 τε
1925 1276 2003 1327 καὶ

345 1362 551 1432 λιπαρίῃ
583 1360 844 1425 ἐπέβησαν
875 1359 1130 1424 Ἀθηναῖοι
1162 1365 1247 1410 τοῦ
1277 1360 1467 1427 τείχεος
1509 1361 1587 1411 καὶ
1623 1359 1819 1426 ἤριπον,
1852 1367 1913 1433 τῇ
1943 1360 2002 1425 δὴ
2032 1383 2077 1423 ¹5

346 1444 613 1513 ἐσεχέοντο
636 1447 681 1497 οἱ
702 1443 969 1509 “Ελληνες.
1058 1449 1243 1511 πρῶτοι
1274 1447 1325 1496 δὲ
1349 1446 1567 1508 ἐσῆλθον
1590 1447 1837 1510 Τεγεῆται
1867 1446 1917 1498 ἐς
1945 1443 2004 1496 τὸ

344 1534 526 1597 τεῖχος,
561 1529 640 1580 καὶ
670 1528 760 1593 τὴν
792 1527 979 1593 σκηνὴν
1010 1527 1099 1592 τὴν
1132 1529 1416 1594 Μαρδονίου
1447 1528 1581 1579 οὗτοι
1623 1526 1752 1592 ἦσαν
1784 1531 1830 1580 οἱ
1866 1531 1999 1595 διαρ-

344 1613 612 1672 πάσαντες,
646 1612 707 1665 τά
736 1634 790 1664 τε
819 1612 955 1664 ἄλλα
987 1611 1045 1676 ἐξ
1071 1613 1219 1677 αὐτῆς
1253 1612 1330 1663 καὶ
1360 1611 1449 1676 τὴν
1482 1610 1676 1679 φάτνην
1699 1617 1796 1664 τῶν
1819 1613 1999 1671 ἵππων,

347 1700 527 1750 ἐοῦσαν
558 1697 779 1766 χαλκέην
804 1700 974 1748 πᾶσαν
999 1697 1076 1748 καὶ
1101 1696 1215 1761 θέης
1240 1695 1398 1761 ἀξίην.
1473 1696 1561 1761 τὴν
1584 1695 1675 1761 μέν
1699 1717 1786 1748 νυν
1810 1696 2004 1764 φάτνην

344 1782 525 1846 ταύτην
565 1782 653 1846 τὴν
700 1782 986 1847 Μαρδονίου
1030 1779 1276 1832 ἀνέθεσαν
1318 1782 1368 1834 ἐς
1412 1780 1498 1832 τὸν
1543 1780 1661 1845 νηὸν
1702 1784 1789 1845 τῆς
1823 1770 2004 1846 Ἀλέης
2030 1804 2080 1831 20

345 1866 609 1931 Ἀθηναίης
637 1868 898 1932 Τεγεῆται,
924 1867 986 1916 τὰ
1016 1868 1068 1916 δὲ
1099 1864 1233 1916 ἄλλα
1263 1867 1313 1918 ἐς
1345 1864 1515 1923 τώυτό,
1542 1866 1640 1915 ὅσα
1671 1886 1762 1931 περ
1794 1864 2000 1930 ἔλαβον,

347 1949 611 2015 ἐσήνεικαν
647 1955 781 2002 τοῖσι
802 1948 1045 2013 ’Έλλησα
1123 1951 1168 2001 οἶ
1200 1952 1251 2001 δὲ
1275 1948 1529 2016 βάρβαροι
1555 1950 1696 2000 οὐδὲν
1721 1948 1792 2000 ἔτι
1823 1954 2004 2016 στῖφος

346 2033 649 2098 ἐποιήσαντο
694 2034 938 2086 πεσόντος
981 2037 1066 2084 τοῦ
1110 2034 1318 2101 τείχεος,
1368 2033 1479 2084 οὔτε
1521 2054 1595 2086 τις
1647 2032 1805 2084 αὐτῶν
1849 2034 2003 2096 ἀλκῆς

347 2117 607 2183 ἐμέμνητο,
640 2117 910 2188 ἀλῄὲταζόν
941 2138 995 2168 τε
1025 2117 1104 2167 οἵα
1133 2119 1187 2168 ἐν
1211 2118 1364 2185 ὀλίγῳ
1395 2117 1540 2185 χώρῳ
1572 2116 1920 2184 πεφοβημένοι
1949 2137 2002 2168 τε

349 2203 427 2253 καὶ
474 2202 660 2253 πολλαὶ
706 2200 934 2268 μυριάδες
985 2200 1330 2265 κατειλημέναι
1379 2200 1666 2267 ἀνθρώπων.
1753 2204 1913 2267 παρῆν
1949 2222 2003 2252 τε
2030 2222 2077 2262 25

346 2290 483 2337 τοῖσι
522 2284 749 2349 “Ελλησι
801 2284 1033 2351 φονεύειν
1084 2286 1208 2336 οὕτω
1267 2285 1397 2335 ὥστε
1449 2282 1709 2350 τριήκοντα
1740 2283 2002 2350 ,μυριάδων

349 2374 579 2435 στρατοῦ,
631 2366 1002 2420 καταδεουσέων
1060 2367 1316 2434 τεσσέρων
1367 2369 1454 2420 τὰς
1514 2368 1644 2434 ἔχων
1695 2367 2003 2434 Ἀρτάβαζος
2060 2409 2063 2410 ⁷

348 2453 546 2520 ἔφευγε,
591 2457 689 2503 τῶν
738 2451 956 2504 λοιπέων
1006 2454 1128 2516 μηδὲ
1178 2458 1308 2518 τρεῖς
1354 2451 1585 2519 χιλιάδας
1637 2450 1999 2518 περιγενέσθαι.

355 2538 751 2602 Λακεδαιμονίων
788 2538 841 2587 δὲ
876 2540 974 2586 τῶν
1005 2537 1058 2585 ἐκ
1100 2535 1328 2602 Σπάρτης
1365 2534 1610 2586 ἀπέθανον
1649 2537 1695 2587 οἱ
1731 2534 1912 2588 πάντες
1947 2535 2003 2586 ἐν

407 2687 425 2713 1
457 2679 540 2716 τῶν
563 2674 752 2723 Θηβαίων
772 2674 810 2713 Α
825 2674 859 2712 Β
876 2674 909 2713 C
925 2674 958 2712 P
1123 2687 1148 2724 3
1179 2675 1489 2727 κατεστῶρεσαν
1511 2674 1544 2712 Β
1727 2675 1753 2712 8
1785 2672 2003 2726 ἐφράξαντο

350 2729 390 2767 R
406 2728 436 2768 S
448 2730 486 2767 V
704 2742 731 2779 9
760 2729 976 2777 Ἀθηναίων
1001 2729 1121 2767 Stein
1292 2742 1307 2767 1
1321 2741 1336 2766 1
1370 2729 1547 2777 ἐπήεσαν
1571 2728 1608 2766 R
1625 2728 1654 2766 S
1668 2727 1706 2766 V
1814 2729 1895 2768 οἵδε
1914 2726 1952 2765 R
1965 2727 2004 2766 V

352 2795 400 2833 15
429 2785 591 2836 ἤρειπον
610 2784 663 2822 V¹
832 2796 877 2831 17
908 2783 978 2823 alt.
1004 2783 1098 2835 τὴν]
1122 2786 1194 2823 τοῦ
1216 2782 1255 2819 R
1271 2782 1351 2821 SV
1505 2795 1558 2820 22
1588 2782 1846 2830 ἐσηνείκαντο
1869 2782 1906 2820 R
1921 2781 2021 2820 SV>

350 2838 494 2888 στίφος
517 2837 603 2876 RV
730 2850 781 2887 23
811 2837 904 2878 οὐδέ
923 2838 1044 2876 Stein
1170 2849 1222 2885 24
1253 2837 1384 2890 χρόνῳ
1405 2835 1454 2874 C¹
1473 2837 1511 2874 R
1527 2836 1556 2874 S
1571 2837 1608 2875 V
1732 2848 1784 2886 25
1814 2845 2002 2884 κατειλη-

347 2894 461 2942 μέναι
499 2892 532 2930 Ρ
552 2905 562 2930 :
609 2891 924 2943 κατειλλημέναι
954 2892 993 2930 V
1013 2907 1023 2931 ι
1071 2889 1412 2940 κατειλλημμέναι
1446 2891 1485 2928 R
1503 2905 1511 2927 t
1556 2890 1867 2941 κατειλημμένοι
1906 2890 1996 2930 rell.

349 2948 404 2984 26
429 2947 647 3000 μυριαδέων
668 2947 702 2986 C
870 2948 922 2984 28
951 2951 1104 2987 λοιπῶν
1124 2946 1157 2984 C
1175 2945 1212 2982 R
1229 2945 1258 2984 S
1272 2945 1310 2983 V
1419 2945 1609 2995 χιλιᾶδης
1634 2944 1723 2982 RV
