2132 3340
60 82 171 131 VII.
197 80 289 142 103

184 1827 277 1876 104

0 2045 277 2117 ›Rhama-2

945 52 1375 128 ΗΡοΔοτοτ

331 212 526 277 δίζημαι
564 213 722 263 εἴκοσι
760 210 886 263 εἶναι
926 210 1176 277 ἀντάξιον·
1238 208 1319 264 καὶ
1357 212 1484 264 οὕτω
1517 215 1610 280 μὲν
1646 212 1826 281 ὀρθοῖτ’
1866 212 1928 267 ἂν
1963 216 1991 268 ὅ

329 297 481 363 λόγος
511 298 537 346 ὁ
568 298 702 362 παρὰ
739 301 830 348 σεῦ
864 295 1135 363 εἰρημένος.
1227 298 1269 349 εἰ
1300 299 1354 350 δὲ
1383 298 1602 350 τοιοῦτοί
1627 319 1684 351 τε
1712 299 1878 353 ἐόντες
1910 300 1988 352 καὶ

328 379 548 448 μεγάθεα
590 385 838 441 τοσοῦτοι,
886 381 1002 433 ὅσοι
1049 381 1116 433 σύ
1161 403 1217 436 τε
1261 381 1343 434 καὶ
1388 382 1435 434 οἳ
1478 381 1594 450 παρ’
1639 383 1726 448 ἐμὲ
1772 387 1988 450 φοιτῶσι

328 463 591 529 Ἑλλήνων
621 466 672 518 ἐς
701 466 901 532 λόγους,
934 465 1142 535 αὐχέετε
1170 470 1430 526 τοσοῦτον,
1461 467 1554 534 ὅρα
1580 465 1648 532 μὴ
1678 464 1838 533 μάτην
1867 462 2002 534 κόμ-’

329 570 420 602 πος
458 549 484 599 ὁ
519 549 674 616 λόγος
710 549 855 604 οὗτος
896 549 1153 617 εἰρημένος
1186 549 1235 623 ᾗ.
1325 549 1435 603 ἐπεὶ
1470 548 1595 618 φέρε
1622 551 1710 603 ἴδω
1741 551 1889 603 παντὶ
1918 556 1985 622 τῷ
2011 577 2034 617 5

326 634 498 685 οἰκότι·
554 638 647 687 κῶς
676 632 737 685 ἂν
769 636 999 686 δυναίατο
1028 637 1187 703 χίλιοι
1209 630 1240 700 ἢ
1265 634 1345 687 καὶ
1365 630 1580 702 μύριοιῆ
1606 635 1686 687 καὶ
1718 655 1984 687 πεντακισ-

324 718 503 784 μύριοι,
538 719 703 771 ἐόντες
737 740 798 787 γε
834 719 1086 785 ἐλεύθεροι
1121 718 1303 772 πάντες
1341 719 1522 784 ὁμοίως
1556 719 1636 771 καὶ
1664 717 1732 785 μὴ
1762 717 1844 772 ὑπ’
1874 717 1986 774 ἐνὸς

327 803 611 870 ἀρχόμενοι,
659 808 857 873 στρατῷ
905 807 1096 873 τοσῷδε
1140 804 1455 869 ἀντιστῆναι,·
1509 803 1622 856 ἐπεί
1658 824 1735 855 τοι
1777 806 1986 859 πλεῦνες

325 887 437 954 περὶ
467 887 554 938 ἕνα
590 887 805 939 ἕκαστον
840 888 1082 955 γινόμεθα
1116 883 1147 952 ἢ
1182 889 1357 957 χίλιοι,
1391 887 1575 940 ἐόντων
1606 887 1807 940 ἐκείνων
1835 887 1985 941 πέντε

324 970 581 1038 χιλιάδων.
668 973 765 1023 ὑπὸ
799 974 891 1038 μὲν
931 974 1026 1040 γὰρ
1065 971 1175 1025 ἑνὸς
1212 972 1481 1040 ἀρχόμενοι
1518 973 1642 1023 κατὰ
1676 972 1862 1039 τρόπον
1897 972 1985 1025 τὸν
2011 997 2059 1027 10

322 1054 561 1123 ἡμέτερον
605 1055 819 1123 γενοίατ’
871 1054 932 1108 ἂν
984 1058 1318 1122 δειμαίνοντες
1369 1060 1543 1108 τοῦτον
1595 1056 1674 1109 καὶ
1718 1058 1851 1125 παρὰ
1894 1056 1985 1122 τὴν

324 1142 519 1192 ἑωυτῶν
560 1140 720 1207 φύσιν
760 1141 1018 1206 ἀμείνονες
1063 1142 1142 1194 καὶ
1185 1142 1309 1194 ἴοιεν
1350 1141 1740 1208 ἀναγκαζόμενοι
1776 1139 1983 1210 μάστιγι

323 1226 373 1276 ἐς
404 1229 620 1278 πλεῦνας
649 1223 929 1278 ἐλάσσονες
959 1225 1144 1278 ἐόντες·
1192 1223 1441 1291 ἀνειμένοι
1471 1227 1524 1277 δὲ
1555 1226 1606 1280 ἐς
1634 1224 1691 1278 τὸ
1721 1225 1984 1293 ἐλεύθερον

323 1308 410 1360 οὐκ
453 1308 514 1361 ἂν
558 1308 775 1362 ποιέοιεν
817 1309 1003 1361 τούτων
1047 1309 1294 1377 οὐδέτερα.
1384 1308 1538 1361 δοκέω
1590 1311 1646 1362 δὲ
1694 1310 1854 1377 ἔγωγε
1905 1310 1983 1362 καὶ

321 1392 657 1448 ἀνισωθέντας
692 1393 873 1459 πλήθεϊ
915 1399 1152 1463 χαλεπῶς
1194 1389 1255 1446 ἂν
1291 1392 1551 1458 “Ελληνας
1588 1392 1822 1466 Πέρσῃσι
1859 1394 1979 1459 μού-
2010 1417 2054 1457 ¹5

322 1498 460 1529 νοισι
512 1477 781 1546 μάχεσθαι.
870 1480 1006 1531 ἀλλὰ
1055 1477 1170 1545 παρ’
1220 1478 1338 1544 ἡμῖν
1389 1474 1499 1543 [μὲν
1549 1473 1797 1544 μούνοισι]
1838 1479 1983 1530 τοῦτό

321 1563 432 1614 ἐστι
470 1561 529 1613 τὸ
569 1562 634 1615 σὺ
671 1561 854 1630 λέγεις,
895 1562 1008 1614 ἔστι
1043 1584 1103 1629 γε
1134 1561 1306 1628 μέντοι
1342 1563 1398 1614 οὐ
1433 1561 1626 1614 πολλὸν
1667 1563 1803 1614 ἀλλὰ
1847 1561 1981 1614 σπά-Γ

319 1667 440 1698 νιον·
505 1647 603 1698 εἰσὶ
639 1649 734 1714 γὰρ
771 1646 1014 1713 Περσέων
1050 1652 1148 1698 τῶν
1184 1648 1316 1712 ἐμῶν
1352 1646 1680 1715 αἰχμοφόρων
1720 1645 1766 1698 οἳ
1804 1644 1976 1711 ἐθελή-

321 1752 471 1781 σουσι
501 1729 762 1796 Ἑλλήνων
794 1730 1003 1797 ἀνδράσι
1033 1730 1168 1798 τρισὶ
1198 1731 1318 1796 ὁμοῦ
1347 1729 1616 1798 μάχεσθαι·
1661 1735 1760 1782 τῶν
1790 1729 1855 1782 σὺ
1884 1730 1980 1782 ἐὼν

318 1814 518 1881 ἄπειρος
554 1817 724 1867 πολλὰ
760 1813 1042 1882 φλυηρέεις.
1131 1814 1253 1881 πρὸς
1296 1818 1448 1866 ταῦτα
1492 1812 1788 1881 Δημάρητος
1820 1812 1978 1882 λέγει·
2005 1836 2061 1864 πο

309 1897 383 1949 Ω
412 1903 648 1963 βασιλεῦ,
683 1900 898 1967 ἀρχῆθεν
934 1898 1220 1964 ἠπιστάμην
1257 1899 1335 1950 ὅτι
1372 1898 1580 1970 ἀληθείῃ
1610 1898 1891 1967 χρεώμενος
1921 1899 1979 1950 οὐ

317 1984 446 2049 φίλα
475 2005 552 2035 τοι
581 1982 719 2050 ἐρέω.
810 1983 873 2035 σὺ
912 1985 966 2035 δὲ
1003 1983 1111 2035 ἐπεὶ
1147 1982 1436 2050 ἠνάγκασας
1471 1981 1641 2049 λέγειν
1675 1984 1776 2034 τῶν
1809 1983 1981 2050 λόγων

316 2067 430 2121 τοὺς
451 2066 839 2132 ἀληθεστάτους,
867 2067 1047 2135 ἔλεγον
1070 2069 1131 2119 τὰ
1115 2065 1430 2134 κατήκοντα
1455 2064 1810 2170 Σπαρτιήτῃσι.
1872 2067 1976 2119 καί·

0 2148 449 2203 aewwuffrot‘
424 2173 488 2205 ως
520 2152 617 2220 ἐγὼ
647 2151 878 2221 τυγχάνω
915 2154 977 2203 τὰ
1014 2156 1101 2204 νῦν
1136 2150 1254 2203 τάδε
1284 2151 1536 2218 ἐστοργὼς
1567 2151 1797 2210 ἐκείνους,
1830 2150 1978 2205 αὐτὸς

0 2214 220 2252 nec-zm»

313 2235 539 2301 μάλιστα
576 2235 874 2301 ἐξεπίστεαι,
915 2237 967 2288 οἵ
998 2258 1060 2302 με
1097 2234 1243 2301 τιμήν
1279 2256 1333 2288 τε
1375 2235 1455 2287 καὶ
1491 2233 1641 2302 γέρεα
1678 2235 1978 2302 ἀπελόμενοι
2001 2255 2049 2296 ²5

373 2387 390 2412 1
423 2372 626 2426 ἀντάξιον]
649 2374 800 2415 δίκαιον
823 2373 862 2412 R
878 2373 907 2412 S
921 2373 959 2412 V
1096 2373 1251 2426 ὄρθοῖτο
1272 2375 1294 2413 ὃ
1313 2371 1438 2425 λόγος
1459 2372 1564 2426 παρὰ
1584 2370 1624 2410 R
1639 2371 1670 2411 S
1683 2371 1722 2411 V
1849 2385 1875 2411 2
1905 2371 1978 2414 σέο

313 2428 535 2482 λεγόμενος
555 2428 594 2466 Α
609 2428 644 2466 Β
657 2428 691 2467 C
874 2441 900 2478 3
931 2427 1011 2470 οἶος
1033 2428 1073 2467 R
1089 2427 1119 2466 S
1132 2428 1171 2466 V
1293 2444 1341 2467 τε
1362 2439 1442 2466 om.
1469 2426 1507 2465 A
1522 2426 1556 2465 B
1572 2427 1606 2466 C
1732 2427 1817 2478 ἐμοὶ
1840 2426 1879 2465 R
1894 2426 1924 2465 S
1937 2425 1978 2467 V

314 2498 339 2533 4
370 2486 537 2534 αὐχεῖτε
561 2484 593 2521 L
759 2495 784 2532 5
812 2482 859 2534 ᾖ]
883 2486 943 2531 εἵη
963 2482 1005 2521 Α
1021 2482 1055 2521 Β
1071 2483 1104 2522 C
1121 2482 1154 2521 P
1264 2483 1313 2522 τὸ
1344 2481 1382 2519 R
1546 2483 1574 2520 6
1604 2480 1728 2528 εἰκότι
1750 2481 1782 2521 S
1891 2486 1975 2524 πῶς

317 2538 453 2577 RSV
578 2540 626 2579 ἂν
647 2552 726 2578 om.
750 2537 937 2577 ABCP
1061 2534 1385 2578 δυνέατοΑΒΟ
1508 2538 1572 2577 καὶ
1598 2549 1679 2575 om.
1706 2536 1740 2574 C
1862 2536 1975 2585 ἢκαὶ

314 2609 555 2644 πεντακισμ.
579 2606 660 2632 om.
687 2593 727 2630 R
743 2592 773 2632 S
789 2591 828 2630 V
1006 2605 1028 2641 7
1061 2591 1195 2632 ἐόντες
1216 2590 1260 2632 δὲ
1280 2589 1428 2632 πάντες
1454 2590 1580 2631 ἐλεύθ.
1606 2590 1640 2628 C
1815 2603 1843 2640 9
1871 2606 1927 2631 πα
1951 2593 1974 2631 ὰ

314 2647 581 2686 Valckenaer
771 2659 821 2685 10
850 2645 1072 2697 ἀρχόμενος
1095 2646 1186 2685 RV
1372 2657 1501 2694 12-13
1528 2644 1700 2697 μάστιγι
1720 2648 1894 2686 πλεῦνας
1966 2660 1974 2685 :

313 2702 535 2754 μαστιγέες
565 2705 736 2743 πλεῦνες
778 2702 816 2740 R
840 2701 870 2739 S
892 2701 930 2738 V
1128 2713 1175 2750 13
1218 2699 1264 2741 τὲ
1301 2699 1340 2737 R
1359 2698 1389 2738 S
1406 2699 1444 2738 V
1573 2699 1798 2752 ἐλευθέριον
1830 2699 1869 2738 Α
1886 2699 1921 2738 Β
1940 2698 1974 2737 C

319 2769 367 2804 14
396 2755 566 2797 ποιέειεν
587 2756 622 2794 Β
644 2771 652 2796 :
682 2755 832 2797 ποιέειν
855 2755 893 2793 R
913 2756 943 2794 S
958 2755 996 2794 V
1149 2767 1197 2805 15
1227 2755 1276 2795 ὰν
1295 2753 1512 2796 ισωθέντας
1531 2754 1570 2792 Α
1587 2754 1622 2792 Β
1640 2754 1674 2792 Ρ
1823 2755 1872 2792 16
1897 2752 1974 2804 μὲν

313 2811 493 2861 μούνοισι
525 2823 605 2850 om.
635 2810 676 2848 A
693 2810 727 2848 Β
747 2810 780 2848 C
999 2822 1044 2859 17
1075 2809 1150 2860 μὲν
1178 2809 1218 2848 Α
1236 2809 1271 2847 Β
1288 2809 1322 2847 C
1487 2812 1652 2849 πολλῶν
1680 2821 1888 2859 suprascr.
1920 2806 1971 2847 C¹

321 2867 368 2904 18
397 2865 455 2916 οἳ]
478 2867 513 2906 εἰ
534 2865 571 2902 R
585 2865 623 2904 V
734 2864 953 2913 θελήσουσι
975 2863 1014 2901 Α
1028 2864 1062 2901 Β
1079 2864 1113 2902 C
1128 2864 1161 2902 P
1299 2877 1352 2902 20
1380 2865 1515 2904 πολλὰ
1537 2875 1618 2902 om.
1647 2863 1670 2900 d
1782 2865 1971 2917 φλυηρεῖς

318 2921 355 2959 R
372 2921 453 2960 SV
618 2932 671 2958 22
699 2920 792 2961 τοὺς
812 2920 962 2972 λόγους
984 2919 1023 2957 R
1039 2918 1118 2957 SV
1284 2931 1335 2971 2-4
1364 2920 1416 2958 τὰ
1437 2930 1518 2957 om.
1542 2918 1582 2955 A
1598 2916 1630 2955 Β
1649 2917 1681 2956 C
